3642 5350
804 383 869 444 Au.
891 383 962 443 1550
1445 384 1501 444 oto

259 529 478 594 desiderium
493 529 659 610 exprimit
673 529 718 594 de
733 529 904 594 concione
923 530 984 593 illa
1007 529 1053 593 ad
1074 531 1245 610 populum
1266 528 1443 606 habenda,
1459 541 1499 593 ut

261 639 319 700 sui
333 636 540 700 monasterii
561 637 795 716 indigentiam
818 638 1028 719 explicaret.
1053 636 1169 701 Cessit
1194 637 1243 702 illi
1268 637 1499 702 libentissime

215 811 217 814 ,
261 759 368 807 suum
383 744 500 807 locum
516 742 553 807 P.
568 742 780 809 Santander.

325 849 416 914 2346.
461 849 657 914 Monachus
672 851 781 931 igitur
795 851 896 915 initio
913 851 1097 915 concionis
1108 851 1226 933 coepit
1240 851 1371 932 populo
1386 852 1499 916 multa

261 957 383 1022 dicere
398 957 442 1022 de
458 955 587 1038 [Patris
601 957 801 1022 Santander
817 957 839 1039 ¹]
856 957 1066 1038 humilitate,
1079 958 1244 1023 doctrina
1259 966 1294 1022 et
1308 959 1344 1023 in
1357 958 1499 1023 concio-

262 1064 383 1129 nando
402 1063 623 1142 dexteritate,
649 1074 687 1128 ut
708 1082 779 1129 non
798 1064 929 1129 minori
952 1065 1153 1129 confusioni
1175 1065 1220 1144 ei,
1245 1066 1306 1146 qui
1327 1083 1500 1146 praesens

262 1172 400 1251 aderat,
417 1189 525 1253 quarn
540 1172 618 1235 aliis
633 1171 856 1237 audientibus
871 1165 1111 1237 aedificationi
1134 1183 1169 1237 et
1183 1172 1411 1237 admirationi
1426 1172 1500 1238 iue-

260 1281 321 1359 rit;
337 1279 433 1343 etita
444 1297 516 1344 non
527 1297 654 1360 parum
664 1280 889 1344 auctoritatis
903 1280 1021 1344 bonus
1034 1281 1093 1344 ille
1104 1281 1314 1361 monachuS,
1328 1281 1499 1345 beneficio

258 1396 297 1451 ct
311 1387 486 1451 charitate
500 1387 629 1466 victus,
646 1387 904 1451 concionaturo
922 1387 1107 1469 praedicto
1118 1386 1217 1452 Patri
1230 1405 1378 1469 parasse
1389 1389 1500 1453 credi-

262 1507 333 1574 tur;
350 1511 432 1558 narn
447 1512 585 1558 summa
605 1510 687 1558 cum
702 1495 897 1559 attentione
913 1494 990 1576 ejus
1009 1494 1201 1560 conciones
1217 1513 1239 1559 a
1253 1497 1384 1576 populo
1400 1496 1500 1560 audi-

260 1613 332 1680 tae,
348 1602 509 1666 tenacius
524 1601 700 1666 mentibus
712 1602 894 1666 hominum
909 1601 1126 1679 insederuut;
1140 1620 1207 1666 nec
1225 1620 1382 1683 unquam
1396 1611 1497 1667 tanta

263 1709 446 1774 bominum
470 1709 658 1773 multitudo
684 1709 730 1773 ad
755 1709 850 1773 illius
874 1709 1027 1773 hominis
1053 1711 1261 1774 concionem
1284 1709 1496 1775 audiendam

262 1824 486 1896 congregata
502 1833 657 1896 unquam
672 1817 781 1880 fuisse
796 1816 993 1881 dicebatur.
1278 1800 1280 1803 ¹

324 1923 416 1988 2347.
460 1923 576 1989 Rediit
597 1925 738 1988 demum
753 1923 1080 2004 Caesaraugustam
1106 1921 1157 2006 [P.
1177 1923 1412 2006 Santander],
1434 1925 1498 1989 sed

263 2048 392 2111 parurn
409 2029 537 2095 ibidem
553 2039 807 2111 commoratus,
820 2031 887 2094 sub
898 2031 1036 2094 initium
1048 2030 1264 2112 Septembris
1276 2048 1357 2094 cum
1367 2049 1439 2096 uno
1451 2048 1498 2096 ex

262 2138 534 2220 inquisitoribus
548 2139 593 2201 ad
609 2140 687 2202 loca
703 2138 966 2220 neophytorum
981 2138 1169 2203 invisenda
1184 2138 1365 2219 proiectus
1381 2150 1445 2216 est,
1463 2148 1498 2204 et

261 2263 325 2326 per
340 2256 413 2309 tres
427 2255 488 2309 aut
504 2255 656 2326 quatuor
670 2263 811 2310 menses
824 2247 860 2311 in
876 2264 919 2310 eo
933 2247 1077 2327 pietatis
1092 2263 1200 2328 opere
1222 2246 1372 2326 utiliter,
1389 2256 1427 2310 ut
1446 2248 1497 2311 in·

259 2353 371 2417 serius
386 2353 556 2432 dicemus,
573 2352 638 2416 suit
653 2363 860 2434 occupatus.

321 2459 412 2524 2348.
456 2460 653 2541 Cupiebant
669 2460 811 2542 quidem
823 2461 912 2525 alios
924 2479 969 2524 ex
981 2462 1113 2525 nostris
1124 2462 1298 2542 praedicti
1310 2462 1497 2543 Inquisito-

261 2587 332 2647 reS,
348 2578 387 2632 ut
405 2568 680 2632 Commissarios
695 2567 753 2633 S.ti
776 2569 868 2632 illius
888 2568 1013 2646 Officii,
1030 2587 1095 2633 sua
1116 2587 1197 2632 cum
1216 2569 1430 2634 auctoritate
1452 2571 1498 2633 ad

260 2678 332 2741 alia
347 2678 427 2741 loca
441 2676 629 2757 dimittere;
646 2677 709 2741 sed
725 2678 979 2758 occupationes
993 2677 1161 2741 assiduae
1182 2686 1217 2741 et
1232 2678 1396 2757 paucitas
1417 2696 1496 2760 ope·

260 2786 439 2851 rariorum
454 2794 673 2864 nostrorum,
690 2803 735 2848 ne
750 2786 785 2849 id
801 2787 986 2850 commode
1000 2784 1078 2849 fieri
1092 2794 1224 2866 posset,
1239 2785 1414 2848 obstabat.

322 2891 415 2956 2349.
459 2890 725 2973 Tranquilliora
744 2892 886 2956 interim
906 2894 1027 2956 omnia
1043 2890 1218 2956 Societati
1238 2910 1260 2955 a
1278 2890 1356 2956 Deo
1376 2892 1496 2957 redde-

260 3002 402 3080 bantur,
420 3008 454 3063 et
468 3001 592 3063 saltem
610 3000 749 3079 publice
764 3001 861 3064 nulla
876 3000 1066 3063 insolentia
1086 3000 1275 3081 quisquam
1289 3009 1415 3064 contra
1434 3010 1498 3065 eos

260 3109 440 3185 utebatur,
456 3107 550 3186 quod
563 3123 629 3187 pro
640 3106 814 3171 miraculo
826 3108 952 3172 baberi
962 3124 1079 3190 posse,
1093 3107 1215 3170 habita
1228 3107 1366 3171 ratione
1377 3125 1498 3173 rerum

265 3215 549 3299 praeteritarum,
568 3215 791 3279 censebatur.

261 3384 263 3391 ,
318 3320 409 3385 2350.
454 3322 554 3386 Unus
569 3331 688 3385 autem
704 3340 748 3385 ex
764 3324 909 3401 nostris,
928 3333 981 3387 ter
996 3324 1033 3387 in
1048 3322 1283 3403 hebdomada,
1297 3340 1496 3404 pauperum

260 3430 483 3494 infirmorum
497 3430 673 3511 hospitale
688 3430 869 3510 visitabat,
886 3440 921 3493 et
935 3448 1059 3495 eorum
1072 3431 1307 3496 consolationi
1318 3441 1353 3494 et
1364 3431 1497 3495 auxilio

259 3538 437 3618 spirituali
452 3538 642 3619 praecipue
659 3537 824 3617 vacabat,
852 3555 942 3618 quos
957 3539 1072 3618 magis
1091 3539 1253 3619 indigere
1276 3538 1498 3603 animadver-

261 3646 371 3709 tebat.
388 3644 445 3707 Ad
461 3646 622 3727 privatas
637 3645 745 3707 etiam
760 3646 1025 3723 aegrotantium
1041 3644 1167 3708 domos
1178 3646 1299 3709 vocati
1314 3645 1427 3709 nostri
1440 3661 1496 3707 ac·

261 3752 450 3830 cedebant,
472 3760 507 3815 et
526 3751 696 3832 paulatim
718 3752 754 3814 in
774 3750 960 3815 charitatis
982 3751 1222 3815 functionibus
1241 3751 1495 3832 procedebant,
1604 3817 1609 3827 ,

257 3860 376 3923 donec
389 3859 433 3923 ad
449 3858 586 3939 majora
599 3858 727 3922 ostium
740 3858 951 3939 aperiretur.

319 3966 411 4030 2351.
457 3964 691 4029 Obtinuerant
721 3966 975 4047 augustiniani,
1005 3975 1044 4031 ut
1071 3968 1269 4047 ferebatur,
1306 3967 1497 4048 quamdam

257 4075 465 4139 facultatem
489 4074 625 4137 Romae
650 4084 687 4136 ut
707 4081 850 4137 nostros
879 4084 1229 4155 caesaraugustanos
1254 4075 1495 4138 excommuni-

256 4192 359 4246 catos
374 4182 635 4260 denuntiarent;
652 4182 714 4245 sed
729 4166 869 4245 litterae
885 4182 985 4256 illae,
1002 4183 1123 4246 nescio
1140 4200 1209 4263 qua
1231 4183 1370 4246 ratione
1389 4184 1495 4263 impe-

257 4298 385 4369 tratae,
402 4290 438 4353 in
454 4290 580 4353 itinere
592 4289 784 4369 perierunt.
802 4289 884 4353 Ideo
896 4291 1048 4353 sollicite
1070 4289 1109 4353 P.
1123 4289 1261 4354 Roman
1279 4291 1495 4371 postulabat,

257 4408 295 4462 ut
311 4399 369 4461 vel
386 4396 580 4461 declaratio
606 4397 719 4461 nostri
741 4397 936 4478 privilegii,
960 4399 1018 4461 vel
1033 4400 1118 4462 novi
1138 4399 1341 4479 impetratio
1361 4397 1498 4462 Romae

304 4645 311 4674 ⁸
340 4640 462 4686 Litterae
472 4640 703 4695 Qrtanrrmesrres,
712 4648 732 4687 t.
743 4653 780 4699 tv,
792 4654 851 4699 pag.
862 4642 903 4687 462
913 4649 939 4686 et
949 4642 998 4685 ito.
