3642 5350
316 336 372 398 662
728 391 733 397 .
773 335 1088 410 ennoematice

318 483 516 550 Provinciis
537 493 610 549 tarn
630 501 765 568 paucos
783 502 863 549 esse
884 482 1076 566 professos,
1097 493 1135 547 ut
1153 480 1293 548 deesset
1311 480 1342 545 is
1362 495 1543 558 numerus,

318 593 378 673 qui
389 592 491 673 juxta
505 591 785 658 constitutiones
799 592 845 657 ad
859 592 1069 656 electionem
1082 589 1269 656 Generalis
1283 587 1474 654 convenire
1486 587 1545 651 de·

317 699 387 779 bet,
403 716 485 764 cum
497 709 617 765 tamen
631 699 669 764 P.
685 699 846 778 ignatius
859 699 906 764 ad
925 697 1063 780 aliquos
1081 697 1317 762 admittendos
1337 695 1543 760 facultatem

317 805 483 886 dedisset,
499 817 684 886 eteorum,
699 816 738 870 ut
754 807 920 888 superius
933 806 1115 886 attigimus
1131 803 1156 885 ⁸,
1174 805 1378 885 catalogum
1393 800 1467 884 J‘am
1481 802 1543 866 du·

317 914 400 981 dum
415 925 498 980 ante
512 915 580 980 hoc
594 924 734 996 tempus
748 915 958 995 accepisset,
974 913 1086 978 voluit
1100 913 1313 978 sententiam
1326 919 1541 987 nostrorum,

318 1038 361 1086 ac
376 1021 566 1103 praecipue
580 1021 618 1085 P.
633 1020 820 1086 Francisci
833 1021 999 1101 Borgiae,
1015 1019 1222 1101 intelligere,
1235 1035 1282 1082 an
1293 1018 1429 1082 scilicet
1440 1033 1542 1098 expe·

318 1129 393 1194 dire
407 1129 460 1194 eis
473 1128 666 1208 videretur,
681 1137 721 1193 ut
734 1128 797 1208 illi,
813 1128 873 1209 qui
884 1125 958 1208 jam
970 1126 1147 1207 designati
1157 1133 1271 1205 erant,
1287 1125 1545 1207 professionem

318 1236 529 1316 emitterent;
544 1245 580 1300 et
594 1235 694 1300 initio
708 1235 851 1318 quidem
865 1243 939 1299 tam
954 1233 992 1297 P.
1008 1233 1223 1298 Franciscus
1237 1249 1345 1314 quam
1355 1230 1394 1296 P.
1408 1230 1545 1298 Natalis

321 1343 488 1425 expedire
498 1342 716 1424 iudicabant,
732 1352 770 1407 ut
784 1359 908 1407 eorum
921 1341 1096 1423 professio
1111 1341 1157 1406 ad
1172 1341 1323 1422 primam
1342 1340 1544 1420 Congrega·

319 1451 452 1516 tionem
477 1449 691 1516 differretur.
717 1448 847 1514 Postea
874 1459 994 1516 tamen
1023 1450 1234 1515 sententiam
1264 1447 1302 1511 P.
1331 1447 1547 1512 Franciscus

318 1558 480 1634 mutavit,
493 1568 528 1622 et
539 1575 578 1622 re
588 1557 850 1622 communicata
857 1573 939 1621 cum
950 1555 1055 1621 Patre
1063 1558 1293 1622 Bustamante
1304 1564 1385 1636 post
1395 1555 1547 1619 reditum

320 1663 435 1728 Patris
448 1664 587 1730 Natalis
607 1664 645 1728 in
659 1663 809 1743 Italiam,
830 1681 912 1728 cum
929 1663 1065 1729 videret
1084 1683 1130 1729 ex
1149 1664 1272 1745 paucis
1297 1662 1467 1744 professis
1485 1663 1544 1726 ali·

318 1789 407 1852 quos
421 1789 500 1836 esse
522 1771 799 1836 valetudinarios
812 1781 849 1835 et
870 1774 930 1852 qui
949 1770 1088 1836 difficile
1112 1780 1258 1852 possent
1272 1770 1318 1834 ad
1342 1770 1545 1851 Congrega·

319 1879 452 1943 tionem
466 1879 650 1956 accedere,
666 1877 840 1942 sentiebat
858 1879 894 1942 iu
914 1878 1103 1943 Provincia
1125 1877 1302 1943 Casteliae
1320 1887 1357 1941 et
1381 1877 1546 1942 Baeticae

317 1987 454 2067 aliquos
475 1987 603 2051 saltem
623 2003 669 2050 ex
689 1985 886 2066 designatis
907 1985 953 2050 ad
975 1984 1233 2067 professionem
1251 1986 1390 2050 admitti
1404 1984 1543 2058 debere;

319 2109 384 2158 uec
399 2094 494 2158 enim
507 2093 616 2158 dilata
626 2093 744 2158 fuerat
754 2094 913 2173 ipsorum
924 2092 1099 2174 professio
1113 2094 1157 2157 ob
1172 2094 1315 2175 culpam
1326 2094 1497 2174 ipsorum,
1513 2102 1548 2156 et

318 2203 349 2266 si
363 2201 535 2282 suspicati
551 2199 700 2265 fuissent
714 2199 923 2280 Superiores
938 2209 1088 2265 mortem
1107 2199 1144 2266 P.
1162 2201 1307 2281 Ignatii,
1335 2199 1429 2265 haud
1443 2199 1547 2265 dubie

319 2310 409 2385 illos
425 2309 504 2389 ipso
519 2309 675 2386 vivente,
691 2308 738 2373 ad
752 2307 1010 2389 professionem
1030 2306 1266 2374 admisissent.

376 2413 468 2479 2848.
512 2414 759 2480 conditionem
774 2423 895 2478 tamen
913 2415 1005 2480 hanc
1020 2416 1220 2480 addendam
1241 2433 1320 2480 esse
1342 2416 1547 2496 censebant,

319 2533 358 2586 ut
384 2521 626 2604 inposterum
651 2539 834 2604 nunquam
858 2522 974 2602 fieret,
1000 2533 1040 2588 ut
1064 2533 1218 2588 vacante
1238 2524 1322 2589 sede
1350 2523 1547 2602 Generalis,

319 2629 506 2711 quisquam
520 2629 566 2695 ad
581 2629 841 2711 professionem
855 2629 1113 2711 admitteretur,
1131 2648 1175 2696 ne
1188 2632 1305 2713 aliqua
1318 2631 1462 2697 occasio
1477 2647 1548 2695 am*

317 2737 442 2803 bitioni
466 2746 529 2802 ant
553 2739 668 2803 errori
693 2737 849 2819 cuipiam
874 2737 1035 2819 daretur;
1062 2740 1126 2805 sed
1150 2748 1269 2805 tamen
1290 2740 1449 2806 securius
1471 2756 1549 2807 esse

321 2844 434 2909 visum
448 2854 513 2925 est,
530 2845 694 2910 omuibus
707 2844 954 2924 consideratis,
970 2854 1009 2909 ut
1023 2847 1109 2910 nulli
1124 2864 1166 2911 eo
1181 2858 1340 2929 tempore
1355 2850 1401 2913 ad
1415 2850 1549 2931 profes·

318 2950 455 3016 sionem
474 2951 761 3031 admitterentur,
782 2970 827 3016 ne
846 2953 1084 3032 periculosum
1104 2956 1257 3035 posteris
1275 2958 1476 3038 exemplum
1491 2956 1549 3021 da·

318 3065 415 3122 retur
435 3060 458 3122 ³.

377 3163 468 3229 2849.
513 3166 600 3230 Erat
615 3166 652 3230 in
667 3166 736 3231 hoc
752 3175 924 3231 autumno
938 3167 1121 3234 decretum
1136 3170 1317 3237 facultatis
1329 3172 1551 3253 theologicae

321 3272 526 3349 parisiensis
542 3283 615 3337 tam
629 3274 817 3353 vulgatum
833 3274 868 3338 in
880 3273 1065 3357 Hispania,
1081 3286 1119 3342 ut
1130 3280 1264 3359 passim
1274 3280 1310 3343 in
1322 3298 1383 3344 ore
1394 3280 1551 3345 omnium

319 3387 425 3454 esset,
435 3380 494 3459 qui
506 3397 680 3444 enervare
692 3397 734 3444 ea
747 3382 886 3445 ratione
895 3380 1085 3449 Societatis
1098 3394 1242 3450 nostrae
1254 3388 1551 3453 existimationem

319 3484 511 3565 cupiebant
524 3483 548 3546 ³.
560 3487 605 3551 Et
619 3488 668 3550 ita
681 3486 720 3551 P.
731 3487 948 3554 Franciscus
960 3508 1035 3555 rem
1050 3492 1096 3556 ad
1111 3492 1148 3556 P.
1163 3494 1350 3559 Vicarium
1365 3496 1500 3575 detulit,
1514 3506 1552 3560 ut

318 3590 466 3669 videret,
488 3611 584 3658 nunc
599 3595 745 3677 aliquod
759 3597 957 3662 remedium
971 3598 1212 3666 adhibendum
1232 3602 1314 3666 huic
1334 3605 1429 3668 malo
1444 3614 1548 3669 esset.

378 3696 469 3762 2850.
512 3700 590 3766 Hoc
606 3720 726 3767 mense
741 3701 888 3769 Octobri
902 3707 1083 3787 profectus
1099 3718 1152 3773 est
1167 3709 1205 3773 P.
1222 3710 1437 3775 Franciscus
1449 3712 1552 3777 Com·

320 3805 466 3885 plutum,
492 3807 553 3871 ubi
578 3808 743 3889 hyemem
766 3813 914 3892 exigere
937 3814 1163 3897 decreverat,
1188 3834 1255 3881 nec
1280 3836 1382 3884 suam
1407 3836 1553 3900 operam

319 3910 479 3977 inutilem
493 3914 570 3979 fore
589 3934 632 3980 ea
650 3915 688 3980 in
711 3918 955 3986 Universitate
976 3922 1230 3988 arbitrabatur.
1256 3923 1410 4007 Reliquit
1435 3937 1552 3991 autem

320 4017 518 4099 Collegium
542 4021 744 4089 Vallisoleti
764 4037 799 4090 et
819 4024 1103 4095 Salmanticense
1125 4033 1213 4095 satis
1233 4033 1405 4097 instructa
1432 4036 1554 4099 electis

320 4126 504 4205 operariis,
530 4146 615 4193 nam
641 4130 890 4198 Vallisoletum
914 4136 1010 4200 velut
1036 4138 1232 4217 emporium
1258 4150 1336 4204 erat
1363 4158 1553 4221 regnorum

321 4230 524 4313 Hispaniae,
539 4246 687 4317 propter
696 4236 872 4320 Principis
883 4244 1004 4307 curiae
1016 4262 1077 4308 seu
1091 4247 1330 4328 cancillariae,
1347 4248 1410 4324 (sic
1423 4258 1555 4314 vocant

327 4374 537 4387 *—

363 4441 369 4467 ¹
402 4438 469 4483 Vide
480 4453 567 4497 supra.
580 4455 639 4499 pag.
650 4445 686 4498 51,
696 4446 731 4499 52,
742 4458 767 4489 n.
779 4448 878 4492 lta-its.

362 4510 374 4539 ³
402 4510 470 4556 Vide
481 4524 569 4567 supra,
581 4527 641 4570 pag.
652 4516 687 4567 51,
698 4528 723 4561 n.
735 4517 782 4562 tt7.

363 4580 375 4611 ³
405 4582 592 4640 ttacumeaat.
