<?xml version="1.0" encoding="UTF-8"?>
<!DOCTYPE html PUBLIC "-//W3C//DTD XHTML 1.0 Transitional//EN"
    "http://www.w3.org/TR/xhtml1/DTD/xhtml1-transitional.dtd">
<html xmlns="http://www.w3.org/1999/xhtml" xml:lang="en" lang="en">
 <head>
  <title>
</title>
<meta http-equiv="Content-Type" content="text/html;charset=utf-8" />
  <meta name='ocr-system' content='tesseract 3.04.00' />
  <meta name='ocr-capabilities' content='ocr_page ocr_carea ocr_par ocr_line ocrx_word'/>
</head>
<body>
  <div class='ocr_page' id='page_1' title='image "./vitaignatiiloio00polagoog_0324.png"; bbox 0 0 3642 5350; ppageno 0'>
   <div class='ocr_carea' id='block_1_1' title="bbox 342 378 1115 465">
    <p class='ocr_par' dir='ltr' id='par_1_1' title="bbox 342 378 1115 465">
     <span class='ocr_line' id='line_1_1' title="bbox 342 378 1115 465; baseline -0.003 -18"><span class='ocrx_word' id='word_1_1' title='bbox 342 378 399 448; x_wconf 74' lang='lat' dir='ltr'><strong>uto</strong></span> <span class='ocrx_word' id='word_1_2' title='bbox 800 384 929 451; x_wconf 77' lang='lat' dir='ltr'><strong>Canon.</strong></span> <span class='ocrx_word' id='word_1_3' title='bbox 948 385 1026 450; x_wconf 68' lang='lat' dir='ltr'><strong>Soc:</strong></span> <span class='ocrx_word' id='word_1_4' title='bbox 1044 389 1115 465; x_wconf 78' lang='lat' dir='ltr'><strong>Jns.</strong></span> 
     </span>
    </p>
   </div>
   <div class='ocr_carea' id='block_1_2' title="bbox 274 530 1571 2761">
    <p class='ocr_par' dir='ltr' id='par_1_2' title="bbox 344 530 1569 725">
     <span class='ocr_line' id='line_1_2' title="bbox 344 530 1569 620; baseline 0 -22"><span class='ocrx_word' id='word_1_5' title='bbox 344 532 518 613; x_wconf 86' lang='lat' dir='ltr'><strong>Audalur‚</strong></span> <span class='ocrx_word' id='word_1_6' title='bbox 532 534 691 619; x_wconf 88' lang='lat' dir='ltr'><strong>Joannes</strong></span> <span class='ocrx_word' id='word_1_7' title='bbox 703 534 863 617; x_wconf 74' lang='lat' dir='ltr'><strong>Ignatim</strong></span> <span class='ocrx_word' id='word_1_8' title='bbox 877 544 914 601; x_wconf 89' lang='lat' dir='ltr'><strong>et</strong></span> <span class='ocrx_word' id='word_1_9' title='bbox 926 535 1085 620; x_wconf 86' lang='lat' dir='ltr'><strong>Joaunes</strong></span> <span class='ocrx_word' id='word_1_10' title='bbox 1097 535 1261 601; x_wconf 88' lang='lat' dir='ltr'><strong>Galesius</strong></span> <span class='ocrx_word' id='word_1_11' title='bbox 1276 532 1298 599; x_wconf 87' lang='lat'><strong>¹.</strong></span> <span class='ocrx_word' id='word_1_12' title='bbox 1314 530 1569 601; x_wconf 81' lang='lat' dir='ltr'><strong>Potius-tamen</strong></span> 
     </span>
     <span class='ocr_line' id='line_1_3' title="bbox 347 638 1495 725; baseline 0 -20"><span class='ocrx_word' id='word_1_13' title='bbox 347 640 497 706; x_wconf 89' lang='lat' dir='ltr'><strong>dilatum</strong></span> <span class='ocrx_word' id='word_1_14' title='bbox 510 660 618 725; x_wconf 92' lang='lat' dir='ltr'><strong>quam</strong></span> <span class='ocrx_word' id='word_1_15' title='bbox 630 642 837 725; x_wconf 90' lang='lat' dir='ltr'><strong>impeditum</strong></span> <span class='ocrx_word' id='word_1_16' title='bbox 855 644 1012 709; x_wconf 85' lang='lat' dir='ltr'><strong>fructum</strong></span> <span class='ocrx_word' id='word_1_17' title='bbox 1025 641 1064 708; x_wconf 93' lang='lat' dir='ltr'><strong>P.</strong></span> <span class='ocrx_word' id='word_1_18' title='bbox 1080 641 1303 708; x_wconf 89' lang='lat' dir='ltr'><strong>Eleutherius</strong></span> <span class='ocrx_word' id='word_1_19' title='bbox 1316 638 1495 724; x_wconf 82' lang='lat' dir='ltr'><strong>sperabat.</strong></span> 
     </span>
    </p>

    <p class='ocr_par' dir='ltr' id='par_1_3' title="bbox 340 748 1571 1582">
     <span class='ocr_line' id='line_1_4' title="bbox 370 748 1569 833; baseline 0.001 -20"><span class='ocrx_word' id='word_1_20' title='bbox 370 750 373 756; x_wconf 85' lang='lat'>&#39;</span> <span class='ocrx_word' id='word_1_21' title='bbox 408 748 497 814; x_wconf 87' lang='lat'><strong>1288.</strong></span> <span class='ocrx_word' id='word_1_22' title='bbox 540 748 579 815; x_wconf 92' lang='lat' dir='ltr'><strong>Si</strong></span> <span class='ocrx_word' id='word_1_23' title='bbox 593 750 643 815; x_wconf 89' lang='lat' dir='ltr'><strong>illi</strong></span> <span class='ocrx_word' id='word_1_24' title='bbox 657 750 805 817; x_wconf 84' lang='lat' dir='ltr'><strong>admissi</strong></span> <span class='ocrx_word' id='word_1_25' title='bbox 826 752 1031 817; x_wconf 81' lang='lat' dir='ltr'><strong>fuissentin</strong></span> <span class='ocrx_word' id='word_1_26' title='bbox 1053 750 1265 831; x_wconf 81' lang='lat' dir='ltr'>Collegium,</span> <span class='ocrx_word' id='word_1_27' title='bbox 1287 766 1377 833; x_wconf 89' lang='lat' dir='ltr'><strong>quos</strong></span> <span class='ocrx_word' id='word_1_28' title='bbox 1395 751 1490 815; x_wconf 89' lang='lat' dir='ltr'><strong>ultro</strong></span> <span class='ocrx_word' id='word_1_29' title='bbox 1509 767 1569 832; x_wconf 90' lang='lat' dir='ltr'><strong>pa-</strong></span> 
     </span>
     <span class='ocr_line' id='line_1_5' title="bbox 346 856 1568 939; baseline 0.001 -18"><span class='ocrx_word' id='word_1_30' title='bbox 346 865 464 921; x_wconf 87' lang='lat' dir='ltr'><strong>rentes</strong></span> <span class='ocrx_word' id='word_1_31' title='bbox 480 856 692 939; x_wconf 81' lang='lat' dir='ltr'><strong>offerebant,</strong></span> <span class='ocrx_word' id='word_1_32' title='bbox 706 860 873 923; x_wconf 87' lang='lat' dir='ltr'><strong>resarciri</strong></span> <span class='ocrx_word' id='word_1_33' title='bbox 882 859 988 926; x_wconf 82' lang='lat' dir='ltr'><strong>facile</strong></span> <span class='ocrx_word' id='word_1_34' title='bbox 998 875 1168 924; x_wconf 88' lang='lat' dir='ltr'><strong>numerus</strong></span> <span class='ocrx_word' id='word_1_35' title='bbox 1179 857 1423 923; x_wconf 82' lang='lat' dir='ltr'><strong>defunctorum</strong></span> <span class='ocrx_word' id='word_1_36' title='bbox 1438 857 1568 939; x_wconf 88' lang='lat' dir='ltr'><strong>potuis·</strong></span> 
     </span>
     <span class='ocr_line' id='line_1_6' title="bbox 345 962 1569 1047; baseline 0.002 -20"><span class='ocrx_word' id='word_1_37' title='bbox 345 972 413 1028; x_wconf 87' lang='lat' dir='ltr'><strong>set.</strong></span> <span class='ocrx_word' id='word_1_38' title='bbox 435 962 504 1029; x_wconf 87' lang='lat' dir='ltr'><strong>Sed</strong></span> <span class='ocrx_word' id='word_1_39' title='bbox 524 966 707 1046; x_wconf 88' lang='lat' dir='ltr'><strong>probanda</strong></span> <span class='ocrx_word' id='word_1_40' title='bbox 729 966 859 1031; x_wconf 90' lang='lat' dir='ltr'><strong>diutius</strong></span> <span class='ocrx_word' id='word_1_41' title='bbox 880 966 1038 1047; x_wconf 91' lang='lat' dir='ltr'><strong>ipsorum</strong></span> <span class='ocrx_word' id='word_1_42' title='bbox 1058 966 1258 1031; x_wconf 88' lang='lat' dir='ltr'><strong>constantia</strong></span> <span class='ocrx_word' id='word_1_43' title='bbox 1278 964 1481 1045; x_wconf 88' lang='lat' dir='ltr'><strong>videbatur;</strong></span> <span class='ocrx_word' id='word_1_44' title='bbox 1503 982 1569 1029; x_wconf 93' lang='lat' dir='ltr'><strong>nec</strong></span> 
     </span>
     <span class='ocr_line' id='line_1_7' title="bbox 347 1071 1570 1153; baseline 0.001 -18"><span class='ocrx_word' id='word_1_45' title='bbox 347 1071 490 1136; x_wconf 89' lang='lat' dir='ltr'><strong>occasio</strong></span> <span class='ocrx_word' id='word_1_46' title='bbox 509 1071 730 1153; x_wconf 89' lang='lat' dir='ltr'><strong>probationis</strong></span> <span class='ocrx_word' id='word_1_47' title='bbox 751 1073 890 1153; x_wconf 87' lang='lat' dir='ltr'><strong>deerat,</strong></span> <span class='ocrx_word' id='word_1_48' title='bbox 913 1073 1074 1152; x_wconf 73' lang='lat' dir='ltr'><strong>cumini,</strong></span> <span class='ocrx_word' id='word_1_49' title='bbox 1095 1073 1140 1136; x_wconf 94' lang='lat' dir='ltr'><strong>ob</strong></span> <span class='ocrx_word' id='word_1_50' title='bbox 1152 1081 1334 1137; x_wconf 82' lang='lat' dir='ltr'><strong>mutatam</strong></span> <span class='ocrx_word' id='word_1_51' title='bbox 1347 1072 1445 1136; x_wconf 87' lang='lat' dir='ltr'><strong>vitae</strong></span> <span class='ocrx_word' id='word_1_52' title='bbox 1464 1071 1570 1136; x_wconf 89' lang='lat' dir='ltr'><strong>ratio·</strong></span> 
     </span>
     <span class='ocr_line' id='line_1_8' title="bbox 345 1178 1570 1263; baseline 0.002 -21"><span class='ocrx_word' id='word_1_53' title='bbox 345 1180 442 1258; x_wconf 86' lang='lat' dir='ltr'><strong>nem,</strong></span> <span class='ocrx_word' id='word_1_54' title='bbox 465 1196 559 1244; x_wconf 91' lang='lat' dir='ltr'><strong>nuuc</strong></span> <span class='ocrx_word' id='word_1_55' title='bbox 583 1188 727 1245; x_wconf 90' lang='lat' dir='ltr'><strong>sanctos</strong></span> <span class='ocrx_word' id='word_1_56' title='bbox 750 1197 844 1246; x_wconf 91' lang='lat' dir='ltr'><strong>nunc</strong></span> <span class='ocrx_word' id='word_1_57' title='bbox 866 1180 1074 1263; x_wconf 88' lang='lat' dir='ltr'><strong>hypocritas</strong></span> <span class='ocrx_word' id='word_1_58' title='bbox 1097 1198 1136 1245; x_wconf 92' lang='lat' dir='ltr'><strong>se</strong></span> <span class='ocrx_word' id='word_1_59' title='bbox 1157 1180 1281 1245; x_wconf 88' lang='lat' dir='ltr'><strong>vocari</strong></span> <span class='ocrx_word' id='word_1_60' title='bbox 1307 1178 1488 1263; x_wconf 86' lang='lat' dir='ltr'><strong>audireut;</strong></span> <span class='ocrx_word' id='word_1_61' title='bbox 1510 1178 1570 1244; x_wconf 87' lang='lat' dir='ltr'><strong>alii</strong></span> 
     </span>
     <span class='ocr_line' id='line_1_9' title="bbox 346 1284 1570 1370; baseline -0.001 -20"><span class='ocrx_word' id='word_1_62' title='bbox 346 1286 456 1351; x_wconf 84' lang='lat' dir='ltr'><strong>variis</strong></span> <span class='ocrx_word' id='word_1_63' title='bbox 471 1285 585 1352; x_wconf 87' lang='lat' dir='ltr'><strong>modis</strong></span> <span class='ocrx_word' id='word_1_64' title='bbox 599 1306 660 1353; x_wconf 90' lang='lat' dir='ltr'><strong>eos</strong></span> <span class='ocrx_word' id='word_1_65' title='bbox 675 1288 885 1369; x_wconf 90' lang='lat' dir='ltr'><strong>irridebant;</strong></span> <span class='ocrx_word' id='word_1_66' title='bbox 907 1288 967 1352; x_wconf 92' lang='lat' dir='ltr'><strong>alii</strong></span> <span class='ocrx_word' id='word_1_67' title='bbox 986 1288 1117 1370; x_wconf 80' lang='lat' dir='ltr'><strong>pugnis</strong></span> <span class='ocrx_word' id='word_1_68' title='bbox 1136 1287 1244 1351; x_wconf 90' lang='lat' dir='ltr'><strong>etiam</strong></span> <span class='ocrx_word' id='word_1_69' title='bbox 1258 1284 1384 1351; x_wconf 89' lang='lat' dir='ltr'><strong>obvios</strong></span> <span class='ocrx_word' id='word_1_70' title='bbox 1399 1294 1435 1349; x_wconf 92' lang='lat' dir='ltr'><strong>et</strong></span> <span class='ocrx_word' id='word_1_71' title='bbox 1449 1284 1570 1367; x_wconf 89' lang='lat' dir='ltr'><strong>lapidi·</strong></span> 
     </span>
     <span class='ocr_line' id='line_1_10' title="bbox 347 1392 1571 1477; baseline 0 -21"><span class='ocrx_word' id='word_1_72' title='bbox 347 1392 413 1457; x_wconf 90' lang='lat' dir='ltr'><strong>bus</strong></span> <span class='ocrx_word' id='word_1_73' title='bbox 427 1392 533 1458; x_wconf 90' lang='lat' dir='ltr'><strong>etiam</strong></span> <span class='ocrx_word' id='word_1_74' title='bbox 549 1396 783 1477; x_wconf 89' lang='lat' dir='ltr'><strong>impetebant;</strong></span> <span class='ocrx_word' id='word_1_75' title='bbox 801 1405 836 1460; x_wconf 91' lang='lat' dir='ltr'><strong>et</strong></span> <span class='ocrx_word' id='word_1_76' title='bbox 850 1412 990 1461; x_wconf 91' lang='lat' dir='ltr'><strong>morum</strong></span> <span class='ocrx_word' id='word_1_77' title='bbox 1004 1394 1251 1459; x_wconf 81' lang='lat' dir='ltr'><strong>dissimilitudo</strong></span> <span class='ocrx_word' id='word_1_78' title='bbox 1265 1393 1302 1457; x_wconf 91' lang='lat' dir='ltr'><strong>in</strong></span> <span class='ocrx_word' id='word_1_79' title='bbox 1317 1410 1427 1458; x_wconf 85' lang='lat' dir='ltr'><strong>causa</strong></span> <span class='ocrx_word' id='word_1_80' title='bbox 1440 1401 1518 1457; x_wconf 89' lang='lat' dir='ltr'><strong>erat</strong></span> <span class='ocrx_word' id='word_1_81' title='bbox 1532 1401 1571 1457; x_wconf 92' lang='lat' dir='ltr'><strong>ut</strong></span> 
     </span>
     <span class='ocr_line' id='line_1_11' title="bbox 340 1498 948 1582; baseline 0.002 -18"><span class='ocrx_word' id='word_1_82' title='bbox 340 1498 545 1581; x_wconf 56' lang='lat' dir='ltr'><strong>⁸hujusmodi</strong></span> <span class='ocrx_word' id='word_1_83' title='bbox 559 1500 697 1582; x_wconf 89' lang='lat' dir='ltr'><strong>injuriis</strong></span> <span class='ocrx_word' id='word_1_84' title='bbox 713 1502 948 1567; x_wconf 87' lang='lat' dir='ltr'><strong>afficerentur.</strong></span> 
     </span>
    </p>

    <p class='ocr_par' dir='ltr' id='par_1_4' title="bbox 274 1606 1570 2238">
     <span class='ocr_line' id='line_1_12' title="bbox 410 1606 1570 1691; baseline 0.001 -21"><span class='ocrx_word' id='word_1_85' title='bbox 410 1606 497 1671; x_wconf 84' lang='lat'><strong>1289.</strong></span> <span class='ocrx_word' id='word_1_86' title='bbox 541 1608 751 1673; x_wconf 90' lang='lat' dir='ltr'><strong>Delectabat</strong></span> <span class='ocrx_word' id='word_1_87' title='bbox 765 1617 885 1674; x_wconf 92' lang='lat' dir='ltr'><strong>autern</strong></span> <span class='ocrx_word' id='word_1_88' title='bbox 900 1606 1009 1691; x_wconf 91' lang='lat' dir='ltr'><strong>[tam]</strong></span> <span class='ocrx_word' id='word_1_89' title='bbox 1025 1611 1092 1673; x_wconf 89' lang='lat' dir='ltr'><strong>hos</strong></span> <span class='ocrx_word' id='word_1_90' title='bbox 1107 1626 1214 1690; x_wconf 92' lang='lat' dir='ltr'><strong>quam</strong></span> <span class='ocrx_word' id='word_1_91' title='bbox 1228 1609 1319 1673; x_wconf 87' lang='lat' dir='ltr'><strong>alins</strong></span> <span class='ocrx_word' id='word_1_92' title='bbox 1336 1606 1570 1673; x_wconf 85' lang='lat' dir='ltr'><strong>scholasticos</strong></span> 
     </span>
     <span class='ocr_line' id='line_1_13' title="bbox 345 1713 1567 1795; baseline 0 -16"><span class='ocrx_word' id='word_1_93' title='bbox 345 1714 563 1781; x_wconf 88' lang='lat' dir='ltr'><strong>christianae</strong></span> <span class='ocrx_word' id='word_1_94' title='bbox 577 1716 759 1781; x_wconf 90' lang='lat' dir='ltr'><strong>doctrinae</strong></span> <span class='ocrx_word' id='word_1_95' title='bbox 773 1715 938 1793; x_wconf 75' lang='lat' dir='ltr'><strong>formula,</strong></span> <span class='ocrx_word' id='word_1_96' title='bbox 954 1717 990 1781; x_wconf 92' lang='lat' dir='ltr'><strong>in</strong></span> <span class='ocrx_word' id='word_1_97' title='bbox 1004 1734 1133 1781; x_wconf 85' lang='lat' dir='ltr'><strong>versus</strong></span> <span class='ocrx_word' id='word_1_98' title='bbox 1146 1716 1285 1780; x_wconf 89' lang='lat' dir='ltr'><strong>italicos</strong></span> <span class='ocrx_word' id='word_1_99' title='bbox 1302 1713 1567 1795; x_wconf 87' lang='lat' dir='ltr'><strong>comprehensa,</strong></span> 
     </span>
     <span class='ocr_line' id='line_1_14' title="bbox 345 1820 1569 1905; baseline 0 -18"><span class='ocrx_word' id='word_1_100' title='bbox 345 1822 438 1887; x_wconf 91' lang='lat' dir='ltr'><strong>unde</strong></span> <span class='ocrx_word' id='word_1_101' title='bbox 469 1824 628 1887; x_wconf 86' lang='lat' dir='ltr'><strong>suaviter</strong></span> <span class='ocrx_word' id='word_1_102' title='bbox 656 1823 751 1887; x_wconf 90' lang='lat' dir='ltr'><strong>domi</strong></span> <span class='ocrx_word' id='word_1_103' title='bbox 778 1822 936 1905; x_wconf 83' lang='lat' dir='ltr'><strong>forisque</strong></span> <span class='ocrx_word' id='word_1_104' title='bbox 963 1840 1043 1888; x_wconf 88' lang='lat' dir='ltr'><strong>eam</strong></span> <span class='ocrx_word' id='word_1_105' title='bbox 1075 1823 1323 1887; x_wconf 86' lang='lat' dir='ltr'><strong>decantabant.</strong></span> <span class='ocrx_word' id='word_1_106' title='bbox 1357 1820 1569 1903; x_wconf 83' lang='lat' dir='ltr'><strong>Explicabat</strong></span> 
     </span>
     <span class='ocr_line' id='line_1_15' title="bbox 344 1926 1568 2011; baseline -0.002 -18"><span class='ocrx_word' id='word_1_107' title='bbox 344 1940 464 1994; x_wconf 90' lang='lat' dir='ltr'><strong>autem</strong></span> <span class='ocrx_word' id='word_1_108' title='bbox 478 1930 571 1994; x_wconf 91' lang='lat' dir='ltr'><strong>hanc</strong></span> <span class='ocrx_word' id='word_1_109' title='bbox 586 1929 784 1994; x_wconf 88' lang='lat' dir='ltr'><strong>doctrinam</strong></span> <span class='ocrx_word' id='word_1_110' title='bbox 799 1930 1002 2011; x_wconf 86' lang='lat' dir='ltr'><strong>praedictus</strong></span> <span class='ocrx_word' id='word_1_111' title='bbox 1013 1930 1227 2010; x_wconf 85' lang='lat' dir='ltr'><strong>Villalobos;</strong></span> <span class='ocrx_word' id='word_1_112' title='bbox 1239 1939 1274 1995; x_wconf 91' lang='lat' dir='ltr'><strong>et</strong></span> <span class='ocrx_word' id='word_1_113' title='bbox 1288 1930 1324 1993; x_wconf 93' lang='lat' dir='ltr'><strong>in</strong></span> <span class='ocrx_word' id='word_1_114' title='bbox 1335 1926 1568 1993; x_wconf 84' lang='lat' dir='ltr'><strong>consessioni-</strong></span> 
     </span>
     <span class='ocr_line' id='line_1_16' title="bbox 345 2034 1569 2121; baseline 0 -22"><span class='ocrx_word' id='word_1_115' title='bbox 345 2036 410 2100; x_wconf 90' lang='lat' dir='ltr'><strong>bus</strong></span> <span class='ocrx_word' id='word_1_116' title='bbox 422 2035 606 2101; x_wconf 88' lang='lat' dir='ltr'><strong>audiendis</strong></span> <span class='ocrx_word' id='word_1_117' title='bbox 616 2034 663 2118; x_wconf 90' lang='lat' dir='ltr'><strong>[et</strong></span> <span class='ocrx_word' id='word_1_118' title='bbox 674 2035 917 2121; x_wconf 91' lang='lat' dir='ltr'><strong>concionibus]</strong></span> <span class='ocrx_word' id='word_1_119' title='bbox 930 2038 1025 2119; x_wconf 87' lang='lat' dir='ltr'><strong>apud</strong></span> <span class='ocrx_word' id='word_1_120' title='bbox 1034 2037 1194 2117; x_wconf 87' lang='lat' dir='ltr'><strong>virgines</strong></span> <span class='ocrx_word' id='word_1_121' title='bbox 1202 2034 1569 2118; x_wconf 89' lang='lat' dir='ltr'><strong>religiosashabeudls</strong></span> 
     </span>
     <span class='ocr_line' id='line_1_17' title="bbox 274 2141 793 2238; baseline -0.002 -30"><span class='ocrx_word' id='word_1_122' title='bbox 274 2226 278 2238; x_wconf 32' lang='grc' dir='ltr'>Ι</span> <span class='ocrx_word' id='word_1_123' title='bbox 345 2141 444 2208; x_wconf 89' lang='lat' dir='ltr'><strong>Patri</strong></span> <span class='ocrx_word' id='word_1_124' title='bbox 458 2142 596 2209; x_wconf 87' lang='lat' dir='ltr'><strong>Marino</strong></span> <span class='ocrx_word' id='word_1_125' title='bbox 610 2144 793 2209; x_wconf 91' lang='lat' dir='ltr'><strong>successit.</strong></span> 
     </span>
    </p>

    <p class='ocr_par' dir='ltr' id='par_1_5' title="bbox 343 2250 1570 2761">
     <span class='ocr_line' id='line_1_18' title="bbox 407 2250 1570 2333; baseline -0.001 -18"><span class='ocrx_word' id='word_1_126' title='bbox 407 2250 495 2315; x_wconf 88' lang='grc'>1290.</span> <span class='ocrx_word' id='word_1_127' title='bbox 538 2250 724 2332; x_wconf 86' lang='lat' dir='ltr'><strong>Ingressus</strong></span> <span class='ocrx_word' id='word_1_128' title='bbox 743 2260 797 2315; x_wconf 92' lang='lat' dir='ltr'><strong>est</strong></span> <span class='ocrx_word' id='word_1_129' title='bbox 822 2252 858 2315; x_wconf 93' lang='lat' dir='ltr'><strong>iu</strong></span> <span class='ocrx_word' id='word_1_130' title='bbox 875 2250 1090 2317; x_wconf 89' lang='lat' dir='ltr'><strong>Societatem</strong></span> <span class='ocrx_word' id='word_1_131' title='bbox 1113 2251 1180 2316; x_wconf 91' lang='lat' dir='ltr'><strong>sub</strong></span> <span class='ocrx_word' id='word_1_132' title='bbox 1201 2252 1285 2315; x_wconf 88' lang='lat' dir='ltr'><strong>anni</strong></span> <span class='ocrx_word' id='word_1_133' title='bbox 1306 2251 1411 2316; x_wconf 88' lang='lat' dir='ltr'><strong>finem</strong></span> <span class='ocrx_word' id='word_1_134' title='bbox 1428 2250 1570 2333; x_wconf 85' lang='lat' dir='ltr'><strong>juvenis</strong></span> 
     </span>
     <span class='ocr_line' id='line_1_19' title="bbox 345 2356 1570 2441; baseline 0 -20"><span class='ocrx_word' id='word_1_135' title='bbox 345 2357 489 2437; x_wconf 90' lang='lat' dir='ltr'><strong>quidam</strong></span> <span class='ocrx_word' id='word_1_136' title='bbox 503 2358 751 2439; x_wconf 77' lang='lat' dir='ltr'><strong>drepanensiS,</strong></span> <span class='ocrx_word' id='word_1_137' title='bbox 767 2358 926 2440; x_wconf 91' lang='lat' dir='ltr'><strong>hispanis</strong></span> <span class='ocrx_word' id='word_1_138' title='bbox 939 2359 1147 2441; x_wconf 91' lang='lat' dir='ltr'><strong>parentibus</strong></span> <span class='ocrx_word' id='word_1_139' title='bbox 1170 2358 1207 2422; x_wconf 91' lang='lat' dir='ltr'><strong>in</strong></span> <span class='ocrx_word' id='word_1_140' title='bbox 1220 2356 1343 2423; x_wconf 89' lang='lat' dir='ltr'><strong>Sicilia</strong></span> <span class='ocrx_word' id='word_1_141' title='bbox 1367 2367 1484 2439; x_wconf 89' lang='lat' dir='ltr'><strong>natus,</strong></span> <span class='ocrx_word' id='word_1_142' title='bbox 1511 2358 1570 2439; x_wconf 92' lang='lat' dir='ltr'><strong>qui</strong></span> 
     </span>
     <span class='ocr_line' id='line_1_20' title="bbox 344 2464 1569 2547; baseline -0.001 -18"><span class='ocrx_word' id='word_1_143' title='bbox 344 2481 425 2529; x_wconf 91' lang='lat' dir='ltr'><strong>cum</strong></span> <span class='ocrx_word' id='word_1_144' title='bbox 440 2482 478 2529; x_wconf 89' lang='lat' dir='ltr'><strong>se</strong></span> <span class='ocrx_word' id='word_1_145' title='bbox 493 2465 530 2528; x_wconf 91' lang='lat' dir='ltr'><strong>in</strong></span> <span class='ocrx_word' id='word_1_146' title='bbox 544 2464 787 2547; x_wconf 87' lang='lat' dir='ltr'><strong>spiritualibus</strong></span> <span class='ocrx_word' id='word_1_147' title='bbox 801 2465 981 2531; x_wconf 84' lang='lat' dir='ltr'><strong>exercitiis</strong></span> <span class='ocrx_word' id='word_1_148' title='bbox 994 2466 1104 2547; x_wconf 91' lang='lat' dir='ltr'><strong>probe</strong></span> <span class='ocrx_word' id='word_1_149' title='bbox 1114 2465 1285 2547; x_wconf 85' lang='lat' dir='ltr'><strong>gessisset</strong></span> <span class='ocrx_word' id='word_1_150' title='bbox 1296 2464 1474 2544; x_wconf 88' lang='lat' dir='ltr'><strong>Panormi,</strong></span> <span class='ocrx_word' id='word_1_151' title='bbox 1488 2465 1569 2545; x_wconf 91' lang='lat' dir='ltr'><strong>(quo</strong></span> 
     </span>
     <span class='ocr_line' id='line_1_21' title="bbox 343 2570 1570 2653; baseline 0.001 -19"><span class='ocrx_word' id='word_1_152' title='bbox 343 2571 472 2635; x_wconf 91' lang='lat' dir='ltr'><strong>missus</strong></span> <span class='ocrx_word' id='word_1_153' title='bbox 491 2572 537 2636; x_wconf 86' lang='lat' dir='ltr'><strong>ad</strong></span> <span class='ocrx_word' id='word_1_154' title='bbox 556 2572 801 2653; x_wconf 88' lang='lat' dir='ltr'><strong>probationem</strong></span> <span class='ocrx_word' id='word_1_155' title='bbox 817 2572 965 2652; x_wconf 84' lang='lat' dir='ltr'><strong>iuerat),</strong></span> <span class='ocrx_word' id='word_1_156' title='bbox 987 2574 1023 2637; x_wconf 92' lang='lat' dir='ltr'><strong>in</strong></span> <span class='ocrx_word' id='word_1_157' title='bbox 1043 2573 1124 2637; x_wconf 92' lang='lat' dir='ltr'><strong>aliis</strong></span> <span class='ocrx_word' id='word_1_158' title='bbox 1141 2572 1250 2637; x_wconf 91' lang='lat' dir='ltr'><strong>etiam</strong></span> <span class='ocrx_word' id='word_1_159' title='bbox 1269 2570 1473 2636; x_wconf 91' lang='lat' dir='ltr'><strong>domesticis</strong></span> <span class='ocrx_word' id='word_1_160' title='bbox 1496 2570 1570 2635; x_wconf 86' lang='lat' dir='ltr'><strong>lun·</strong></span> 
     </span>
     <span class='ocr_line' id='line_1_22' title="bbox 344 2678 1259 2761; baseline 0.002 -19"><span class='ocrx_word' id='word_1_161' title='bbox 344 2678 518 2744; x_wconf 89' lang='lat' dir='ltr'><strong>ctionibus</strong></span> <span class='ocrx_word' id='word_1_162' title='bbox 532 2680 662 2744; x_wconf 91' lang='lat' dir='ltr'><strong>bonam</strong></span> <span class='ocrx_word' id='word_1_163' title='bbox 677 2680 733 2744; x_wconf 89' lang='lat' dir='ltr'><strong>sui</strong></span> <span class='ocrx_word' id='word_1_164' title='bbox 747 2680 1029 2761; x_wconf 87' lang='lat' dir='ltr'><strong>expectationem</strong></span> <span class='ocrx_word' id='word_1_165' title='bbox 1043 2679 1259 2744; x_wconf 89' lang='lat' dir='ltr'><strong>concitabat.</strong></span> 
     </span>
    </p>
   </div>
   <div class='ocr_carea' id='block_1_3' title="bbox 341 2785 1572 3279">
    <p class='ocr_par' dir='ltr' id='par_1_6' title="bbox 341 2785 1571 3188">
     <span class='ocr_line' id='line_1_23' title="bbox 405 2785 1570 2870; baseline 0 -22"><span class='ocrx_word' id='word_1_166' title='bbox 405 2785 493 2850; x_wconf 86' lang='lat'><strong>1291.</strong></span> <span class='ocrx_word' id='word_1_167' title='bbox 535 2786 843 2870; x_wconf 83' lang='lat' dir='ltr'><strong>Judexpraeterea</strong></span> <span class='ocrx_word' id='word_1_168' title='bbox 852 2787 1174 2868; x_wconf 77' lang='lat' dir='ltr'><strong>quusdamoppidi,</strong></span> <span class='ocrx_word' id='word_1_169' title='bbox 1184 2787 1310 2850; x_wconf 87' lang='lat' dir='ltr'><strong>itinere</strong></span> <span class='ocrx_word' id='word_1_170' title='bbox 1319 2785 1426 2850; x_wconf 92' lang='lat' dir='ltr'><strong>tridui</strong></span> <span class='ocrx_word' id='word_1_171' title='bbox 1435 2785 1570 2851; x_wconf 91' lang='lat' dir='ltr'><strong>Biboua</strong></span> 
     </span>
     <span class='ocr_line' id='line_1_24' title="bbox 342 2891 1570 2973; baseline -0.001 -16"><span class='ocrx_word' id='word_1_172' title='bbox 342 2892 518 2973; x_wconf 88' lang='lat' dir='ltr'><strong>distantis,</strong></span> <span class='ocrx_word' id='word_1_173' title='bbox 536 2893 581 2958; x_wconf 90' lang='lat' dir='ltr'><strong>ad</strong></span> <span class='ocrx_word' id='word_1_174' title='bbox 600 2901 742 2958; x_wconf 90' lang='lat' dir='ltr'><strong>nostros</strong></span> <span class='ocrx_word' id='word_1_175' title='bbox 761 2894 966 2958; x_wconf 91' lang='lat' dir='ltr'><strong>invisendos</strong></span> <span class='ocrx_word' id='word_1_176' title='bbox 980 2893 1152 2958; x_wconf 88' lang='lat' dir='ltr'><strong>Bibonam</strong></span> <span class='ocrx_word' id='word_1_177' title='bbox 1174 2894 1286 2973; x_wconf 88' lang='lat' dir='ltr'><strong>venit,</strong></span> <span class='ocrx_word' id='word_1_178' title='bbox 1302 2901 1337 2958; x_wconf 92' lang='lat' dir='ltr'><strong>et</strong></span> <span class='ocrx_word' id='word_1_179' title='bbox 1356 2891 1570 2957; x_wconf 88' lang='lat' dir='ltr'><strong>Societatem</strong></span> 
     </span>
     <span class='ocr_line' id='line_1_25' title="bbox 341 2998 1571 3082; baseline 0 -19"><span class='ocrx_word' id='word_1_180' title='bbox 341 3016 380 3064; x_wconf 89' lang='lat' dir='ltr'><strong>se</strong></span> <span class='ocrx_word' id='word_1_181' title='bbox 395 3000 534 3080; x_wconf 83' lang='lat' dir='ltr'><strong>ingredi</strong></span> <span class='ocrx_word' id='word_1_182' title='bbox 548 3001 639 3063; x_wconf 90' lang='lat' dir='ltr'><strong>velle</strong></span> <span class='ocrx_word' id='word_1_183' title='bbox 653 3000 880 3079; x_wconf 85' lang='lat' dir='ltr'><strong>significavit:</strong></span> <span class='ocrx_word' id='word_1_184' title='bbox 897 3001 952 3065; x_wconf 89' lang='lat' dir='ltr'><strong>vir</strong></span> <span class='ocrx_word' id='word_1_185' title='bbox 967 3000 1126 3064; x_wconf 91' lang='lat' dir='ltr'><strong>eruditus</strong></span> <span class='ocrx_word' id='word_1_186' title='bbox 1140 3017 1184 3064; x_wconf 89' lang='lat' dir='ltr'><strong>ac</strong></span> <span class='ocrx_word' id='word_1_187' title='bbox 1203 3000 1299 3082; x_wconf 87' lang='lat' dir='ltr'><strong>pius,</strong></span> <span class='ocrx_word' id='word_1_188' title='bbox 1317 2998 1416 3082; x_wconf 74' lang='lat' dir='ltr'><strong>cuius</strong></span> <span class='ocrx_word' id='word_1_189' title='bbox 1441 2999 1571 3064; x_wconf 88' lang='lat' dir='ltr'><strong>admis-</strong></span> 
     </span>
     <span class='ocr_line' id='line_1_26' title="bbox 341 3105 959 3188; baseline -0.002 -18"><span class='ocrx_word' id='word_1_190' title='bbox 341 3106 395 3170; x_wconf 91' lang='lat' dir='ltr'><strong>sio</strong></span> <span class='ocrx_word' id='word_1_191' title='bbox 411 3107 456 3170; x_wconf 92' lang='lat' dir='ltr'><strong>ad</strong></span> <span class='ocrx_word' id='word_1_192' title='bbox 472 3105 730 3171; x_wconf 89' lang='lat' dir='ltr'><strong>Provincialem</strong></span> <span class='ocrx_word' id='word_1_193' title='bbox 746 3105 878 3188; x_wconf 89' lang='lat' dir='ltr'><strong>rejecta</strong></span> <span class='ocrx_word' id='word_1_194' title='bbox 893 3116 959 3170; x_wconf 87' lang='lat' dir='ltr'><strong>est.</strong></span> 
     </span>
    </p>

    <p class='ocr_par' dir='ltr' id='par_1_7' title="bbox 405 3213 1572 3279">
     <span class='ocr_line' id='line_1_27' title="bbox 405 3213 1572 3279; baseline 0.002 -3"><span class='ocrx_word' id='word_1_195' title='bbox 405 3213 493 3277; x_wconf 87' lang='lat'><strong>1292.</strong></span> <span class='ocrx_word' id='word_1_196' title='bbox 537 3213 621 3279; x_wconf 89' lang='lat' dir='ltr'><strong>Dux</strong></span> <span class='ocrx_word' id='word_1_197' title='bbox 639 3214 795 3278; x_wconf 89' lang='lat' dir='ltr'><strong>Bibonae</strong></span> <span class='ocrx_word' id='word_1_198' title='bbox 814 3214 900 3278; x_wconf 83' lang='lat' dir='ltr'><strong>satis</strong></span> <span class='ocrx_word' id='word_1_199' title='bbox 923 3231 961 3278; x_wconf 92' lang='lat' dir='ltr'><strong>se</strong></span> <span class='ocrx_word' id='word_1_200' title='bbox 980 3214 1189 3278; x_wconf 88' lang='lat' dir='ltr'><strong>benevolum</strong></span> <span class='ocrx_word' id='word_1_201' title='bbox 1213 3233 1257 3278; x_wconf 91' lang='lat' dir='ltr'><strong>ac</strong></span> <span class='ocrx_word' id='word_1_202' title='bbox 1278 3213 1481 3279; x_wconf 90' lang='lat' dir='ltr'><strong>munificum</strong></span> <span class='ocrx_word' id='word_1_203' title='bbox 1507 3231 1572 3278; x_wconf 92' lang='lat' dir='ltr'><strong>uo·</strong></span> 
     </span>
    </p>
   </div>
   <div class='ocr_carea' id='block_1_4' title="bbox 342 3320 1571 4367">
    <p class='ocr_par' dir='ltr' id='par_1_8' title="bbox 342 3320 1570 3618">
     <span class='ocr_line' id='line_1_28' title="bbox 342 3320 1569 3402; baseline 0.002 -18"><span class='ocrx_word' id='word_1_204' title='bbox 342 3320 426 3384; x_wconf 88' lang='lat' dir='ltr'><strong>stris</strong></span> <span class='ocrx_word' id='word_1_205' title='bbox 441 3320 642 3402; x_wconf 89' lang='lat' dir='ltr'><strong>praebebat.</strong></span> <span class='ocrx_word' id='word_1_206' title='bbox 660 3321 851 3385; x_wconf 86' lang='lat' dir='ltr'><strong>Abbatiam</strong></span> <span class='ocrx_word' id='word_1_207' title='bbox 865 3323 1067 3402; x_wconf 91' lang='lat' dir='ltr'><strong>quamdam,</strong></span> <span class='ocrx_word' id='word_1_208' title='bbox 1084 3341 1106 3386; x_wconf 90' lang='lat' dir='ltr'><strong>a</strong></span> <span class='ocrx_word' id='word_1_209' title='bbox 1120 3323 1239 3386; x_wconf 91' lang='lat' dir='ltr'><strong>multis</strong></span> <span class='ocrx_word' id='word_1_210' title='bbox 1259 3323 1363 3387; x_wconf 87' lang='lat' dir='ltr'><strong>annis</strong></span> <span class='ocrx_word' id='word_1_211' title='bbox 1383 3323 1569 3388; x_wconf 90' lang='lat' dir='ltr'><strong>monachis</strong></span> 
     </span>
     <span class='ocr_line' id='line_1_29' title="bbox 343 3427 1570 3511; baseline 0.001 -19"><span class='ocrx_word' id='word_1_212' title='bbox 343 3427 547 3492; x_wconf 89' lang='lat' dir='ltr'><strong>destitutam</strong></span> <span class='ocrx_word' id='word_1_213' title='bbox 567 3437 602 3492; x_wconf 90' lang='lat' dir='ltr'><strong>et</strong></span> <span class='ocrx_word' id='word_1_214' title='bbox 626 3429 663 3492; x_wconf 93' lang='lat' dir='ltr'><strong>iu</strong></span> <span class='ocrx_word' id='word_1_215' title='bbox 683 3430 889 3509; x_wconf 89' lang='lat' dir='ltr'><strong>speluncam</strong></span> <span class='ocrx_word' id='word_1_216' title='bbox 913 3429 1173 3511; x_wconf 90' lang='lat' dir='ltr'><strong>quodammodo</strong></span> <span class='ocrx_word' id='word_1_217' title='bbox 1192 3430 1391 3510; x_wconf 89' lang='lat' dir='ltr'><strong>redactam,</strong></span> <span class='ocrx_word' id='word_1_218' title='bbox 1411 3429 1570 3510; x_wconf 90' lang='lat' dir='ltr'><strong>Collegio</strong></span> 
     </span>
     <span class='ocr_line' id='line_1_30' title="bbox 344 3523 1297 3618; baseline 0 -20"><span class='ocrx_word' id='word_1_219' title='bbox 344 3523 522 3616; x_wconf 85' lang='lat' dir='ltr'><strong>applicare</strong></span> <span class='ocrx_word' id='word_1_220' title='bbox 537 3535 745 3614; x_wconf 89' lang='lat' dir='ltr'><strong>conabatur,</strong></span> <span class='ocrx_word' id='word_1_221' title='bbox 760 3545 794 3600; x_wconf 91' lang='lat' dir='ltr'><strong>et</strong></span> <span class='ocrx_word' id='word_1_222' title='bbox 810 3553 852 3600; x_wconf 90' lang='lat' dir='ltr'><strong>ea</strong></span> <span class='ocrx_word' id='word_1_223' title='bbox 867 3536 910 3600; x_wconf 92' lang='lat' dir='ltr'><strong>de</strong></span> <span class='ocrx_word' id='word_1_224' title='bbox 925 3555 963 3600; x_wconf 91' lang='lat' dir='ltr'><strong>re</strong></span> <span class='ocrx_word' id='word_1_225' title='bbox 978 3535 1128 3600; x_wconf 92' lang='lat' dir='ltr'><strong>Romam</strong></span> <span class='ocrx_word' id='word_1_226' title='bbox 1143 3537 1297 3618; x_wconf 89' lang='lat' dir='ltr'><strong>scripsit.</strong></span> 
     </span>
    </p>

    <p class='ocr_par' dir='ltr' id='par_1_9' title="bbox 343 3640 1571 4260">
     <span class='ocr_line' id='line_1_31' title="bbox 405 3640 1570 3724; baseline 0.001 -19"><span class='ocrx_word' id='word_1_227' title='bbox 405 3641 493 3705; x_wconf 80' lang='lat'><strong>1293.</strong></span> <span class='ocrx_word' id='word_1_228' title='bbox 536 3640 726 3706; x_wconf 82' lang='lat' dir='ltr'><strong>Confessus</strong></span> <span class='ocrx_word' id='word_1_229' title='bbox 754 3651 807 3706; x_wconf 93' lang='lat' dir='ltr'><strong>est</strong></span> <span class='ocrx_word' id='word_1_230' title='bbox 835 3652 870 3707; x_wconf 90' lang='lat' dir='ltr'><strong>et</strong></span> <span class='ocrx_word' id='word_1_231' title='bbox 896 3643 1172 3706; x_wconf 89' lang='lat' dir='ltr'><strong>communicavit</strong></span> <span class='ocrx_word' id='word_1_232' title='bbox 1199 3642 1294 3724; x_wconf 88' lang='lat' dir='ltr'><strong>apud</strong></span> <span class='ocrx_word' id='word_1_233' title='bbox 1326 3652 1469 3706; x_wconf 87' lang='lat' dir='ltr'><strong>nostros</strong></span> <span class='ocrx_word' id='word_1_234' title='bbox 1501 3643 1570 3706; x_wconf 91' lang='lat' dir='ltr'><strong>hoc</strong></span> 
     </span>
     <span class='ocr_line' id='line_1_32' title="bbox 343 3747 1566 3831; baseline 0.001 -18"><span class='ocrx_word' id='word_1_235' title='bbox 343 3747 433 3813; x_wconf 85' lang='lat' dir='ltr'><strong>sesto</strong></span> <span class='ocrx_word' id='word_1_236' title='bbox 448 3747 584 3812; x_wconf 87' lang='lat' dir='ltr'><strong>Natalis</strong></span> <span class='ocrx_word' id='word_1_237' title='bbox 598 3749 754 3829; x_wconf 91' lang='lat' dir='ltr'><strong>Domini,</strong></span> <span class='ocrx_word' id='word_1_238' title='bbox 772 3768 842 3813; x_wconf 92' lang='lat' dir='ltr'><strong>non</strong></span> <span class='ocrx_word' id='word_1_239' title='bbox 857 3750 893 3813; x_wconf 91' lang='lat' dir='ltr'><strong>in</strong></span> <span class='ocrx_word' id='word_1_240' title='bbox 908 3751 1039 3830; x_wconf 91' lang='lat' dir='ltr'><strong>templo</strong></span> <span class='ocrx_word' id='word_1_241' title='bbox 1054 3761 1188 3830; x_wconf 81' lang='lat' dir='ltr'><strong>nostro,</strong></span> <span class='ocrx_word' id='word_1_242' title='bbox 1201 3751 1285 3831; x_wconf 91' lang='lat' dir='ltr'><strong>quia</strong></span> <span class='ocrx_word' id='word_1_243' title='bbox 1299 3750 1455 3814; x_wconf 91' lang='lat' dir='ltr'><strong>nondum</strong></span> <span class='ocrx_word' id='word_1_244' title='bbox 1466 3750 1566 3814; x_wconf 88' lang='lat' dir='ltr'><strong>abso·</strong></span> 
     </span>
     <span class='ocr_line' id='line_1_33' title="bbox 343 3855 1570 3938; baseline 0.002 -20"><span class='ocrx_word' id='word_1_245' title='bbox 343 3857 454 3920; x_wconf 90' lang='lat' dir='ltr'><strong>lutum</strong></span> <span class='ocrx_word' id='word_1_246' title='bbox 468 3855 505 3920; x_wconf 92' lang='lat' dir='ltr'><strong>id</strong></span> <span class='ocrx_word' id='word_1_247' title='bbox 519 3865 607 3934; x_wconf 82' lang='lat' dir='ltr'><strong>erat,</strong></span> <span class='ocrx_word' id='word_1_248' title='bbox 623 3857 685 3921; x_wconf 91' lang='lat' dir='ltr'><strong>sed</strong></span> <span class='ocrx_word' id='word_1_249' title='bbox 700 3857 737 3920; x_wconf 92' lang='lat' dir='ltr'><strong>in</strong></span> <span class='ocrx_word' id='word_1_250' title='bbox 751 3856 905 3938; x_wconf 91' lang='lat' dir='ltr'><strong>quodam</strong></span> <span class='ocrx_word' id='word_1_251' title='bbox 920 3858 1062 3938; x_wconf 90' lang='lat' dir='ltr'><strong>sacello,</strong></span> <span class='ocrx_word' id='word_1_252' title='bbox 1079 3857 1172 3938; x_wconf 93' lang='lat' dir='ltr'><strong>quod</strong></span> <span class='ocrx_word' id='word_1_253' title='bbox 1186 3857 1281 3921; x_wconf 83' lang='lat' dir='ltr'><strong>Divo</strong></span> <span class='ocrx_word' id='word_1_254' title='bbox 1296 3857 1570 3922; x_wconf 88' lang='lat' dir='ltr'><strong>Bartholomaeo</strong></span> 
     </span>
     <span class='ocr_line' id='line_1_34' title="bbox 344 3961 1567 4044; baseline -0.001 -17"><span class='ocrx_word' id='word_1_255' title='bbox 344 3979 486 4028; x_wconf 89' lang='lat' dir='ltr'><strong>sacrum</strong></span> <span class='ocrx_word' id='word_1_256' title='bbox 500 3972 576 4027; x_wconf 88' lang='lat' dir='ltr'><strong>erat</strong></span> <span class='ocrx_word' id='word_1_257' title='bbox 591 3972 626 4027; x_wconf 90' lang='lat' dir='ltr'><strong>et</strong></span> <span class='ocrx_word' id='word_1_258' title='bbox 640 3981 659 4026; x_wconf 91' lang='lat' dir='ltr'><strong>e</strong></span> <span class='ocrx_word' id='word_1_259' title='bbox 674 3963 820 4043; x_wconf 88' lang='lat' dir='ltr'><strong>regione</strong></span> <span class='ocrx_word' id='word_1_260' title='bbox 840 3963 989 4044; x_wconf 88' lang='lat' dir='ltr'><strong>Collegii</strong></span> <span class='ocrx_word' id='word_1_261' title='bbox 1007 3966 1124 4029; x_wconf 91' lang='lat' dir='ltr'><strong>situm.</strong></span> <span class='ocrx_word' id='word_1_262' title='bbox 1144 3964 1232 4029; x_wconf 90' lang='lat' dir='ltr'><strong>Illud</strong></span> <span class='ocrx_word' id='word_1_263' title='bbox 1254 3965 1346 4028; x_wconf 92' lang='lat' dir='ltr'><strong>enim</strong></span> <span class='ocrx_word' id='word_1_264' title='bbox 1368 3964 1500 4029; x_wconf 92' lang='lat' dir='ltr'><strong>nostris</strong></span> <span class='ocrx_word' id='word_1_265' title='bbox 1520 3961 1567 4027; x_wconf 93' lang='lat' dir='ltr'><strong>ad</strong></span> 
     </span>
     <span class='ocr_line' id='line_1_35' title="bbox 343 4069 1571 4148; baseline -0.001 -13"><span class='ocrx_word' id='word_1_266' title='bbox 343 4069 455 4135; x_wconf 88' lang='lat' dir='ltr'><strong>Sacra</strong></span> <span class='ocrx_word' id='word_1_267' title='bbox 478 4069 658 4148; x_wconf 84' lang='lat' dir='ltr'><strong>iacienda,</strong></span> <span class='ocrx_word' id='word_1_268' title='bbox 682 4079 717 4133; x_wconf 89' lang='lat' dir='ltr'><strong>et</strong></span> <span class='ocrx_word' id='word_1_269' title='bbox 741 4070 977 4136; x_wconf 88' lang='lat' dir='ltr'><strong>confessionis</strong></span> <span class='ocrx_word' id='word_1_270' title='bbox 1000 4089 1043 4137; x_wconf 92' lang='lat' dir='ltr'><strong>ac</strong></span> <span class='ocrx_word' id='word_1_271' title='bbox 1063 4071 1320 4136; x_wconf 90' lang='lat' dir='ltr'><strong>communionis</strong></span> <span class='ocrx_word' id='word_1_272' title='bbox 1344 4079 1571 4135; x_wconf 86' lang='lat' dir='ltr'><strong>sacramenta</strong></span> 
     </span>
     <span class='ocr_line' id='line_1_36' title="bbox 345 4176 1481 4260; baseline -0.002 -17"><span class='ocrx_word' id='word_1_273' title='bbox 345 4176 589 4256; x_wconf 87' lang='lat' dir='ltr'><strong>ministranda,</strong></span> <span class='ocrx_word' id='word_1_274' title='bbox 606 4185 641 4240; x_wconf 90' lang='lat' dir='ltr'><strong>et</strong></span> <span class='ocrx_word' id='word_1_275' title='bbox 655 4177 761 4242; x_wconf 91' lang='lat' dir='ltr'><strong>etiam</strong></span> <span class='ocrx_word' id='word_1_276' title='bbox 777 4178 823 4242; x_wconf 90' lang='lat' dir='ltr'><strong>ad</strong></span> <span class='ocrx_word' id='word_1_277' title='bbox 837 4178 1115 4260; x_wconf 89' lang='lat' dir='ltr'><strong>praedicandum</strong></span> <span class='ocrx_word' id='word_1_278' title='bbox 1130 4195 1339 4243; x_wconf 91' lang='lat' dir='ltr'><strong>concessum</strong></span> <span class='ocrx_word' id='word_1_279' title='bbox 1353 4177 1481 4242; x_wconf 90' lang='lat' dir='ltr'><strong>iuerat.</strong></span> 
     </span>
    </p>

    <p class='ocr_par' dir='ltr' id='par_1_10' title="bbox 407 4281 1570 4367">
     <span class='ocr_line' id='line_1_37' title="bbox 407 4281 1570 4367; baseline 0.001 -20"><span class='ocrx_word' id='word_1_280' title='bbox 407 4283 494 4349; x_wconf 83' lang='lat'><strong>1294.</strong></span> <span class='ocrx_word' id='word_1_281' title='bbox 537 4281 627 4347; x_wconf 90' lang='lat' dir='ltr'><strong>Tam</strong></span> <span class='ocrx_word' id='word_1_282' title='bbox 644 4282 758 4349; x_wconf 91' lang='lat' dir='ltr'><strong>bonus</strong></span> <span class='ocrx_word' id='word_1_283' title='bbox 777 4284 880 4365; x_wconf 88' lang='lat' dir='ltr'><strong>hujus</strong></span> <span class='ocrx_word' id='word_1_284' title='bbox 902 4285 1050 4367; x_wconf 92' lang='lat' dir='ltr'><strong>Collegii</strong></span> <span class='ocrx_word' id='word_1_285' title='bbox 1071 4286 1159 4350; x_wconf 91' lang='lat' dir='ltr'><strong>odor</strong></span> <span class='ocrx_word' id='word_1_286' title='bbox 1178 4284 1224 4349; x_wconf 91' lang='lat' dir='ltr'><strong>ad</strong></span> <span class='ocrx_word' id='word_1_287' title='bbox 1244 4284 1383 4351; x_wconf 86' lang='lat' dir='ltr'><strong>vicinas</strong></span> <span class='ocrx_word' id='word_1_288' title='bbox 1405 4286 1511 4349; x_wconf 92' lang='lat' dir='ltr'><strong>urbes</strong></span> <span class='ocrx_word' id='word_1_289' title='bbox 1530 4301 1570 4349; x_wconf 91' lang='lat' dir='ltr'><strong>se</strong></span> 
     </span>
    </p>
   </div>
   <div class='ocr_carea' id='block_1_5' title="bbox 346 4465 559 4478">
    <p class='ocr_par' dir='ltr' id='par_1_11' title="bbox 346 4465 559 4478">
     <span class='ocr_line' id='line_1_38' title="bbox 346 4465 559 4478; baseline -0.009 0"><span class='ocrx_word' id='word_1_290' title='bbox 346 4465 559 4478; x_wconf 50' lang='lat'><strong>*—</strong></span> 
     </span>
    </p>
   </div>
   <div class='ocr_carea' id='block_1_6' title="bbox 344 4561 1569 4685">
    <p class='ocr_par' dir='ltr' id='par_1_12' title="bbox 344 4561 1569 4685">
     <span class='ocr_line' id='line_1_39' title="bbox 384 4561 1569 4623; baseline 0.001 -15"><span class='ocrx_word' id='word_1_291' title='bbox 384 4564 393 4598; x_wconf 85' lang='lat'>¹</span> <span class='ocrx_word' id='word_1_292' title='bbox 422 4564 489 4610; x_wconf 89' lang='lat' dir='ltr'><strong>Vide</strong></span> <span class='ocrx_word' id='word_1_293' title='bbox 503 4561 624 4608; x_wconf 76' lang='lat' dir='ltr'><strong>Litterae</strong></span> <span class='ocrx_word' id='word_1_294' title='bbox 634 4561 865 4616; x_wconf 77' lang='lat' dir='ltr'><strong>Quadrimestm,</strong></span> <span class='ocrx_word' id='word_1_295' title='bbox 878 4564 927 4609; x_wconf 86' lang='lat' dir='ltr'><strong>loc.</strong></span> <span class='ocrx_word' id='word_1_296' title='bbox 940 4573 1022 4622; x_wconf 84' lang='lat' dir='ltr'><strong>nuper</strong></span> <span class='ocrx_word' id='word_1_297' title='bbox 1036 4564 1078 4612; x_wconf 86' lang='lat' dir='ltr'><strong>cit.</strong></span> <span class='ocrx_word' id='word_1_298' title='bbox 1087 4576 1148 4623; x_wconf 81' lang='lat' dir='ltr'><strong>pag.</strong></span> <span class='ocrx_word' id='word_1_299' title='bbox 1157 4565 1207 4619; x_wconf 79' lang='grc'><strong>618,</strong></span> <span class='ocrx_word' id='word_1_300' title='bbox 1215 4577 1248 4610; x_wconf 84' lang='lat' dir='ltr'><strong>ex</strong></span> <span class='ocrx_word' id='word_1_301' title='bbox 1257 4565 1348 4620; x_wconf 78' lang='lat' dir='ltr'><strong>qulbus</strong></span> <span class='ocrx_word' id='word_1_302' title='bbox 1357 4573 1431 4610; x_wconf 78' lang='lat' dir='ltr'><strong>tuem</strong></span> <span class='ocrx_word' id='word_1_303' title='bbox 1442 4563 1569 4609; x_wconf 69' lang='lat' dir='ltr'><strong>Polme·</strong></span> 
     </span>
     <span class='ocr_line' id='line_1_40' title="bbox 344 4634 654 4685; baseline -0.003 -3"><span class='ocrx_word' id='word_1_304' title='bbox 344 4634 459 4685; x_wconf 80' lang='lat' dir='ltr'><strong>contexit</strong></span> <span class='ocrx_word' id='word_1_305' title='bbox 470 4634 654 4681; x_wconf 81' lang='lat' dir='ltr'><strong>narrationem.</strong></span> 
     </span>
    </p>
   </div>
   <div class='ocr_carea' id='block_1_7' title="bbox 0 0 1826 5350">
    <p class='ocr_par' dir='ltr' id='par_1_13' title="bbox 0 0 1826 5350">
     <span class='ocr_line' id='line_1_41' title="bbox 0 0 1826 5350; baseline 0 0"><span class='ocrx_word' id='word_1_306' title='bbox 0 0 1826 5350; x_wconf 95' lang='lat' dir='ltr'><strong> </strong></span> 
     </span>
    </p>
   </div>
  </div>
 </body>
</html>
