3642 5350
375 471 430 535 818
833 470 960 536 Canos.
981 470 1058 535 Soc.
1078 470 1150 548 Jns.

434 618 525 685 3505.
569 617 761 685 Christiani
789 637 912 687 omnes
944 636 1110 701 numero,
1145 637 1239 685 anno
1273 620 1524 703 praecedente,
1559 622 1604 686 ad

375 729 498 792 decem
509 727 618 792 millia
631 726 881 793 ascendebant.
895 726 965 793 Sed
976 728 1160 810 praedicto
1172 725 1211 791 P.
1225 728 1409 809 Alphonso
1421 729 1526 793 valde
1537 728 1605 794 dis·

374 836 561 917 plicebant3
578 852 662 900 nam
677 852 804 917 parum
818 836 1010 901 admodum
1024 835 1068 899 de
1082 828 1150 916 his,
1171 851 1263 917 quae
1278 835 1325 899 ad
1345 836 1514 906 virtutem
1528 854 1603 918 per·

373 942 496 1021 tinent,
511 942 769 1023 intelligebaut‚·
785 960 865 1007 cum
881 953 1000 1007 tamen
1016 942 1061 1006 ad
1076 943 1171 1006 mala
1187 942 1276 1006 satis
1293 952 1413 1007 esseut
1427 944 1602 1025 perspica-

372 1066 443 1113 ces.
460 1049 505 1114 Et
520 1049 608 1113 haec
623 1066 702 1114 esse
717 1066 826 1114 causa
842 1049 1044 1128 videbatur,
1063 1049 1158 1130 quod
1179 1050 1225 1114 ob
1240 1049 1406 1114 timorem
1420 1050 1603 1115 christiani

371 1156 457 1220 facti
471 1167 588 1235 erant,
606 1157 749 1237 quidam
764 1157 858 1221 enim
872 1155 1036 1235 lusitani,
1053 1173 1135 1221 cum
1149 1156 1284 1222 irruere
1299 1157 1430 1221 vellent
1446 1158 1482 1222 in
1497 1154 1603 1240 quod·

372 1263 455 1328 dam
470 1263 650 1345 oppidum,
667 1263 783 1328 media
798 1262 873 1343 ejus
888 1280 972 1345 pars
986 1262 1083 1327 iacta
1098 1274 1152 1328 est
1167 1264 1375 1343 christiana,
1393 1278 1432 1329 ut
1446 1266 1602 1330 vexatio·

372 1388 452 1435 nem
466 1370 694 1448 redimerent;
712 1381 746 1436 et
767 1388 848 1435 cum
867 1372 926 1435 hic
947 1373 1096 1460 populus
1114 1389 1195 1436 cum
1219 1372 1279 1437 illo
1300 1372 1430 1436 bellum
1450 1381 1602 1452 gereret,

372 1478 431 1559 qui
445 1476 632 1543 inferiores
646 1479 713 1544 sibi
727 1478 951 1558 videbantur,
968 1489 1007 1542 ut
1022 1478 1298 1543 christianorum
1312 1479 1476 1545 favorem
1492 1490 1525 1544 et
1544 1496 1601 1543 au·

371 1586 493 1649 xilium
508 1586 718 1665 obtinerent,
734 1604 773 1650 se
788 1587 834 1649 ad
849 1586 984 1651 Christi
997 1585 1102 1650 fidem
1116 1585 1331 1668 sequendam
1347 1586 1553 1667 offerebant;
1568 1595 1602 1651 et

370 1709 453 1755 cum
467 1710 538 1757 non
554 1693 599 1756 ob
614 1693 772 1757 divinam
787 1694 1056 1773 inspirationem
1070 1692 1106 1757 id
1124 1695 1299 1773 facerent,
1321 1694 1429 1775 aliqui
1448 1693 1600 1775 baptiza·

371 1801 510 1879 bantur,
527 1800 637 1881 aliqui
652 1818 690 1863 se
705 1800 972 1864 abscondebant
990 1818 1036 1863 ne
1056 1800 1239 1865 christiani
1258 1800 1393 1880 fierent,
1415 1800 1525 1882 aliqui
1543 1818 1599 1865 ne·

369 1908 504 1987 gabant
519 1924 556 1971 se
571 1906 786 1971 christianos
800 1906 877 1971 lieri
891 1908 994 1987 velle;
1011 1908 1107 1971 etita
1130 1908 1294 1971 saraceni
1312 1924 1393 1971 cum
1411 1908 1600 1988 gentilibus

371 2015 519 2079 admixti
530 2015 702 2079 vivebant
713 2015 750 2079 in
761 2015 880 2079 multis
891 2014 992 2093 lociS,
1007 2014 1115 2078 immo
1129 2010 1191 2097 [in]
1207 2014 1333 2097 maiori
1345 2023 1446 2097 parte
1456 2018 1599 2098 populo·

369 2140 449 2187 rum
464 2139 522 2185 res
537 2123 588 2186 sic
603 2138 641 2185 se
656 2122 822 2201 habebat,
839 2129 971 2186 etcum
986 2121 1171 2186 christiani
1184 2131 1320 2202 essent,
1344 2140 1463 2187 mores
1481 2131 1599 2187 tamen

368 2229 554 2311 gentilium
569 2237 604 2293 et
617 2246 871 2293 saracenorum
893 2229 931 2293 in
952 2229 1072 2293 multis
1094 2230 1304 2309 retinebant,
1327 2226 1525 2310 cujusmodi
1545 2239 1600 2294 est

370 2338 498 2403 ducere
517 2354 650 2402 uxores
676 2338 973 2418 consanguineas,
994 2346 1030 2401 et
1051 2353 1154 2419 quae,
1172 2354 1253 2401 cum
1273 2337 1443 2403 iratribus
1459 2340 1595 2421 nupsis-

370 2456 460 2528 sent,
476 2447 606 2510 liberos
622 2446 667 2509 ab
683 2446 734 2509 eis
749 2462 820 2509 non
836 2454 1080 2526 susceperant.

428 2552 520 2617 3506.
563 2552 664 2616 Multi
678 2553 786 2617 etiam
802 2569 931 2617 uxores
944 2552 1096 2633 gentiles
1110 2550 1259 2632 ducunt,
1276 2563 1311 2616 et
1327 2564 1411 2617 tunc
1432 2571 1504 2617 non
1524 2553 1596 2617 diu·

370 2663 440 2727 tius
457 2661 562 2727 durat
575 2660 858 2741 matrimonium,
875 2678 982 2742 quam
999 2660 1138 2742 utrique
1152 2678 1275 2725 eorum
1289 2661 1428 2742 placeat
1442 2662 1500 2725 vel
1515 2662 1595 2725 alte·

370 2771 412 2851 ri;
428 2787 511 2834 nam
525 2769 586 2833 hic
600 2786 676 2832 mos
691 2777 745 2832 est
759 2768 850 2832 inter
866 2769 946 2833 illas
959 2776 1097 2848 gentes,
1113 2777 1162 2847 ut,
1180 2769 1240 2849 qui
1252 2770 1329 2834 vult
1340 2785 1595 2848 uxorem-cum

371 2877 446 2958 eJ'us
460 2887 560 2959 patre
575 2886 611 2940 et
624 2876 910 2956 consanguineis,
927 2876 1011 2940 data
1026 2876 1261 2958 pecuniaque
1275 2876 1389 2958 ipsam
1400 2887 1505 2955 emat,
1521 2894 1595 2940 rem

370 2985 558 3064 transigat.
575 2984 654 3065 lpse
669 3000 756 3047 vero
776 3001 879 3047 socer
900 2983 961 3048 dat
979 2983 1072 3048 filiae
1092 2983 1209 3065 aliqua
1224 2983 1355 3064 exigua
1375 2983 1500 3048 domus
1518 2999 1595 3066 sup·

371 3092 568 3176 pellectilia;
585 3101 619 3155 et
633 3092 665 3156 si
678 3090 808 3171 fugerit
827 3109 918 3156 uxor
936 3091 983 3156 ad
1002 3091 1146 3156 domum
1164 3091 1292 3172 patris,
1314 3091 1428 3156 denuo
1447 3093 1596 3173 pecunia

371 3215 424 3265 est
439 3199 655 3280 redimenda,
672 3199 703 3262 si
717 3207 847 3279 autem,
869 3198 963 3280 quod
982 3200 1071 3263 alter
1087 3199 1188 3262 alteri
1202 3198 1398 3280 displiceat,
1419 3199 1595 3263 matrimo-

369 3307 467 3372 nium
481 3307 699 3386 dissolvitur,
716 3305 865 3370 maritus
879 3307 968 3386 petit
982 3305 1050 3370 sibi
1064 3305 1164 3370 reddi
1179 3323 1269 3387 quae
1283 3323 1349 3387 pro
1373 3324 1415 3370 ea
1429 3308 1595 3387 solverat3

370 3416 437 3480 nisi
452 3415 487 3479 id
501 3414 720 3494 restituatur,
736 3431 801 3495 pro
825 3415 954 3478 ancilla
976 3424 1096 3478 manet
1110 3412 1215 3492 domi,
1236 3423 1272 3477 et
1290 3415 1373 3478 licet
1392 3414 1424 3478 ei
1444 3415 1597 3478 vendere

369 3526 427 3588 cui
442 3525 548 3602 volet;
570 3531 605 3587 et
623 3540 692 3605 quo
712 3523 860 3604 quisque
880 3522 1088 3586 honoratior
1103 3531 1168 3600 est,
1189 3525 1309 3602 plures
1328 3522 1434 3587 habet
1455 3539 1594 3586 uxores.

369 3631 452 3696 Sive
468 3640 585 3694 autem
599 3630 743 3694 recedat
757 3631 850 3711 ipsa,
867 3631 944 3694 sive
959 3629 1156 3694 dimittatur
1171 3646 1192 3692 a
1212 3630 1360 3709 marito,
1381 3647 1485 3693 nemo
1506 3629 1597 3693 alius

370 3739 433 3803 tali
447 3755 528 3802 cum
541 3737 672 3801 femina
693 3734 862 3818 conjungi
881 3746 1011 3818 potest;
1037 3747 1071 3800 et
1090 3737 1121 3800 si
1141 3736 1221 3818 quis
1242 3735 1278 3800 id
1296 3735 1441 3818 faceret,
1467 3737 1594 3801 marito

368 3846 483 3911 reddit
498 3845 649 3909 mediam
664 3858 801 3925 partem
821 3845 1005 3926 pecuniae,
1021 3861 1129 3926 quam
1143 3844 1218 3926 ipse
1238 3843 1384 3908 dederat
1398 3844 1539 3924 socero;
1560 3854 1596 3910 et

369 3971 449 4019 cum
465 3954 501 4017 id
516 3954 617 4017 duret
632 3969 743 4034 usque
757 3953 803 4016 ad
825 3960 976 4016 mortem
994 3949 1086 4032 ejus,
1110 3951 1218 4032 aliqui
1240 3951 1358 4015 mariti
1379 3969 1424 4016 ex
1443 3951 1597 4016 dimissis

370 4061 540 4128 uxoribus
559 4059 664 4124 valde
683 4059 871 4124 ditescunt.
894 4059 975 4141 Ipsa
998 4076 1084 4123 vero
1106 4059 1236 4124 femina
1256 4059 1343 4123 nulli
1363 4076 1500 4140 poenae
1520 4059 1597 4124 sub·

366 4170 473 4252 jacet.

429 4275 521 4340 3507.
564 4274 654 4339 Aliis
668 4276 787 4356 etiam,
801 4293 872 4338 non
884 4275 1000 4354 magis
1012 4275 1143 4340 rationi
1158 4274 1337 4356 consonis,
1353 4275 1490 4356 legibus
1505 4272 1598 4356 [illae

370 4393 495 4465 gentes
520 4383 730 4462 obstrictae,
758 4381 851 4466 sive]
877 4383 1067 4464 impeditae
1092 4392 1173 4446 sunt
1199 4380 1224 4447 ¹:
1247 4384 1351 4464 quale
1373 4391 1443 4464 est,
1465 4383 1495 4447 si
1521 4384 1598 4465 quis

370 4502 491 4557 mutuo
515 4490 611 4556 dedit
638 4490 843 4572 pecuniam,
873 4489 972 4554 illum
999 4490 1065 4554 sibi
1094 4491 1254 4572 pignoris
1281 4491 1361 4554 loco
1388 4491 1425 4555 in
1453 4508 1597 4556 servum

376 4651 573 4658 ...D—-

415 4737 421 4766 ¹
449 4731 496 4776 lla.
508 4732 585 4776 Aliae
596 4734 678 4776 etiam
689 4735 725 4776 ad
736 4735 825 4787 tttagt's
834 4735 937 4779 rationi
946 4745 1075 4778 consonas
1084 4736 1157 4789 leges
1166 4737 1315 4792 impeditae
1324 4740 1395 4783 aunt.
