3642 5350
704 430 708 438 ·
777 399 841 458 Au.
864 400 934 461 1556
1419 393 1477 457 tsi·

250 587 255 598 -
307 544 395 609 1935.
439 544 603 625 Rogabat
621 536 715 610 idem
735 546 842 610 etiam
861 545 1059 623 Adrianus,
1080 562 1125 609 ne
1143 545 1249 610 facile
1267 544 1472 609 crederetur

242 650 320 732 ejus
334 652 509 729 censuriS,
525 652 638 717 donec
653 653 777 732 etipse
792 652 934 717 auditus
948 661 1057 732 esset;
1079 653 1170 717 sorte
1187 660 1379 733 paupertas
1394 652 1473 718 Col-

244 760 327 839 legii
338 760 573 824 Lovaniensis
588 768 622 823 et
637 776 763 839 parum
774 775 946 840 prospera
958 759 1124 824 valetudo
1136 759 1174 823 P.
1189 758 1475 841 Ribadeneyrae,

243 882 335 947 quae
360 866 478 947 aliquo
503 865 660 930 subsidio
684 867 822 945 egebat,
851 864 955 945 hujus
980 866 1180 931 aversionis
1207 884 1317 930 causa
1341 864 1474 947 suerat3

243 972 409 1053 quamvis
425 973 555 1054 alioqui
570 974 658 1037 bene
674 973 765 1037 inter
779 972 876 1053 ipsos
891 974 1111 1037 conveniret.
1325 1008 1330 1019 ·

308 1078 395 1143 1936.
439 1079 494 1143 De
509 1080 546 1143 Ρ.
563 1078 724 1143 Adriano
739 1076 1038 1143 Candidoscribit
1058 1078 1164 1157 idem,
1186 1081 1281 1161 quod
1302 1080 1419 1163 potius
1439 1080 1475 1144 ln

244 1184 391 1251 laxitate
406 1204 513 1268 quam
527 1187 562 1250 in
578 1186 768 1250 severitate
784 1186 1009 1266 procedebat.
1023 1186 1067 1250 Et
1082 1203 1164 1251 cum
1179 1188 1237 1251 ille
1252 1188 1298 1252 ad
1310 1196 1474 1259 matrem,

243 1294 425 1357 curandae
439 1292 653 1357 valetudinis
668 1310 793 1371 causa,
811 1293 1046 1373 Antuerpiam
1059 1294 1149 1369 ibat,
1166 1294 1226 1357 ubi
1241 1293 1391 1359 delicate
1406 1303 1475 1359 tra·
1552 1338 1556 1345 -

244 1401 429 1479 ctabatur;
446 1400 544 1481 pejus
560 1400 741 1477 affectum,
766 1400 859 1481 quod
879 1400 926 1463 ad
942 1400 1179 1465 valetudinem
1200 1401 1339 1481 attinet,
1358 1402 1477 1467 redire

245 1504 370 1589 {dicit],
387 1526 430 1571 ac
445 1509 608 1572 eumdem
622 1506 828 1587 protestari,
845 1505 940 1587 quod
955 1507 1050 1570 nulla
1065 1507 1183 1571 victus
1198 1508 1335 1572 ratione
1350 1509 1477 1573 melius

244 1632 353 1697 quam
369 1617 404 1679 in
419 1615 598 1679 communi
612 1630 735 1677 mensa
749 1614 863 1677 nostri
882 1612 1032 1693 Collegii
1047 1614 1212 1678 habebat.

310 1720 397 1787 1937.
441 1721 642 1787 Conciones
657 1722 766 1785 etiam
784 1738 965 1801 nunquam
983 1721 1053 1802 ipsi
1072 1720 1180 1785 luisse
1202 1720 1397 1801 injunctas,
1413 1724 1477 1787 sed

244 1830 466 1910 experientia
486 1828 522 1893 id
544 1829 708 1908 intelligi,
730 1828 825 1909 quod
844 1828 969 1891 melius
987 1828 1140 1891 habebat
1160 1838 1195 1892 et
1215 1829 1375 1909 hilarius,
1395 1846 1476 1893 cum

245 1937 538 2017 occupationibus
554 1934 724 2016 ejusmodi
739 1920 973 2012 detinebatur,
990 1952 1096 2014 quam
1110 1934 1186 1998 sine
1199 1936 1279 2001 illis.

310 2043 397 2109 1938.
440 2043 537 2108 ldem
561 2042 695 2121 scribit,
712 2042 833 2105 audita
849 2039 887 2104 P.
903 2040 1033 2121 Ignatii
1049 2052 1174 2119 morte,
1190 2043 1282 2106 inter
1296 2044 1477 2125 lacrymas

244 2164 319 2217 non
332 2169 482 2233 parvam
498 2150 652 2215 sensisse
671 2158 815 2212 nostros
836 2147 1084 2211 confidentiam
1099 2148 1136 2212 in
1159 2146 1311 2213 Domino
1327 2159 1362 2214 et
1375 2150 1476 2232 spiri·

244 2270 304 2325 tus
318 2259 544 2326 erectionem.
561 2257 648 2321 Erat
664 2265 781 2320 autem
793 2253 868 2336 jam
883 2255 1066 2320 accinctus
1080 2256 1126 2319 ad
1141 2254 1219 2334 iter,
1236 2258 1331 2337 quod
1350 2259 1476 2339 postri-

245 2368 304 2433 die
323 2383 541 2447 aggresurus
561 2374 649 2443 erat,
670 2380 751 2427 cum
776 2380 840 2443 per
861 2362 898 2427 P.
927 2362 1213 2451 Ribadeneyram
1230 2364 1319 2427 alias
1338 2366 1478 2445 accepit

247 2477 395 2554 litteras,
411 2475 538 2555 quibus
553 2472 662 2535 dilata
678 2470 920 2551 Congregatio
931 2471 967 2533 in
980 2488 1112 2534 annum
1123 2479 1332 2551 sequentem
1346 2471 1477 2553 signifi·

246 2586 409 2651 cabatur.

311 2692 399 2757 1939.
441 2689 675 2755 Valedixerat
700 2688 758 2751 ille
783 2688 818 2750 in
838 2686 975 2749 duabus
994 2685 1227 2750 concionibus
1249 2686 1400 2766 publicis
1418 2705 1476 2767 po·

248 2802 343 2886 pulo,
360 2798 524 2881 quamvis
538 2813 611 2860 non
626 2795 741 2859 suerat
756 2811 866 2858 ausus
878 2809 1061 2857 recessum
1076 2793 1292 2872 significare,
1307 2811 1353 2857 ne
1367 2793 1477 2858 nimio

246 2907 372 2972 dolore
386 2905 585 2971 afficeretur
600 2913 660 2966 aut
676 2904 711 2966 in
720 2903 895 2965 clamores
906 2908 1164 2980 prorumperet.
1181 2899 1252 2965 Sed
1262 2917 1343 2964 cum
1355 2910 1478 2981 postea

247 3009 421 3091 homines,
437 3030 518 3078 eum
534 3011 657 3076 audire
671 3009 780 3088 soliti,
803 3023 945 3072 cessare
963 3007 1229 3087 profectionem,
1253 3025 1359 3089 quam
1381 3007 1480 3088 prius

249 3122 461 3202 instituerat,
477 3120 738 3196 intellexerunt,
754 3115 882 3178 mirum
894 3115 931 3177 in
946 3113 1088 3176 modum
1102 3113 1236 3194 laetati,
1253 3115 1390 3194 gratias
1402 3113 1481 3179 Deo

247 3237 410 3312 egerunt.

312 3334 400 3402 1940.
445 3333 627 3400 Admoniti
646 3331 787 3396 fuerant
806 3347 852 3393 ex
866 3327 962 3392 Urbe
978 3344 1101 3391 omnes
1115 3329 1245 3408 nostri,
1262 3338 1301 3392 ut
1316 3327 1481 3394 admone·

251 3453 341 3522 rent,
357 3459 442 3507 num
457 3443 594 3522 aliquos
609 3457 655 3503 ex
669 3437 813 3516 nostriS,
830 3435 889 3516 qui
903 3435 1038 3498 Romae
1049 3437 1301 3516 versabantur,
1317 3437 1483 3518 excipere

248 3559 406 3633 possent;
422 3565 506 3612 nam
520 3555 667 3628 propter
681 3545 771 3608 bella
796 3543 927 3606 Romae
943 3541 1174 3620 imminentia,
1192 3542 1235 3606 de
1256 3542 1482 3624 prudentium

249 3657 398 3722 consilio
417 3647 516 3720 multi
538 3663 640 3718 extra
662 3651 813 3716 Romam
832 3648 994 3713 mittendi
1014 3638 1129 3728 erant3
1156 3651 1218 3713 sed
1237 3647 1276 3714 P.
1300 3649 1481 3716 Adrianus

252 3765 395 3846 scripsit
408 3761 608 3828 Lovanium
623 3760 738 3823 nullos
753 3756 944 3822 mittendos
962 3773 1040 3820 esse
1061 3757 1185 3836 videri,
1209 3767 1283 3821 tum
1298 3757 1393 3838 quod
1408 3775 1480 3823 non

252 3871 407 3950 videbat,
431 3867 515 3950 quid
537 3868 596 3946 ibi,
620 3865 714 3948 quod
735 3864 856 3944 magni
879 3863 1047 3926 momenti
1068 3873 1174 3943 esset,
1197 3879 1305 3943 agere
1323 3876 1482 3945 possent;

251 3989 327 4042 tum
347 3986 492 4058 propter
513 3973 663 4052 Collegii
684 3979 942 4053 paupertatem;
963 3979 1038 4032 tum
1057 3979 1202 4050 propter
1222 3969 1349 4036 domus
1373 3987 1485 4054 angu-
1523 3989 1529 4006 ·

253 4084 352 4164 stias;
368 4095 443 4148 tum
457 4080 552 4164 quod
571 4098 659 4161 opus
673 4088 770 4142 esset·
788 4079 823 4141 in
843 4075 1015 4156 regimine
1036 4077 1229 4142 multorum
1251 4079 1433 4160 occupari,
1451 4090 1486 4144 et

249 4189 396 4254 statutis
420 4207 462 4253 ac
485 4188 619 4268 regulis
641 4188 760 4268 plures
775 4194 921 4265 egerent
942 4193 978 4247 et
1000 4182 1124 4247 officiis
1143 4185 1251 4249 etiam
1266 4187 1484 4264 domesticis;

252 4314 337 4363 nam
352 4313 394 4362 eo
413 4305 571 4376 tempore
597 4294 649 4358 sic
674 4299 856 4356 reserant
880 4291 1099 4371 compositae
1124 4292 1159 4354 in
1187 4309 1228 4355 eo
1255 4291 1429 4373 Collegi0,
1450 4306 1490 4360 ut

249 4404 429 4486 quaedam
454 4401 587 4467 familia
613 4409 716 4465 extra
742 4398 942 4478 Collegium
967 4397 1084 4462 omnia
1110 4400 1316 4464 necessaria
1342 4413 1488 4482 emeret,

251 4523 289 4586 et
305 4519 473 4593 coqueret
492 4519 527 4574 et
546 4507 718 4572 adferret:
739 4507 809 4570 alia
830 4505 976 4569 lavandi
995 4514 1030 4568 et
1050 4505 1231 4569 reficiendi
1253 4516 1383 4588 vestes,
1404 4515 1488 4574 etc.:

251 4599 333 4684 alia.
345 4615 567 4684 custodiendi
586 4625 795 4679 ornamenta
811 4610 856 4676 ad
871 4629 974 4676 usum
996 4613 1156 4676 sacelli...
1174 4614 1273 4679 etita
1289 4609 1408 4695 ajebat
1425 4615 1491 4680 Rea
