3642 5350
842 398 906 458 Ait.
927 396 998 457 1⁵56
1337 408 1341 415 '
1480 395 1535 457 773

303 544 407 625 bant;
422 561 505 609 nam
519 545 557 609 ln
571 542 730 625 singulas
743 545 852 610 horas
866 546 1103 626 expectabant
1116 546 1176 610 vel
1188 552 1227 610 ut
1246 544 1534 624 submergeretur

301 651 407 716 navis
420 652 479 717 vel
494 651 698 717 allideretur
712 652 858 733 rupibus
876 661 939 717 aut
958 653 1126 735 syrtibus.
1147 649 1219 716 Sed
1236 651 1370 733 placuit
1390 649 1534 714 divinae

302 757 454 824 bonitati
467 775 598 824 navem
611 777 840 840 conservare,
853 767 888 825 et
902 760 1130 825 illucescente
1140 760 1208 839 die,
1223 767 1258 824 et
1268 768 1376 823 vento
1386 774 1466 823 sese
1476 775 1534 823 re·

303 866 479 947 mittente,
495 866 691 948 periculum
706 867 859 933 evadere
873 876 1080 948 potuerunt:
1096 884 1142 932 ex
1156 884 1226 949 quo
1244 866 1381 947 egressi
1402 882 1533 932 navem

304 973 528 1055 primariam,
545 975 581 1038 in
596 992 666 1057 qua
680 974 847 1039 veniebat
864 974 1078 1056 Episcopus,
1100 991 1191 1055 quae
1210 974 1247 1037 in
1272 972 1396 1038 eodem
1416 972 1535 1037 iuerat

304 1081 475 1162 periculo,
492 1098 574 1146 cum
588 1096 720 1161 magna
734 1082 978 1147 consolatione
991 1082 1173 1161 viderunt,
1188 1090 1224 1146 et
1237 1080 1342 1145 simul
1359 1080 1397 1145 in
1411 1078 1534 1159 vigilia

303 1186 363 1253 85¹
381 1187 506 1273 Jacobi
521 1189 566 1254 ad
581 1196 724 1270 portum
738 1188 984 1255 Mozambiche
997 1198 1248 1271 pervenerunt.
1264 1186 1398 1253 Eodem
1415 1197 1532 1252 autem

302 1296 359 1361 die
373 1296 543 1377 primaria
558 1297 682 1378 navis,
699 1313 807 1379 quam
821 1298 858 1362 in
878 1305 952 1363 toto
967 1297 1093 1363 itinere
1107 1314 1283 1379 nusquam
1297 1295 1474 1376 viderant,
1490 1312 1533 1359 eo

305 1405 478 1486 pervenit.

361 1510 454 1599 3336.
496 1512 577 1594 Ipso
602 1520 722 1578 autem
745 1513 802 1579 die
827 1510 889 1578 su
915 1511 1042 1596 Jacobi
1066 1522 1247 1597 sequente,
1273 1522 1402 1595 quarta
1426 1511 1534 1577 etiam

301 1620 406 1685 navis
428 1619 554 1701 Regis,
581 1620 618 1686 in
641 1637 711 1702 qua
733 1620 772 1685 P.
800 1620 1007 1687 Gonzalvus
1032 1620 1076 1687 de
1101 1620 1253 1703 Sylvera
1276 1620 1462 1701 veniebat,
1488 1619 1535 1684 ad

302 1728 463 1793 eumdem
477 1736 619 1809 portum
639 1730 820 1810 pervenit,
841 1729 937 1811 quod
955 1746 1088 1824 magna
1109 1746 1196 1794 sane
1216 1728 1460 1794 consolatione
1474 1744 1533 1791 no·

303 1842 397 1900 stros
416 1834 610 1916 affecit,et
627 1836 769 1918 insigne
791 1836 924 1901 donum
943 1834 1012 1901 Dei
1030 1836 1113 1916 suit,
1137 1846 1289 1920 quatuor
1305 1852 1419 1900 naves
1440 1834 1533 1899 intra

303 1942 406 2007 unius
419 1941 488 2008 diei
502 1944 657 2025 spatium
671 1944 717 2009 ad
732 1945 831 2009 illum
846 1952 988 2026 portum
1000 1945 1191 2026 appulisse.

359 2048 450 2114 3337.
493 2049 532 2115 ln
547 2050 661 2132 primo
678 2060 797 2117 autem
811 2068 960 2131 egressu
978 2067 1113 2132 eorum,
1130 2052 1243 2132 quiin
1258 2049 1394 2116 duobus
1410 2050 1535 2132 primis

300 2155 453 2222 navibus
464 2158 663 2238 veniebant,
676 2159 815 2241 gratias
826 2158 903 2225 Deo
919 2160 1035 2224 acturi
1050 2159 1086 2224 in
1100 2158 1279 2241 quoddam
1294 2158 1534 2223 eremitorium

300 2264 339 2329 B.
353 2262 527 2345 Virginis,
541 2282 648 2347 quam
659 2276 790 2331 vocant
802 2264 859 2329 del
870 2264 1035 2331 baluarte
1045 2267 1241 2347 venientes,
1253 2266 1335 2331 inde
1346 2265 1383 2329 in
1393 2281 1534 2346 proces·

299 2374 400 2438 sione
425 2373 471 2439 ad
496 2374 665 2454 templum
689 2391 867 2440 summum
887 2372 965 2455 ejus
991 2374 1129 2457 oppidi,
1146 2374 1240 2468 quod
1262 2372 1535 2439 Misericordiae

299 2478 439 2561 dicitur,
461 2490 649 2561 venerunt;
669 2489 704 2546 et
724 2482 835 2546 duces
855 2482 1002 2546 navium
1022 2500 1066 2547 ac
1089 2482 1226 2547 nobiles
1245 2489 1280 2546 et
1296 2481 1396 2546 multi
1415 2481 1476 2546 alii
1490 2482 1534 2546 de

299 2589 414 2653 classe
427 2589 506 2669 ipso
518 2588 574 2653 die
590 2586 649 2653 Si*
671 2588 797 2671 Jacobi
808 2590 1128 2669 communicarunt,
1140 2600 1176 2653 et
1187 2589 1226 2653 Ρ.
1239 2587 1454 2654 Franciscus
1465 2586 1532 2653 Ro-

300 2695 446 2776 driguez
465 2697 697 2762 concionatus
715 2706 781 2778 est3
796 2696 968 2779 postridie
984 2705 1102 2763 autem
1117 2695 1155 2762 P.
1176 2697 1383 2763 Gonzalvus
1398 2696 1442 2762 de
1455 2695 1533 2778 syl»

301 2821 388 2868 vera
399 2804 524 2869 eodem
536 2803 650 2870 officio
661 2815 716 2870 est
725 2804 882 2886 functus;
892 2812 926 2870 et
938 2806 1014 2887 lpse
1026 2807 1145 2876 etiam.
1155 2823 1236 2870 cum
1247 2805 1474 2886 processione
1487 2805 1534 2871 ab

301 2911 504 2978 eremitorio
519 2911 558 2978 B.
575 2911 739 2993 Virginis
753 2913 799 2978 ad
814 2912 1081 2978 Misericordiae
1095 2914 1264 2994 templum
1279 2913 1437 2977 arculam
1452 2929 1532 2978 cum

301 3015 461 3101 reliquiis
480 3029 687 3085 sanctorum
706 3020 743 3085 in
762 3021 926 3085 manibus
942 3019 1117 3100 deserens,
1134 3028 1169 3085 et
1189 3019 1309 3085 statim
1323 3029 1532 3101 suggestum

301 3127 510 3208 ascendens,
528 3145 651 3193 omnes
665 3146 732 3193 sua
745 3128 1013 3210 praedicatione
1027 3128 1064 3192 in
1078 3127 1233 3193 Domino
1247 3130 1452 3193 consolatus
1466 3138 1531 3210 est,

301 3245 336 3301 et
360 3235 396 3301 in
420 3235 490 3300 illis
516 3236 763 3304 novemdecim
788 3235 923 3316 diebus,
950 3253 1039 3318 quos
1063 3245 1260 3318 exegerunt
1286 3236 1389 3301 ineo
1414 3246 1531 3318 portu,

300 3343 424 3434 eodem
436 3343 673 3409 concionandi
684 3361 830 3409 munere
842 3344 969 3409 crebro
980 3343 1092 3409 iuncti
1104 3354 1198 3409 sunt.
1215 3344 1260 3408 Et
1268 3343 1352 3426 quia
1364 3344 1409 3408 ad
1420 3361 1533 3408 naves

300 3450 417 3516 redire
432 3449 600 3533 quotidie,
613 3468 685 3515 non
697 3451 773 3514 sine
785 3450 971 3532 dispendio
981 3452 1152 3532 temporis
1163 3460 1199 3515 et
1209 3451 1343 3531 labore,
1355 3459 1533 3533 poterant,

301 3557 444 3623 domum
459 3559 496 3622 in
510 3558 639 3640 oppido
655 3559 913 3641 Mozambique,
927 3576 973 3622 ex
987 3559 1162 3624 charitate
1176 3558 1343 3637 oblatam,
1360 3558 1533 3624 inhabita·

301 3676 384 3731 runt
403 3663 529 3732 Patres
548 3665 765 3749 Gonzalvus,
784 3665 1000 3731 Franciscus
1019 3665 1222 3747 Rodriguez
1241 3675 1276 3729 et
1297 3665 1483 3748 Meschita;
1499 3678 1534 3731 et

302 3773 352 3838 ita
366 3773 487 3838 multis
505 3783 732 3840 sacramenta
751 3773 985 3839 confessionis
1004 3782 1040 3838 et
1060 3773 1318 3839 communionis
1332 3772 1535 3839 ministrare

302 3889 506 3962 potuerunt.
1091 3899 1094 3904 ·

361 3985 453 4051 3338.
496 3987 614 4053 Insula
628 3989 689 4053 illa
703 3997 739 4054 et
757 3988 926 4072 oppidum
944 3987 1189 4054 Mozambiche
1204 3995 1323 4054 aerem
1342 3987 1534 4054 admodum

302 4094 520 4160 insalubrem
535 4093 652 4162 habet.
720 4146 724 4161 .

360 4199 453 4269 3339.
497 4203 629 4270 Omnes
644 4203 775 4269 Missae
790 4205 975 4270 absolutae
990 4221 1069 4270 esse
1084 4204 1198 4270 solent
1213 4201 1342 4288 [primo
1353 4201 1483 4287 mane],
1500 4215 1535 4270 et

302 4307 381 4374 ideo
393 4312 503 4375 multo
516 4321 598 4376 ante
609 4313 724 4377 lucem
735 4312 867 4376 nostris
880 4312 1099 4394 surgendum
1110 4321 1199 4394 erat;
1212 4321 1247 4376 et
1261 4321 1342 4393 post
1352 4311 1535 4378 meridiem

302 4417 410 4482 etiam
431 4417 716 4484 confessionibus
735 4419 921 4485 audiendis
940 4420 1132 4500 vacabant;
1149 4429 1184 4484 et
1201 4429 1406 4485 nostrorum
1425 4436 1534 4502 opera

302 4524 477 4608 quasdam
490 4523 691 4591 discordias
704 4525 879 4592 Dominus
893 4527 942 4593 ibi
956 4525 1121 4609 extinxit,
1137 4527 1296 4610 et-aliqui
1310 4527 1442 4592 abusus
1456 4527 1535 4593 sub·

302 4631 365 4696 lati
380 4631 535 4712 luerunt,
551 4633 611 4715 qui
630 4633 723 4699 inter
736 4633 898 4700 homines
917 4651 990 4699 non
1002 4633 1144 4700 infimae
1163 4642 1270 4699 notae
1291 4636 1410 4700 locum
1431 4635 1534 4701 habe·
