3642 5350
348 437 403 494 670
805 432 934 494 Canon.
954 430 1031 492 Soc.
1049 433 1121 507 Jns.

348 580 516 662 gnomine
533 579 622 662 Jaen
639 577 647 609 ¹
668 587 703 643 et
721 578 888 644 Acebedo
906 575 919 608 ³
940 577 1136 659 (posterior
1158 586 1275 644 autem
1295 579 1431 660 primae
1451 579 1578 644 classis

347 695 556 769 praeceptor
569 685 664 764 erat)
679 686 787 750 etiam
801 695 835 749 et
851 685 918 767 ipsi
933 685 1242 765 concionarentur;
1259 685 1364 750 Pater
1378 695 1498 751 autem
1512 687 1574 751 Be·

347 795 509 860 nedictus
522 792 535 825 ⁸
548 793 780 857 christianam
794 791 994 856 doctrinam
1009 793 1135 858 eodem
1149 802 1310 876 tempore
1327 793 1518 858 dominicis
1533 810 1576 858 ac

346 903 446 967 iestis
464 901 587 965 diebus
606 900 824 966 declarabat.
845 898 925 965 Non
945 899 1063 980 itaque
1083 899 1231 964 deerant
1255 899 1413 981 Collegio
1440 899 1576 966 Cordu-

347 1011 459 1090 bensi,
474 1009 535 1090 qui
549 1008 699 1073 verbum
713 1007 782 1071 Dei
799 1009 930 1088 populo
951 1015 1201 1088 proponerent.

408 1115 501 1182 2881.
544 1116 717 1181 Creverat
731 1123 851 1179 autem
864 1132 912 1179 ex
925 1115 1070 1179 novitiis
1083 1116 1328 1196 operariorum
1346 1132 1524 1195 numerus;
1541 1126 1577 1180 et

349 1227 400 1290 ita
414 1224 711 1302 confessionibus,
726 1231 762 1286 et
772 1221 810 1303 ju
816 1221 941 1286 randis
955 1221 1154 1300 morituriS,
1170 1233 1204 1288 et
1220 1224 1436 1289 christianae
1450 1223 1576 1288 doctri·

348 1349 417 1397 nae
432 1333 468 1396 in
482 1331 594 1395 variis
608 1329 789 1411 parochiis
803 1329 985 1394 docendae
1000 1331 1130 1422 seriam
1146 1347 1291 1412 operam
1305 1331 1449 1396 dabant.

408 1438 500 1504 2882.
543 1436 614 1503 Sed
632 1455 719 1520 prae
738 1437 890 1502 caeteris
909 1438 1057 1502 eminuit
1077 1439 1195 1518 gratia
1209 1437 1278 1502 Dei
1292 1440 1328 1503 in
1347 1439 1576 1520 praedicatio·

348 1549 452 1612 nibus
466 1546 638 1628 praedicti
651 1544 769 1610 Patris
783 1544 960 1625 Ramirez,
976 1548 1012 1610 in
1027 1546 1153 1626 quibus
1168 1547 1268 1612 multi
1282 1565 1304 1609 a
1318 1547 1475 1628 peccatis
1485 1564 1575 1612 mor·

349 1655 480 1720 talibus
499 1654 739 1735 resipuerunt;
758 1659 885 1717 ettam
907 1652 1055 1718 evidens
1074 1653 1211 1718 fructus
1230 1671 1276 1718 ex
1298 1652 1374 1734 ejus
1394 1653 1574 1736 praedica-

336 1761 443 1828 'tione
464 1761 715 1843 proveniebat,
737 1768 775 1823 ut
799 1761 901 1824 multi
925 1761 960 1823 id
985 1759 1228 1826 adscriberent
1252 1762 1459 1843 humilitati;
1481 1762 1574 1844 quod

348 1871 410 1953 qui
429 1870 491 1934 tali
515 1868 649 1933 talento
673 1865 903 1948 praedicandi
927 1867 1109 1948 praeditus
1134 1878 1227 1948 erat,
1252 1869 1433 1934 docendae
1457 1886 1573 1952 gram·

349 1979 504 2043 maticae
515 1978 616 2068 daret
630 1992 794 2056 operam,
815 1975 851 2039 in
872 1993 941 2057 qua
964 1976 1219 2041 exercitatione
1241 1977 1285 2042 ab
1306 1978 1406 2042 initio
1425 1976 1574 2059 Collegii

348 2083 587 2150 Cordubensis
599 2083 716 2147 iuerat
731 2093 938 2163 occupatus.

405 2191 499 2256 2883.
541 2190 630 2255 Cum
652 2200 771 2254 autem
796 2191 854 2254 ille
878 2191 1180 2256 commendandos
1205 2209 1379 2273 pauperes
1400 2194 1474 2258 suis
1494 2211 1573 2258 con·

347 2299 508 2364 cionibus
532 2299 718 2362 institisset
745 2296 769 2378 ⁴,
793 2298 846 2363 sic
866 2297 1048 2363 auditores
1069 2300 1115 2364 ad
1136 2299 1404 2364 beneficentiam
1423 2317 1573 2365 commo·

345 2409 414 2488 vit,
434 2415 473 2470 ut
495 2405 632 2487 publice
654 2405 960 2487 circumferretur,
980 2425 1025 2471 ex
1046 2424 1116 2488 quo
1139 2408 1196 2470 ille
1215 2406 1492 2473 concionabatur
1507 2409 1572 2472 ele·

346 2530 538 2595 emosynas
552 2511 739 2578 Cordubae
753 2512 840 2577 fieri.

406 2621 497 2686 2884.
541 2619 630 2685 Cum
650 2630 769 2685 autem
783 2620 898 2685 eidem
917 2621 1164 2687 commendata
1184 2620 1308 2686 fuisset
1322 2621 1425 2685 lectio
1447 2620 1570 2688 doctri·

347 2748 415 2795 nae
430 2727 661 2807 christianae,
678 2738 751 2792 tam
765 2729 867 2793 multi
881 2745 963 2793 eum
978 2729 1216 2809 sequebantur
1230 2728 1418 2793 dominicis
1437 2730 1570 2811 diebus,

347 2848 384 2902 ut
398 2838 479 2901 licet
496 2854 580 2900 area
592 2824 742 2916 Collegii
756 2837 875 2918 ampla
886 2844 991 2915 esset,
1005 2836 1187 2900 auditores
1200 2836 1343 2901 minime
1354 2855 1483 2919 capere
1493 2856 1572 2920 pos·

348 2954 418 3025 set;
434 2962 500 3009 nec
515 2943 589 3008 iere
604 2944 674 3007 alia
689 2942 733 3006 de
747 2961 785 3006 re
808 2942 995 3008 Cordubae
1015 2960 1134 3007 sermo
1156 2955 1249 3023 erat,
1266 2962 1373 3025 quam
1394 2945 1438 3010 de
1451 2944 1491 3010 P.
1506 2944 1571 3010 Ra·

346 3052 455 3117 mirez
470 3051 700 3116 concionibus
713 3050 806 3114 inter
826 3049 902 3131 eJus
924 3049 1120 3131 auditores;
1143 3061 1178 3114 et
1201 3068 1423 3133 quocumque
1444 3054 1571 3133 illese,

346 3158 576 3243 praedicandi
589 3158 726 3238 gratia,
750 3155 945 3232 conferret,
969 3174 1050 3221 eum
1072 3160 1223 3239 populus
1238 3160 1466 3239 sequebatur,
1490 3176 1572 3240 quo·

345 3284 424 3331 rum
439 3282 572 3347 magna
591 3265 687 3329 vitae
708 3264 909 3329 emendatio
931 3272 1080 3346 sequuta
1101 3273 1167 3345 est;
1191 3274 1225 3329 et
1247 3266 1444 3330 onerabant
1465 3266 1573 3348 aliqui

347 3374 602 3439 conscientiam
618 3370 794 3452 Rectoris,
810 3372 870 3453 qni
889 3370 1091 3452 huiusmodi
1112 3372 1290 3437 hominem
1305 3391 1377 3438 non
1393 3374 1428 3437 in
1442 3373 1574 3439 scholis

347 3500 425 3548 esse
440 3478 687 3562 occupandum
709 3479 827 3544 sedin
848 3478 1115 3560 praedicatione
1136 3479 1335 3545 sentiebant
1350 3477 1373 3561 ⁸;
1397 3490 1432 3545 et
1454 3490 1572 3546 tamen

348 3591 405 3655 ille
423 3587 626 3667 theologiae
647 3602 828 3667 nunquam
847 3602 996 3667 operam
1015 3586 1177 3669 dederat,
1193 3586 1438 3668 philosophiae
1459 3590 1571 3655 solum

347 3712 490 3762 cursum
506 3694 725 3772 absolverat3
748 3693 811 3757 sed
833 3693 926 3757 bono
946 3694 1072 3775 spiritu
1093 3711 1136 3758 ac
1154 3691 1288 3774 judicio
1310 3694 1505 3775 praeditus,
1526 3714 1571 3760 ne

346 3804 529 3870 doctrinae
543 3800 703 3866 delectus
717 3800 753 3864 in
768 3818 811 3864 eo
826 3800 1160 3882 deprehenderetur,
1176 3801 1340 3865 iaciebat.

404 3908 495 3975 2885.
542 3907 742 3990 Episcopus
774 3906 1031 3987 Cordubensis,
1065 3907 1239 3973 Dominus
1272 3907 1473 3989 Leopoldus
1501 3910 1571 3975 Au·

346 4020 455 4083 striae
469 4026 504 4082 et
518 4014 746 4097 Imperatoris
765 4013 887 4078 Caroli
901 4024 1051 4095 patruus
1064 4020 1087 4094 ⁰,
1113 4016 1181 4079 hoc
1196 4022 1354 4094 tempore
1369 4032 1440 4080 non
1459 4018 1572 4083 solum

385 4259 394 4293 t
424 4257 453 4303 P.
464 4256 576 4310 Joannee
585 4255 658 4309 Jeen.
670 4255 793 4301 Litterae
801 4255 1034 4310 Quadrimcstres,
1044 4262 1062 4302 t.
1071 4266 1107 4310 tv,
1117 4267 1178 4311 pag.
1189 4256 1237 4301 700.

385 4331 396 4363 ¹
424 4329 453 4373 P.
464 4327 559 4373 Petrus
569 4329 600 4372 de
611 4328 740 4374 Acebedo.
751 4326 867 4381 Ibidem,
875 4340 937 4384 pag.
951 4328 1000 4373 231.

384 4400 395 4434 ⁸
422 4400 451 4445 Ρ.
461 4400 653 4452 Benedictus...
662 4400 826 4445 catalaunen.
838 4400 961 4445 Litterae
971 4399 1201 4454 Quadrimus,
1212 4406 1231 4445 t.
1242 4410 1278 4456 tv,
1289 4411 1350 4457 pez.
1360 4401 1408 4459 69⁶,
1418 4401 1519 4449 isa-702.

383 4473 397 4506 ⁴
423 4470 470 4516 lis.
482 4472 656 4516 substitisset.

385 4543 397 4578 ⁸
423 4542 636 4589 hissentieates.

382 4614 396 4649 ⁸
422 4614 460 4660 De
471 4615 520 4660 boc
531 4615 589 4659 vire
598 4615 738 4669 loquuntur
748 4615 871 4660 Litterae
884 4614 1116 4668 Quadrimestres,
1131 4622 1151 4659 t.
1168 4625 1204 4671 rr,
1221 4626 1281 4671 pag.
1291 4614 1341 4672 Ἀθ,
1355 4614 1404 4671 iffi,
1419 4616 1526 4661 tiorum
1540 4616 1572 4661 de

346 4690 422 4733 rebus
432 4694 513 4742 agunt
524 4686 697 4732 Cordubensis
707 4687 825 4741 collegii.
