3642 5350
784 423 848 487 Art.
869 424 941 487 1556
1421 424 1477 488 iffi

304 567 395 637 3182.
438 568 492 637 1)1
510 569 672 653 profectu
689 579 808 636 autem
827 571 1028 653 aliquorum
1048 589 1095 637 ex
1116 571 1283 637 studiosis
1305 573 1414 637 etiam
1436 574 1472 637 in

244 676 350 743 rebus
373 676 587 758 difficilibus,
613 674 810 758 cujusmodi
835 686 889 742 est
914 677 1062 759 injurias
1086 680 1176 761 pati,
1203 696 1275 744 non
1299 679 1474 761 patienter

244 786 370 864 solum,
383 783 491 850 sedet
502 784 583 849 cum
594 784 738 866 gaudio,
751 783 822 849 dici
833 795 979 865 possent
989 786 1119 851 similia
1130 786 1193 867 eiS,
1205 804 1297 868 quae
1311 785 1474 868 superius

246 890 451 958 dictasunt.

306 997 398 1065 3183.
441 998 588 1081 Propter
601 998 744 1064 morbos
758 1008 877 1064 autem
891 1008 1096 1066 nostrorum
1117 1000 1154 1065 in
1174 1000 1307 1067 ultimis
1327 1001 1476 1067 aestatis

248 1106 428 1171 mensibus
441 1106 574 1188 aliquid
587 1106 631 1173 de
645 1104 772 1170 studiis
786 1106 973 1171 remissum
987 1116 1053 1186 est;
1068 1124 1152 1172 nam
1165 1107 1272 1173 etiam
1283 1109 1377 1173 bona
1392 1126 1477 1191 pars

247 1223 476 1280 externorum
496 1212 792 1278 scholasticorum
808 1213 934 1278 morbo
954 1212 1079 1279 eodem
1096 1223 1255 1297 tempore
1277 1214 1474 1281 laborabat.

246 1320 368 1386 Mense
382 1320 501 1403 itaque
520 1320 686 1401 Augusto
705 1320 795 1385 duas
808 1327 947 1384 tantum
960 1319 1071 1385 horas
1088 1330 1339 1404 praeceptores
1361 1322 1399 1387 in
1412 1339 1476 1405 gy·

247 1428 394 1493 mnasiis
409 1436 492 1493 ante
507 1426 688 1493 meridiem
703 1426 968 1491 consumebant.
981 1426 1252 1495 Pomeridianae
1262 1430 1431 1503 lectiones
1442 1430 1478 1494 in

247 1534 337 1614 aliis,
353 1544 496 1617 praeter
510 1535 670 1599 ultimam
684 1535 847 1614 classem,
864 1535 1018 1601 omissae
1031 1544 1125 1600 sunt.
1155 1566 1158 1569 ·

309 1641 401 1707 3184.
444 1642 580 1708 Aderat
600 1652 684 1707 tunc
703 1642 741 1706 in
763 1640 888 1706 eodem
905 1640 1064 1723 Collegio
1084 1641 1122 1706 P.
1146 1642 1304 1725 ignatius
1322 1643 1367 1709 de
1386 1643 1476 1709 Aze-

248 1751 355 1830 vedo,
373 1751 434 1833 qui
447 1768 541 1815 anno
559 1749 741 1831 superiore
756 1748 886 1813 Rector
906 1747 1034 1830 fuerat,
1048 1761 1084 1815 et
1099 1750 1136 1814 in
1150 1766 1300 1831 gravem
1314 1751 1478 1817 morbum

249 1867 285 1922 et
300 1858 375 1939 ipse
391 1858 567 1935 incidens,
582 1874 697 1922 venae
711 1854 881 1921 incisione
895 1856 1024 1922 iterata
1037 1868 1072 1923 et
1090 1858 1170 1923 aliis
1184 1858 1361 1937 remediis,
1377 1859 1477 1923 brevi

250 1966 445 2044 convaluit,
459 1965 523 2029 sed
537 1981 618 2028 cum
633 1965 738 2045 paulo
752 1972 832 2043 post
845 1963 995 2042 gravius
1009 1964 1045 2029 in
1060 1965 1223 2031 morbum
1233 1965 1429 2045 recidisset,
1441 1966 1478 2030 in

248 2088 418 2153 magnum
446 2072 542 2137 vitae
567 2071 758 2137 discrimen
779 2069 955 2136 adductus
975 2080 1044 2153 est;
1060 2070 1124 2137 sed
1142 2071 1211 2137 Dei
1230 2073 1349 2153 gratia
1369 2072 1477 2139 etiam

249 2188 333 2244 tunc
347 2180 491 2245 sanitati
505 2178 571 2243 fuit
584 2178 778 2244 restitutus.
813 2260 815 2265 Ι

308 2284 400 2353 3185.
444 2286 597 2367 Quidam
619 2304 665 2351 ex
678 2284 860 2365 iratribus,
882 2285 1025 2351 nomine
1038 2285 1191 2351 Chalasa
1211 2284 1233 2367 ¹,
1253 2287 1314 2368 qui
1332 2288 1477 2368 quintae

248 2392 357 2458 classi
370 2403 546 2474 praeerat,
562 2410 607 2458 ex
621 2394 690 2457 hac
705 2392 780 2457 vita
794 2393 965 2472 migravit
983 2409 1104 2457 mense
1119 2391 1280 2472 Octobri;
1305 2404 1478 2460 renovata

249 2499 478 2566 nihilominus
502 2500 601 2566 fuere
625 2499 743 2564 studia
762 2500 830 2565 hoc
849 2508 1036 2579 autumno,
1062 2517 1144 2564 cum
1167 2516 1299 2583 magna
1321 2501 1477 2567 omnium

249 2608 507 2690 satisfactione,
525 2618 559 2676 et
573 2607 710 2691 primae
724 2607 850 2672 classis
868 2607 1079 2690 praelector,
1095 2607 1190 2688 Mag.
1207 2607 1397 2690 vanegas,
1417 2609 1476 2675 ha·

251 2717 324 2782 bita
343 2718 521 2798 oratione,
547 2715 685 2780 animos
703 2712 749 2778 ad
772 2715 890 2780 studia
915 2715 1134 2797 capessenda
1159 2715 1408 2794 inflammavit;
1434 2734 1477 2782 ac

250 2823 337 2906 ipsis
351 2825 460 2890 etiam
478 2823 590 2888 variis
609 2821 868 2902 aenigmatibus
883 2831 919 2885 et
936 2822 1110 2903 versibus,
1127 2823 1257 2904 partim
1276 2831 1477 2888 nostrorum
1545 2902 1550 2913 .

249 2932 380 3012 partim
394 2941 632 3009 externorum,
649 2929 758 2994 animi
771 2938 854 2994 sunt
869 2930 1026 2994 excitati.

309 3038 400 3104 3186.
443 3039 646 3121 Antequam
659 3036 698 3101 P.
720 3036 927 3102 Gonzalvus
946 3037 990 3100 de
1011 3035 1176 3118 Sylveira
1194 3037 1231 3102 in
1245 3038 1381 3106 Indiam
1399 3056 1476 3121 pro·

250 3145 482 3226 licisceretur,
498 3145 681 3226 intemplo
696 3143 846 3224 Collegii
860 3143 1046 3209 dominicis
1060 3143 1184 3210 diebus
1196 3154 1277 3226 post
1295 3147 1477 3212 meridiem

250 3254 547 3333 concionabatur,
563 3253 620 3318 cui
634 3252 674 3317 P.
690 3251 848 3332 ignatius
863 3251 907 3314 de
922 3250 1090 3315 Azevedo
1105 3253 1141 3316 in
1156 3252 1223 3317 hoc
1239 3269 1386 3319 munere
1399 3273 1476 3320 suc·

248 3361 367 3441 cessit,
383 3361 547 3444 quamvis
561 3361 720 3426 minister
734 3358 859 3424 domus
874 3359 1056 3440 professae
1077 3357 1136 3424 8³¹
1147 3359 1260 3425 Rochi
1274 3364 1380 3442 paulo
1395 3371 1478 3428 ante

248 3467 365 3534 factus
379 3479 484 3550 esset,
500 3477 535 3534 et
550 3467 752 3550 passionem
766 3463 910 3530 Domini
929 3475 1013 3546 post
1027 3467 1205 3532 celebrata
1219 3466 1332 3532 officia
1348 3468 1478 3534 bebdo-

190 3655 192 3660 .
250 3574 377 3640 madae
391 3584 538 3640 sanctae
548 3622 556 3655 ,
578 3583 614 3639 et
633 3583 876 3638 constructum
895 3591 918 3636 1
941 3573 1060 3654 probis
1074 3573 1163 3638 viris
1181 3573 1217 3638 in
1235 3576 1388 3640 ecclesia
1406 3594 1477 3642 mo·

251 3691 467 3764 numentum,
483 3699 565 3747 cum
580 3697 711 3762 magno
727 3680 836 3744 animi
850 3681 981 3744 ardore
995 3681 1228 3745 concionatus
1241 3690 1312 3760 est;
1328 3683 1427 3748 etita
1441 3684 1478 3749 in

250 3790 385 3874 reliquo
401 3790 486 3856 anni
499 3800 660 3870 tempore
677 3797 848 3854 consueto
863 3788 963 3852 verbi
984 3786 1052 3852 Dei
1070 3787 1200 3869 pabulo
1222 3789 1403 3854 auditores
1426 3808 1477 3856 re·

248 3898 360 3963 creati
375 3898 529 3963 fuerunt.

307 4004 399 4070 3187.
442 4005 615 4086 Quamvis
633 4003 728 4084 apud
741 4001 834 4068 Sam
849 4001 1044 4066 Antonium
1063 4003 1169 4084 pauci
1187 4002 1378 4070 admodum
1397 4022 1478 4071 con·

249 4112 405 4193 fessarii,
432 4122 467 4178 11
496 4113 546 4177 illi
570 4111 638 4194 ipsi
665 4109 960 4175 scholasticorum
987 4109 1269 4175 confessionibus
1292 4112 1479 4178 audiendis

249 4221 336 4285 satis
354 4221 519 4302 occupati
537 4227 671 4298 essent,
693 4235 764 4282 non
784 4226 903 4281 tamen
925 4217 1047 4281 deerat
1066 4216 1160 4300 apud
1178 4216 1273 4282 Saum
1283 4218 1479 4286 Antonium

249 4327 504 4408 poenitentium
518 4340 731 4404 concursus;
755 4324 863 4388 immo
883 4323 1039 4405 quotidie
1057 4324 1167 4404 aliqui
1185 4326 1231 4390 ad
1246 4327 1501 4394 consessionis

293 4606 303 4641 ¹
332 4606 447 4652 61111111
457 4615 484 4652 et
494 4606 634 4660 (3111111111,
643 4607 723 4651 tacito
733 4604 844 4659 nomlne,
853 4602 1004 4658 appellatur
1013 4603 1094 4648 etlam
1102 4614 1190 4660 supra,
1201 4610 1222 4652 1.
1231 4617 1259 4660 v,
1269 4617 1329 4660 pue.
1338 4606 1380 4652 618
1388 4614 1415 4653 11
1429 4608 1479 4665 du,

251 4691 277 4724 n.
290 4679 349 4723 1683.
