3642 5350
356 440 411 503 utu
814 438 943 501 Canon.
962 438 1039 500 Soc.
1059 440 1129 514 Jas.

357 588 501 657 stianis,
518 588 577 669 qui
592 589 628 652 in
643 588 757 652 classe
771 588 979 667 veniebant,
1001 587 1244 669 praedicabat.
1264 588 1356 655 Cum
1373 587 1586 653 accederent

358 694 404 760 ad
425 694 564 775 urbem,
581 712 672 777 quae
687 694 800 761 Chaul
814 694 961 774 dlcitur,
978 695 1038 759 ubi
1051 712 1183 776 magna
1198 703 1253 760 est
1271 696 1404 759 civium
1417 696 1584 760 lusitano·

357 820 435 867 rum
450 802 654 882 multitudo,
671 802 906 883 praeveniens
925 802 1220 882 Gubernatorem,
1236 803 1273 867 in
1287 802 1455 885 hospitali
1469 802 1583 867 diver·

357 919 433 975 tere
447 908 683 975 Provincialis
696 910 822 989 voluit,
836 918 871 974 et
885 910 1050 991 quamvis
1062 910 1221 991 religiosi
1234 908 1369 975 ordinis
1383 908 1444 975 S.‘¹
1463 909 1583 975 Domi·

358 1018 441 1097 nici,
467 1026 609 1083 nostros
632 1018 785 1099 hospitio
810 1018 976 1099 excipere
1001 1017 1113 1096 solitl,
1138 1017 1278 1099 ipsimet
1298 1014 1584 1100 [Provincialem]

357 1125 607 1207 expectabant;
625 1120 782 1207 [tamen],
803 1126 897 1207 quod
912 1125 1062 1190 libenter
1080 1125 1138 1189 ille
1152 1125 1188 1188 in
1204 1142 1400 1207 pauperum
1418 1124 1585 1207 hospitali

358 1242 533 1313 maneret,
549 1232 808 1297 Gubernatoris
821 1232 1016 1297 adventum
1036 1232 1256 1313 expectavit,
1277 1242 1313 1297 et
1330 1232 1503 1314 praedicti
1524 1232 1585 1296 ho·

358 1340 495 1422 spitalis
512 1354 636 1405 curam
657 1338 809 1421 accepit;
831 1347 867 1403 et
888 1356 970 1403 cum
989 1338 1129 1420 prandii
1148 1349 1324 1421 tempore,
1345 1357 1427 1405 cum
1446 1340 1493 1404 ab
1516 1339 1584 1413 his,

359 1448 419 1529 qui
433 1462 557 1511 curam
571 1444 758 1528 hospitalis
771 1445 956 1527 gerebant,
972 1446 1196 1527 invitaretur,
1209 1446 1333 1511 maluit
1344 1446 1420 1529 ipse
1435 1445 1586 1511 emendi·

359 1571 442 1619 care
456 1554 588 1633 cibum,
605 1570 674 1633 quo
694 1570 823 1617 usurus
841 1562 937 1634 erat;
954 1555 1049 1635 quod
1064 1553 1109 1617 ad
1124 1553 1161 1619 id
1181 1570 1292 1637 usque
1309 1563 1450 1637 tempus
1467 1554 1586 1620 lacere

359 1662 472 1727 nostri
487 1660 556 1726 illis
569 1661 605 1725 in
620 1661 708 1726 locis
722 1678 794 1725 non
813 1670 1085 1725 consueverant.
1106 1660 1262 1726 Primam
1279 1663 1541 1744 eleemosynam
1562 1680 1585 1727 a

359 1768 513 1850 quodam
528 1768 666 1849 accepit
680 1768 852 1832 lusitano:
868 1768 1061 1833 secundam
1076 1787 1098 1832 a
1118 1767 1272 1849 quodam
1293 1768 1501 1850 bracmane,
1524 1770 1585 1853 qui

360 1876 452 1941 inter
472 1875 622 1956 gentiles
641 1874 677 1939 in
698 1877 811 1957 pretio
830 1876 1015 1940 habentur,
1034 1874 1198 1940 Incidens
1216 1886 1336 1941 autern
1355 1877 1391 1940 in
1412 1877 1511 1942 illum
1528 1877 1584 1941 vir

360 1984 502 2067 quidam
516 1982 712 2047 honoratus
727 1992 765 2047 ut
779 1984 918 2064 gratias
932 1993 1055 2064 ageret
1070 1983 1114 2047 de
1128 1984 1282 2065 quodam
1296 1984 1478 2065 beneficio,
1491 1984 1585 2068 quod

360 2092 426 2173 ipsi
442 2090 633 2171 aquodam
652 2090 899 2155 Gubernatore
921 2091 1193 2172 impetraverat,
1213 2091 1353 2156 erubuit
1366 2109 1438 2156 non
1456 2092 1584 2157 medio·

360 2203 467 2263 crlter
481 2214 564 2263 cum
577 2198 693 2279 ipsum
707 2197 968 2263 mendicantem
978 2197 1127 2262 videret.

420 2306 510 2370 3552.
556 2304 707 2386 Quidam
722 2306 813 2371 alius
826 2306 918 2371 civis
930 2305 1137 2388 primarius,
1159 2305 1221 2386 qui
1239 2306 1305 2369 sub
1326 2307 1508 2372 meridiem
1529 2324 1586 2389 pe·

360 2424 490 2480 tentem
507 2416 771 2497 eleemosynam
790 2414 896 2493 vidit,
918 2414 964 2477 ad
984 2413 1172 2495 prandium
1192 2429 1273 2478 eum
1291 2414 1444 2479 retinere
1463 2415 1585 2496 voluit3

361 2522 424 2587 sed
439 2520 629 2601 recusanti,
644 2521 777 2603 aliquid
792 2521 828 2585 in
842 2520 953 2601 ipsius
967 2537 1076 2584 manu
1095 2520 1253 2601 inclusit;
1268 2529 1371 2585 erant
1384 2530 1502 2586 autem
1517 2523 1586 2587 duo

360 2630 473 2696 frusta
488 2629 640 2711 argenti.
656 2628 745 2694 Cum
761 2636 878 2693 autem
893 2626 940 2693 ad
953 2626 1129 2709 hospitale
1143 2628 1290 2711 rediret,
1306 2637 1380 2695 tam
1393 2631 1499 2695 multi.
1511 2629 1586 2712 jam

361 2756 442 2803 eum
462 2739 699 2819 sequebantur
718 2734 876 2816 cujusvis
889 2725 1109 2799 vconditionis
1129 2735 1307 2817 homines,
1323 2746 1363 2802 ut
1376 2753 1500 2803 eorum
1519 2737 1585 2802 fre·

361 2821 504 2928 q'uentia
519 2845 727 2909 memoriam
742 2842 899 2908 civitatis
913 2843 1041 2906 Portus
1055 2842 1091 2906 in
1105 2859 1218 2923 regno
1233 2843 1474 2925 portugalliae
1487 2846 1520 2911 ei
1532 2863 1585 2910 re·

360 2961 521 3017 novaret.
537 2949 610 3016 Nec
625 2951 713 3015 satis
726 2950 795 3014 illis
809 2960 886 3014 erat
896 2949 1020 3014 audire
1032 2966 1123 3031 quae
1134 2949 1354 3032 dicebantur;
1366 2952 1429 3016 sed
1441 2951 1586 3034 diligen·

361 3069 415 3125 ter
427 3059 541 3142 ipsum
553 3057 771 3139 quaerebant
783 3066 818 3121 et
829 3057 1042 3122 documenta
1052 3055 1099 3120 ad
1110 3057 1305 3122 salutemet
1315 3059 1596 3142 proseminati:

361 3168 451 3232 ritus
465 3167 677 3250 pertinentia
693 3165 925 3230 adnotabant.

420 3273 510 3338 3553.
556 3273 698 3356 Septem
711 3274 769 3336 vel
784 3280 865 3336 octo
881 3271 958 3334 dies
972 3270 1101 3336 ibidem
1115 3270 1191 3335 sine
1207 3270 1455 3340 Gubernatore
1468 3293 1587 3342 versa·

360 3389 417 3446 tus
438 3392 507 3464 est,
528 3390 562 3447 et
589 3390 689 3446 tanta
713 3379 957 3444 confitentium
980 3379 1162 3460 utriusque
1186 3396 1295 3444 sexus
1316 3380 1499 3448 bominum
1522 3383 1588 3449 fuit

360 3490 556 3570 multitudo,
575 3498 613 3554 ut
627 3490 672 3553 ab
687 3489 739 3553 eis
751 3505 790 3553 se
804 3486 993 3551 defendere
1011 3487 1155 3551 minime
1170 3497 1302 3569 posset.

419 3597 593 3663 3554111
615 3597 859 3662 concionando
878 3596 985 3659 etiam
1005 3611 1208 3660 mensuram
1226 3595 1295 3678 ipsi
1313 3597 1350 3660 iu
1370 3597 1586 3681 Portugallia

360 3705 619 3787 praescriptam
637 3723 659 3768 a
678 3695 1089 3768 Prouinciali'Torrensi
1109 3704 1117 3737 ¹
1137 3702 1268 3768 fatetur
1292 3707 1505 3787 excessisse;
1524 3709 1587 3773 sed

360 3813 526 3877 excusari
547 3829 585 3876 se
613 3812 772 3893 petebat,
803 3810 897 3892 quod
926 3808 1013 3874 lami
1038 3809 1227 3874 diuturnae
1254 3812 1488 3878 concionandi
1510 3815 1588 3895 (nec

359 3919 454 3984 enim
468 3919 659 3984 conciones
672 3917 838 3996 vocabat,
854 3917 996 3998 quasin
1010 3916 1095 3980 navi
1109 3916 1256 3980 veniens
1270 3917 1467 4001 habuerat),
1483 3930 1518 3986 et
1531 3923 1587 3987 de·

360 4027 494 4092 votioni
510 4027 650 4091 illorum
661 4025 791 4089 civium
803 4022 1011 4089 satisfacere
1023 4023 1189 4105 oportuit.

421 4134 512 4197 3555.
556 4133 689 4198 Omnes
704 4131 779 4213 eJ'us
794 4131 950 4196 civitatis
964 4131 1063 4196 cives
1076 4131 1238 4212 primarii
1251 4132 1427 4213 urgebant
1444 4134 1590 4201 Provin-

361 4241 504 4322 cialem,
526 4251 564 4304 ut
582 4250 726 4305 nostrae
746 4237 937 4304 Societatis
956 4237 1099 4302 domum
1119 4238 1167 4302 ibi
1188 4237 1408 4322 admitteret,
1428 4251 1465 4307 et
1484 4243 1590 4309 situm

361 4346 467 4412 valde
485 4348 617 4412 bonum
637 4357 672 4410 et
690 4347 846 4428 amplum
868 4363 949 4410 cum
968 4345 1129 4425 ecclesia,
1154 4343 1221 4409 85⁰
1245 4344 1457 4414 Sebastiano
1472 4365 1592 4432 sacra,

363 4454 570 4520 offerebant.
596 4453 641 4519 Et
660 4470 783 4518 omnes
798 4453 913 4533 simul,
933 4462 969 4518 et
982 4452 1188 4534 singillatim
1206 4454 1320 4534 multi,
1342 4455 1502 4523 debonis
1516 4458 1591 4523 suls

401 4695 410 4728 ¹
439 4696 464 4740 A
475 4693 635 4739 Prorlnclall
645 4693 832 4749 portugalliae,
840 4691 869 4736 Ρ.
879 4691 1006 4737 ΗίοωΙο
1015 4693 1047 4738 de
1057 4691 1160 4738 Torret.
