3642 5350
285 480 289 487 ⁴
355 458 410 519 766
815 456 943 519 Cnnott.
963 454 1042 519 Soc.
1062 458 1132 534 Jns.

357 616 479 673 cerent
492 614 514 669 ¹.
527 605 597 674 Sed
608 618 644 673 et
655 626 701 673 ex
713 608 793 688 illis,
808 608 870 689 qui
880 608 1007 689 reliqui
1017 617 1120 673 erant
1131 607 1386 691 Piratiniugae,
1396 608 1492 674 bona
1505 624 1590 690 pars

357 716 447 780 alias
460 716 529 781 sibi
544 714 669 781 domos
690 716 958 795 construebant,
979 715 1039 780 ubi
1057 716 1167 780 libere
1189 716 1339 797 pristino
1352 734 1452 781 more
1464 716 1589 780 vivere

355 831 533 906 poterant,
550 839 638 906 quos
652 820 714 889 filii
730 822 905 888 imitaturi
919 822 1143 901 videbantur;
1158 824 1256 888 etita
1272 824 1377 891 divisi
1390 840 1457 889 nec
1467 823 1588 888 doceri

356 939 531 1013 poterant,
547 948 614 996 nec
628 929 696 1012 ipsi
710 930 778 995 hoc
793 946 1011 1012 magnopere
1025 930 1249 1013 expetebant;
1265 931 1366 995 etita
1381 931 1486 1011 pauci
1499 928 1586 993 fuis·

356 1048 434 1105 sent
449 1040 510 1121 qui
525 1038 737 1105 docerentur
752 1037 817 1103 sub
832 1036 938 1119 hujus
952 1040 1037 1103 anni
1050 1038 1168 1121 finem,
1183 1048 1218 1103 et
1231 1038 1301 1103 nisi
1310 1038 1453 1120 quidam
1468 1036 1588 1102 lusita-

356 1163 484 1212 norum
498 1146 607 1225 servi,
623 1146 682 1227 qui
695 1146 745 1209 illi
757 1144 910 1211 viciniae
922 1146 1260 1225 commigraverunt,
1273 1144 1456 1210 doctrinae
1467 1142 1586 1225 gratia

356 1254 402 1319 ad
415 1254 604 1319 ecclesiam
619 1253 882 1332 convenissent;
898 1269 1005 1333 saepe
1015 1253 1148 1331 frustra
1163 1252 1306 1333 signum
1317 1251 1440 1317 datum
1449 1250 1586 1329 luisset,

356 1362 540 1444 nullusque
555 1379 601 1426 ex
620 1360 904 1438 brasiliensibus,
926 1360 987 1442 qui
1008 1359 1208 1440 doceretur,
1232 1360 1422 1440 adfuisset3
1442 1368 1476 1423 et
1495 1360 1588 1423 male

356 1468 546 1536 admodum
565 1450 707 1534 nostros
725 1467 879 1533 habebat
899 1465 993 1549 quod
1012 1483 1142 1547 pueros
1164 1486 1186 1532 a
1208 1484 1249 1532 se
1268 1468 1450 1533 institutos
1468 1466 1539 1531 buc
1552 1475 1587 1530 et

356 1579 437 1642 illuc
451 1576 580 1658 vagari
595 1575 774 1654 videbant;
790 1583 825 1639 et
842 1592 914 1639 non
929 1575 1044 1639 solum
1059 1574 1144 1639 novi
1161 1574 1250 1639 nibil
1265 1573 1508 1653 addiscebant,
1523 1572 1587 1637 sed

354 1684 548 1762 dediscere,
564 1700 655 1764 quae
670 1680 860 1763 aliquando
875 1681 973 1745 docti
987 1682 1141 1762 luerunt,
1157 1698 1220 1747 eos
1234 1681 1434 1763 oportebat.

414 1790 506 1856 3311.
550 1789 606 1854 Ex
624 1789 693 1855 illis
714 1799 833 1854 tamen
847 1790 907 1870 qui
931 1797 1170 1865 recesserant,
1193 1798 1329 1855 mutata
1353 1789 1583 1869 habitatione,

354 1898 478 1964 diebus
492 1898 591 1963 lestis
606 1896 714 1978 aliqui
728 1894 859 1961 Missae
874 1896 1105 1961 celebrationi
1120 1896 1327 1961 intererant.
1342 1895 1463 1979 Aliqui
1475 1897 1584 1961 etiam

354 2024 400 2071 ex
410 2006 480 2071 bac
489 2005 576 2085 vita,
589 2003 812 2070 consessione
824 2004 922 2084 prius
933 2002 1040 2084 facta,
1053 2012 1089 2068 et
1099 2020 1228 2069 nomen
1239 2004 1325 2089 Jesu
1335 2022 1475 2086 semper
1484 2004 1585 2069 invo-

354 2113 490 2193 cando,
525 2113 616 2177 bene
643 2111 804 2194 dispositi
832 2110 1072 2176 discedebant.
1101 2108 1193 2177 Puer
1221 2112 1366 2194 quidam
1398 2111 1587 2179 duodecim

355 2210 470 2285 annos
483 2228 601 2299 natuS,
617 2218 678 2301 qui
692 2219 728 2284 in
743 2218 866 2283 schola
880 2217 1124 2300 Piratiningae
1142 2220 1337 2284 instructus
1354 2219 1482 2301 iuerat,
1503 2235 1584 2301 gra·

355 2330 393 2394 vi
404 2344 598 2411 oppressus
613 2326 752 2407 morbo,
768 2338 910 2391 nostros
929 2326 1164 2393 consessionis
1182 2327 1302 2409 gratia
1319 2327 1466 2393 evocari
1485 2343 1586 2392 cura·

357 2438 420 2519 vit;
435 2444 471 2501 et
486 2442 566 2519 post
580 2434 747 2513 triduum,
763 2434 921 2500 maxima
935 2452 1022 2501 suae
1038 2433 1119 2501 fidei
1138 2446 1352 2513 argumenta
1370 2435 1585 2517 relinquens,

354 2552 503 2608 mortem
517 2542 615 2621 obiit,
631 2550 666 2605 et
680 2558 792 2623 usque
807 2542 852 2607 ad
867 2541 1029 2606 ultimum
1042 2542 1220 2623 spiritum,
1241 2543 1347 2607 immo
1368 2550 1453 2607 tnnc
1473 2544 1584 2609 maxi·

354 2668 421 2731 me,
435 2666 565 2716 nomen
578 2646 723 2714 Domini
736 2647 820 2733 Jesu
834 2664 976 2730 semper
989 2648 1183 2714 invocavit.

411 2757 503 2822 3312.
547 2757 591 2822 Et
605 2756 718 2822 nostri
733 2756 841 2824 etiam
855 2763 959 2820 extra
973 2755 1117 2822 domum
1127 2755 1204 2837 ejus
1214 2758 1391 2822 clamores
1403 2757 1450 2844 ad
1463 2755 1584 2822 Domi·

353 2882 437 2930 num
452 2863 655 2944 audiebant,
671 2874 801 2928 etcum
817 2861 959 2928 adeum
976 2872 1096 2928 essent
1115 2862 1280 2944 ingressi,
1296 2864 1470 2929 instanter
1490 2872 1582 2945 pete·

355 2973 429 3053 bat,
445 2981 484 3037 ut
498 2972 531 3037 ei
546 2971 739 3050 orationes,
755 2970 791 3040 id
805 2980 870 3048 est,
887 2969 1142 3034 catechismum
1157 2971 1327 3051 dicerent,
1342 2971 1439 3054 quod
1456 2981 1492 3035 et
1509 2971 1587 3053 ipse

355 3079 501 3162 proprio
515 3079 684 3145 idiomate
698 3077 833 3142 orabat.
852 3076 1017 3144 Addebat
1032 3086 1078 3143 et:
1097 3076 1267 3143 “Domine
1280 3077 1365 3162 Jesu
1379 3077 1531 3157 Christe,
1547 3089 1586 3143 tu

357 3188 454 3252 solus
475 3187 572 3252 vitae
591 3193 627 3250 et
645 3201 763 3252 rerum
786 3185 943 3250 omnium
962 3202 1002 3250 es
1016 3183 1203 3266 Dominus,
1223 3183 1356 3266 adiuva
1375 3203 1464 3266 me,;
1479 3194 1516 3251 et
1535 3187 1586 3251 ita

357 3310 469 3376 usque
485 3293 530 3358 ad
545 3309 713 3357 auroram
727 3293 950 3374 perveniens
966 3293 1129 3374 spiritum
1141 3291 1295 3358 Domino
1306 3292 1469 3358 reddidit.
1484 3293 1588 3358 Alius

357 3400 465 3466 etiam
485 3400 561 3465 fere
578 3398 736 3482 eiusdem
757 3399 896 3478 aetatis,
913 3417 995 3464 cum
1008 3400 1055 3464 ad
1069 3408 1230 3465 extrema
1243 3399 1458 3466 devenisset:
1476 3399 1586 3484 “Jam,

358 3508 482 3590 inquit,
505 3507 659 3588 optimas
680 3515 715 3570 et
736 3506 993 3587 pulcherrimas
1012 3507 1128 3572 habeo
1147 3517 1296 3590 vestes,;
1317 3517 1353 3572 et
1376 3509 1483 3589 paulo
1504 3516 1587 3590 post

357 3616 541 3696 migravit.
557 3613 754 3679 Nonnullae
769 3622 954 3695 praeterea
970 3631 1070 3696 anus,
1095 3615 1270 3697 baptismo
1289 3624 1467 3700 suscepto,
1489 3615 1588 3680 vitae

357 3739 502 3789 cursum
516 3721 757 3786 coniecerunt.

416 3829 509 3895 3313.
551 3828 646 3893 Ante
660 3826 753 3892 diem
767 3825 905 3892 Natalis
919 3826 1064 3894 Domini
1081 3838 1253 3896 curarunt
1272 3831 1386 3896 nostri
1399 3839 1438 3895 ut
1455 3830 1584 3896 utrius·
1681 3893 1687 3902 .

358 3955 426 4020 que
441 3953 549 4002 sexus
564 3935 724 4000 homiues
737 3933 1000 4015 confiterentur,
1017 3948 1052 4001 et
1066 3956 1088 4002 a
1104 3939 1223 4004 multis
1237 3937 1377 4003 feminis
1390 3947 1426 4003 et
1439 3939 1585 4003 nonnul·

358 4046 403 4110 lis
421 4045 510 4109 viris
530 4043 567 4108 id
589 4041 827 4124 obtinuerunt;
844 4051 879 4107 et
898 4042 1087 4124 diligenter
1101 4061 1163 4108 eos
1183 4045 1436 4111 examinabant
1457 4046 1496 4110 in
1515 4045 1583 4126 bis,

358 4169 450 4236 quae
465 4151 511 4216 ad
525 4149 606 4216 fidei
621 4149 791 4215 articulos
806 4167 848 4214 ac
862 4150 1084 4232 potissimum
1098 4150 1308 4233 mysterium
1321 4150 1419 4217 Sam
1432 4151 1585 4218 Trinita-

358 4261 405 4325 tis
426 4270 461 4325 et
479 4257 739 4324 Incarnationis
760 4275 803 4322 ac
815 4257 915 4354 vitae
934 4257 1078 4322 Domini
1096 4258 1208 4322 nostri
1221 4259 1411 4340 pertinent;
1426 4269 1463 4324 et
1482 4260 1590 4341 potis·

401 4501 409 4534 Ι
437 4499 490 4546 “No
501 4499 618 4554 collegio
627 4499 658 4544 de
668 4497 833 4554 Piratinlnoea
842 4511 947 4544 cruam
956 4506 1013 4544 erte
1021 4511 1089 4545 anno
1099 4511 1115 4544 o
1125 4501 1247 4546 maballto
1254 4502 1301 4547 dos
1309 4501 1427 4547 obrelros
1436 4502 1483 4548 dos
1491 4501 1589 4552 lnolou

358 4583 456 4631 porqne
466 4578 544 4626 ester,
554 4571 663 4617 levudos
673 4570 704 4616 de
714 4581 762 4616 sna
771 4572 876 4616 natural
891 4570 1079 4624 inconstancia.
1089 4582 1104 4616 e
1114 4573 1229 4618 tamum
1238 4573 1272 4619 da
1281 4575 1448 4620 neeeusldade
1457 4575 1490 4619 de
1499 4581 1588 4622 terras

359 4657 422 4702 pera
431 4655 493 4690 onas
503 4645 636 4699 uvaurae,
645 4642 812 4688 divinatione
823 4643 855 4688 do
863 4645 942 4698 lucar
951 4655 992 4689 em
1002 4655 1051 4700 qne
1062 4655 1077 4688 o
1087 4642 1304 4701 retrusionem
1313 4657 1344 4691 os
1352 4645 1461 4693 delusa
1467 4646 1544 4703 Jttnto
1554 4658 1587 4694 ιο

360 4717 485 4772 Colleoelo,
493 4726 535 4761 em
545 4721 613 4760 cette
622 4713 744 4760 dlstlntus
754 4719 908 4771 povoucbes,
918 4727 933 4760 e
943 4715 1018 4761 toda·
1027 4715 1178 4772 distantes,
1188 4715 1396 4773 vacaremus,
1406 4719 1425 4763 l.
1434 4731 1467 4771 c..
1474 4729 1499 4764 n.
1512 4721 1544 4765 ll.
