3642 5350
330 416 384 480 228
783 410 911 477 Canon.
933 412 1009 476 Soc.
1036 413 1107 490 Jas.

389 564 460 629 849.
502 563 547 629 Et
560 563 756 646 spiritualia
769 564 877 627 etiam
891 562 1060 627 exercitia
1075 562 1209 645 primae
1223 559 1466 628 hebdomadae
1481 558 1553 627 cui·

331 674 413 738 dam
427 672 565 737 medico
577 670 769 751 Fulginati,
785 670 876 734 inter
890 670 991 750 alios,
1012 687 1033 734 a
1051 669 1089 735 Ρ.
1106 668 1260 737 Caesare
1280 669 1465 751 proposita
1480 668 1558 735 lue·

336 789 430 860 runt,
442 780 501 861 qu'
513 777 669 859 eJusdem
681 777 871 859 aliquando
882 776 1144 858 condiscipulus
1154 776 1280 842 suerat.
1294 776 1364 843 Sed
1375 794 1457 841 cum
1467 776 1557 858 ipse·

333 896 406 952 met
420 895 428 927 ¹
441 888 476 951 in
488 798 580 964 diis,
592 893 840 967 praeterquam
852 884 1056 966 praedictae
1067 884 1309 949 hebdomadae
1320 885 1469 966 primae,
1484 900 1556 949 non

331 994 419 1059 sutis
434 1002 599 1058 versatus
613 1002 718 1072 esset,
735 992 944 1074 praesertim
959 993 995 1057 in
1010 992 1077 1068 his,
1091 1009 1182 1075 quae
1194 991 1239 1056 ad
1250 992 1440 1057 electiones
1454 988 1466 1024 ¹
1482 1008 1558 1073 per·

333 1104 458 1181 tinent;
474 1118 545 1165 non
560 1100 639 1164 aliis
654 1100 837 1163 commode
848 1116 1047 1181 proponere
1058 1108 1208 1181 poterat,
1221 1100 1385 1181 quamvis
1396 1098 1558 1164 Venetiis

333 1209 433 1274 multi
457 1217 559 1273 erunt
584 1207 630 1271 ad
654 1207 862 1287 religionem
883 1207 1016 1287 idonei,
1048 1206 1107 1288 qui
1136 1204 1300 1286 adjuvari
1328 1206 1558 1271 vehementer

334 1315 542 1396 potuissent,
566 1315 598 1379 si
622 1314 824 1395 operarium
846 1314 998 1395 aliquem
1023 1314 1059 1377 in
1085 1314 1139 1377 his
1168 1313 1348 1378 exercitiis
1376 1320 1558 1379 versatum

340 1423 437 1487 nacti
451 1422 610 1486 luissent.

390 1528 461 1591 llil).
504 1529 593 1593 Cum
608 1537 726 1593 autern
741 1538 917 1593 cresceret
932 1528 1071 1610 piorum
1091 1528 1229 1593 illorum
1244 1527 1427 1593 hominnm
1442 1544 1558 1593 novae

330 1636 618 1717 congregationis
632 1634 644 1667 ³
659 1652 838 1716 numerus,
854 1634 914 1716 qui
929 1652 967 1699 se
982 1636 1206 1716 exercebant,
1223 1645 1297 1701 tam
1312 1634 1347 1699 in
1369 1634 1557 1701 saecularis

332 1744 397 1808 bus
420 1760 527 1825 quam
548 1744 585 1807 in
605 1743 856 1807 ecclesiasticis
876 1743 1038 1824 personis
1053 1740 1097 1807 ad
1113 1744 1209 1807 vitae
1231 1742 1462 1807 mutationem
1484 1741 1557 1806 alli·

330 1849 464 1914 ciendis
478 1860 513 1914 et
525 1848 793 1914 fundamentum
803 1849 996 1931 spiritualis
1008 1850 1103 1914 vitae
1115 1866 1177 1931 per
1187 1850 1391 1929 generalem
1403 1848 1557 1930 aliquam

330 1956 588 2022 consessionem
602 1955 814 2035 laciendum;
837 1972 908 2019 non
930 1955 1077 2020 deerant
1096 1956 1159 2038 qui
1177 1972 1216 2021 se
1240 1952 1441 2037 hujusmodi
1459 1973 1556 2020 exer·

333 2065 426 2129 citiis
440 2064 666 2129 instruendos
681 2064 897 2128 exhiberent.

389 2170 460 2235 851.
504 2171 678 2252 Quamvis
700 2180 818 2235 autem
838 2173 936 2236 solus
956 2181 1049 2236 esset
1068 2171 1106 2236 Ρ.
1122 2170 1268 2252 Caesar,
1287 2170 1348 2252 qui
1367 2170 1556 2236 consessio·

334 2297 419 2344 num
442 2280 638 2344 ministerio
663 2288 827 2359 vacaret,
857 2279 894 2343 in
921 2280 1013 2343 sesto
1042 2278 1304 2360 Assumptionis
1332 2278 1372 2343 Β.
1397 2278 1557 2359 Virginis

331 2403 502 2467 magnum
521 2386 774 2467 poenitentium
801 2403 985 2450 numerum
1006 2386 1199 2467 expedivit;
1222 2386 1313 2449 inter
1335 2402 1424 2467 quos
1447 2386 1558 2467 aliqui

331 2492 486 2573 luerunt,
502 2493 563 2574 qui
582 2492 706 2557 salutis
725 2492 958 2557 instrumenta
978 2492 1022 2557 ad
1038 2492 1127 2557 alios
1138 2490 1316 2573 juvandos
1330 2509 1369 2555 se
1388 2492 1553 2559 exhibue-

329 2610 425 2680 runt,
442 2608 477 2665 et
491 2600 683 2683 praecipue
697 2600 743 2664 ad
763 2599 939 2680 insignem
954 2599 1143 2682 quamdam
1160 2601 1397 2680 meretricem,
1415 2600 1555 2682 quaein

329 2709 494 2788 laqueum
504 2717 540 2772 et
553 2708 786 2789 muscipulam
799 2707 946 2790 pedibus
965 2708 1154 2772 multorum
1168 2708 1408 2790 insipientium
1422 2707 1553 2772 fuerat.

387 2813 460 2878 852.
483 2815 581 2879 .Hoc
596 2825 714 2880 autem
728 2814 893 2880 fortassis
912 2815 1103 2879 Dominum
1123 2814 1280 2880 Priorem
1301 2815 1428 2894 movit,
1446 2813 1552 2898 quod,

332 2922 483 3002 scilicet,
510 2923 636 2987 unicus
654 2931 748 2986 esset
769 2922 1009 2987 confessarius
1027 2922 1071 2987 de
1092 2921 1286 3002 societate,
1307 2932 1346 2987 ut
1364 2921 1553 3004 quemdam

332 3029 566 3108 sacerdotem,
584 3029 645 3110 qui
659 3030 702 3095 de
716 3027 892 3094 Societate
907 3046 978 3093 non
992 3039 1087 3108 erat,
1104 3029 1139 3093 iu
1159 3029 1310 3094 ecclesia
1330 3039 1453 3093 nostra
1473 3046 1554 3094 cun·

324 3135 498 3200 sessiones
513 3136 635 3200 audire
650 3137 880 3217 permitteret,
896 3145 930 3200 et
945 3134 980 3199 id
991 3137 1067 3200 sine
1082 3134 1209 3216 injuria
1222 3135 1413 3202 Societatis
1424 3135 1490 3200 sibi
1501 3135 1554 3199 fa·

324 3259 406 3306 cere
417 3243 615 3323 videbatur,
631 3243 714 3326 quia
728 3243 885 3308 nondum
899 3244 1072 3308 ecclesiae
1087 3256 1122 3308 et
1136 3243 1262 3308 domus
1282 3243 1375 3308 illius
1393 3242 1554 3308 donatio·

325 3366 406 3414 nem
420 3349 565 3414 fecerat.
584 3349 654 3415 Sed
665 3351 732 3414 nisi
744 3351 855 3432 scipio
867 3349 879 3381 ⁴
891 3351 949 3415 ille
960 3351 1177 3432 recessisset,
1190 3351 1401 3415 decreverat
1415 3350 1451 3414 Ρ.
1466 3348 1553 3414 Cae·

327 3473 389 3520 sar
410 3456 525 3522 eidem
546 3456 660 3521 Priori
679 3459 775 3520 clare
794 3457 1009 3540 siguificare,
1036 3476 1075 3522 se
1099 3474 1291 3540 numquam
1313 3457 1348 3522 in
1364 3473 1406 3521 eo
1422 3457 1552 3538 templo

323 3563 565 3628 confessiones
584 3564 798 3645 auditurum,
813 3567 845 3629 si
859 3577 1044 3630 externum
1060 3566 1213 3646 aliquem
1228 3563 1487 3630 confessarium
1503 3563 1553 3628 ibi

323 3687 401 3734 esse
412 3671 667 3753 permitterent:
681 3672 826 3737 timebat
836 3674 943 3750 enim,
957 3673 1081 3754 siquid
1093 3673 1138 3736 ab
1150 3690 1192 3736 eo
1205 3673 1296 3737 male
1308 3681 1548 3750 actumesset,

324 3795 370 3841 ne
384 3775 554 3842 Societati
569 3777 830 3844 adscriberetur
846 3777 871 3844 ⁸.

367 4087 376 4121 ¹
405 4087 433 4132 P.
441 4087 550 4135 Caesar.

370 4158 382 4193 Ι
407 4159 603 4206 traiectiones.

363 4229 375 4263 ⁸
401 4229 502 4287 Deque
513 4245 601 4288 supra,
612 4244 665 4289 pag
683 4233 725 4277 22³
733 4238 760 4277 et
770 4232 819 4288 22⁴,
830 4244 872 4278 un.
883 4232 925 4278 829
936 4238 962 4278 et
972 4233 1024 4278 sat.

362 4302 375 4335 ⁴
401 4301 453 4357 διες
462 4311 498 4357 et,
508 4305 530 4348 el
541 4311 613 4349 recte
623 4305 750 4360 eeriptnm
760 4311 807 4360 est,
818 4305 867 4349 hoc
877 4305 959 4350 verbo
969 4307 1055 4361 scipio
1064 4317 1114 4350 non
1124 4306 1269 4352 sacerdotis
1279 4315 1370 4353 nomen
1386 4309 1553 4366 exprimitur,

325 4373 462 4429 eedolficli,
472 4386 522 4430 quo
532 4376 698 4431 fungebatur,
709 4377 807 4425 baculi.
817 4377 925 4428 scilicet,
937 4388 987 4432 quo
995 4378 1134 4432 iuvaretur
1145 4378 1174 4422 Ρ.
1185 4378 1283 4424 Helmi.

365 4443 377 4476 ¹
404 4444 561 4492 Prudentem
571 4455 658 4493 antem
667 4448 785 4492 timorem
793 4449 859 4492 hunc
870 4449 948 4492 luisse
957 4449 1253 4506 demonstratumque
1261 4451 1337 4497 Patri
1346 4451 1487 4500 Franelnco
1495 4452 1554 4500 Pel·

324 4515 375 4560 mlo
386 4515 515 4563 Bononiae
527 4520 582 4575 jam
593 4521 654 4564 olim
668 4521 827 4565 acciderent.
838 4519 904 4563 Vide
915 4531 1002 4576 supra,
1015 4526 1033 4565 t.
1045 4533 1072 4575 ιι,
1082 4532 1141 4578 pag.
1155 4523 1203 4576 505.
1214 4523 1295 4580 n.222;
1310 4530 1335 4568 et
1347 4532 1367 4570 t.
1377 4536 1414 4581 ιιι,
1428 4537 1489 4582 pag.
1505 4526 1554 4581 tua,

326 4597 350 4630 n.
360 4585 408 4630 2⁶2.
418 4588 519 4634 Aderat
531 4591 635 4646 insuper
645 4590 766 4646 specialis
777 4589 904 4644 quaedam
915 4591 984 4636 ratio
993 4599 1022 4636 ut
1032 4594 1134 4638 cantior
1144 4595 1223 4640 etiarn
1236 4593 1354 4640 Venerit·
1362 4595 1458 4643 Rector
1471 4597 1497 4644 ln
1507 4599 1552 4643 hu·

324 4657 434 4717 jusmodi
445 4663 522 4706 rebus
532 4669 609 4708 esset.
621 4661 687 4707 Vide
697 4674 785 4718 supra,
797 4670 815 4707 t.
826 4673 854 4718 ιι,
864 4674 916 4718 pag
934 4661 982 4720 208,
994 4665 1041 4708 suh
1051 4663 1127 4710 finem
1138 4677 1162 4710 n.
1172 4667 1210 4712 91.
