3642 5350
350 388 404 451 180
805 380 935 443 Canos.
954 379 1033 441 Soc.
1051 380 1123 454 Jns.

409 531 481 595 659.
524 528 688 610 Quidam,
709 526 831 610 quise
855 526 1010 589 nobilem
1029 524 1330 589 Mediolanensem
1354 522 1505 603 dicebat,
1531 539 1578 587 ex

349 638 483 703 familia
498 636 728 711 Pallavicina,
744 633 791 698 ad
806 632 844 695 Ρ.
860 632 1096 696 Franciscum
1114 630 1301 707 Palmium,
1322 629 1521 707 Rectorem,
1537 645 1577 693 se

349 744 511 823 contulit,
526 759 609 807 cum
623 758 666 805 eo
680 738 854 821 quasdam
869 738 1078 802 afflictiones
1091 739 1201 802 animi
1214 736 1402 803 conserens
1415 747 1452 800 et
1465 753 1577 799 reme·

350 854 447 917 dium
460 861 496 916 et
511 848 789 916 consolationem
799 855 936 928 petens;
947 855 983 910 et
996 862 1078 909 cum
1089 846 1224 909 diceret
1235 846 1444 923 religionem
1458 843 1499 909 B.
1511 844 1576 908 Be·

348 959 479 1024 nedicti
500 956 639 1038 ingredi
660 956 764 1033 velle,
784 952 993 1017 beneficium
1011 952 1205 1033 quoddam,
1224 950 1320 1034 quod
1338 948 1575 1015 S.‘⁸²·Mariae

348 1068 393 1129 de
405 1065 443 1129 la
458 1062 566 1127 Scala
580 1061 797 1139 nominabat,
813 1060 1026 1123 renunciare
1039 1076 1079 1123 se
1089 1061 1182 1123 velle
1192 1058 1408 1139 significavit
1421 1058 1459 1121 in
1472 1074 1575 1122 usum

349 1172 550 1247 Societatis;
565 1180 601 1235 et
612 1179 800 1251 postquam
813 1165 960 1231 Rectori
970 1166 1156 1230 consessus
1166 1174 1260 1230 esset
1271 1173 1307 1229 et
1320 1166 1575 1229 communicas·

350 1288 416 1358 set,
432 1276 652 1359 significavit
664 1291 730 1356 per
744 1275 834 1338 duos
848 1274 905 1337 vel
920 1282 995 1336 tres
1008 1271 1084 1337 dies
1093 1274 1185 1336 velle
1195 1273 1282 1336 sein
1292 1270 1576 1352 Collegiohospi·

349 1386 399 1451 tio
410 1384 538 1467 excipi,
551 1384 636 1448 dum
645 1398 855 1463 responsum
868 1398 891 1444 a
907 1380 946 1445 P.
961 1380 1099 1460 ignatio
1113 1379 1289 1459 veniebat,
1302 1388 1337 1442 et
1351 1379 1480 1443 ibidem
1492 1378 1576 1442 rosi·

350 1492 557 1573 gnationem
571 1490 668 1555 illam
678 1488 838 1553 facturus
848 1495 938 1551 erat.
951 1486 1038 1550 Erat
1051 1486 1184 1567 alioqui
1198 1485 1254 1550 vir
1267 1486 1304 1551 iu
1312 1484 1391 1567 jure
1404 1485 1574 1565 eruditus,

349 1609 385 1664 et
396 1599 470 1664 oris
481 1596 691 1677 dignitatem
702 1612 838 1676 praese
853 1594 971 1658 ferens
984 1604 1020 1658 et
1033 1594 1121 1658 satis
1140 1592 1289 1657 honeste
1308 1592 1461 1657 indutus.
1484 1592 1576 1672 Qua·

349 1704 432 1770 dam
454 1718 573 1769 autem
596 1712 703 1767 nocte
727 1702 893 1767 excidere
911 1701 979 1765 sibi
1003 1717 1115 1782 prope
1138 1702 1269 1765 lectum
1289 1699 1449 1780 permisit
1472 1708 1575 1764 scuta

348 1810 524 1894 quaedam
546 1810 650 1887 falsa,
676 1826 768 1891 quae
795 1809 968 1889 colligens
991 1817 1028 1872 et
1047 1808 1175 1872 charta
1196 1807 1351 1889 quadam
1375 1808 1573 1886 involvens,

349 1918 527 1983 servanda
552 1916 647 1981 dedit
671 1915 826 1981 Rectori.
854 1915 945 1980 Cum
968 1925 1088 1979 autem
1111 1914 1283 1995 postridie
1307 1914 1365 1977 vir
1387 1914 1446 1978 ille
1469 1913 1575 1977 domo

348 2042 515 2105 egressus
530 2032 634 2103 esset,
650 2022 772 2088 videre
788 2024 900 2087 voluit
913 2021 1047 2086 Rector
1065 2020 1149 2103 quid
1163 2021 1230 2102 ipsi
1244 2020 1460 2085 servandum
1473 2020 1575 2085 dede·

349 2142 417 2212 rat,
433 2142 468 2195 et
483 2131 772 2195 animadvertens
789 2138 932 2210 praeter
952 2129 1022 2193 hoc
1040 2128 1215 2210 quaedam
1234 2129 1305 2193 alia
1326 2128 1512 2192 mendacia
1525 2129 1576 2192 illi

350 2240 430 2303 viro
445 2237 631 2314 excidisse,
654 2236 758 2302 domo
781 2237 879 2301 illum
903 2236 1002 2299 exire
1018 2232 1134 2315 jussit:
1154 2235 1249 2316 quod
1266 2236 1297 2298 si
1316 2235 1449 2299 lactum
1468 2235 1575 2299 abeo

349 2364 422 2411 non
437 2346 573 2423 fuisset,
595 2343 760 2408 fortassis
780 2359 846 2423 pro
866 2341 959 2407 falsa
978 2360 1103 2406 veram
1122 2342 1310 2424 pecuniam
1329 2342 1459 2422 hospes
1473 2358 1574 2406 acce-

348 2452 470 2533 pisset3
486 2460 522 2516 et
535 2469 608 2515 non
622 2450 726 2514 facile
736 2450 898 2514 homines
909 2450 1053 2529 ignotos
1062 2448 1159 2513 domi
1172 2448 1403 2531 excipiendos
1413 2466 1492 2513 esse
1503 2466 1575 2513 non

348 2576 481 2641 magna
496 2575 653 2639 expensa
668 2556 857 2621 Rectorem
872 2555 1004 2621 docuit.

407 2664 479 2731 660.
522 2665 702 2730 Exercitia
717 2662 918 2746 spiritualia
932 2662 1123 2745 aliquando
1135 2671 1289 2744 quatuor
1299 2672 1334 2728 et
1345 2663 1500 2746 quinque
1513 2662 1574 2727 bo·
1673 2745 1677 2755 ,

348 2775 501 2840 minibus
520 2768 646 2837 eodem
663 2782 822 2851 tempore
844 2772 1027 2852 proposita
1045 2769 1199 2850 luerunt,
1215 2770 1278 2835 sed
1297 2789 1369 2835 non
1385 2770 1574 2835 admodum

348 2889 473 2946 exacte
492 2897 560 2944 nec
578 2880 672 2943 intra
687 2877 885 2958 Collegium
905 2878 1207 2958 proponebantur,
1226 2896 1311 2942 nam
1331 2877 1497 2958 angustia
1515 2876 1573 2942 do·

349 3003 428 3052 mus
442 2987 477 3051 id
493 2985 714 3068 prohibebat.

407 3091 478 3157 661.
521 3091 610 3157 Cum
624 3091 803 3156 laboribus
816 3090 947 3154 inentis
961 3100 996 3154 et
1010 3091 1172 3171 corporis
1185 3090 1356 3170 fatigatus
1367 3090 1498 3156 Rector
1514 3108 1576 3154 ex·

347 3207 402 3264 tra
417 3199 625 3278 Bononiam,
641 3197 786 3262 obtenta
799 3198 969 3262 facultate
988 3215 1011 3260 a
1028 3197 1067 3261 P.
1084 3197 1235 3277 ignatio,
1260 3197 1438 3278 proficisci
1453 3197 1572 3274 vellet,
1659 3241 1669 3260 .

347 3323 389 3370 ea
405 3305 548 3370 obtenta
561 3304 694 3369 Forum
708 3305 801 3370 Livii
815 3319 854 3368 se
868 3305 1017 3368 contulit
1027 3314 1064 3368 et
1073 3305 1156 3369 inde
1169 3304 1370 3384 Meldulam‚
1383 3312 1575 3386 antequam

347 3411 385 3476 P.
401 3411 549 3476 Fulvius
568 3410 764 3476 Androtius
789 3411 870 3476 inde
896 3411 1077 3475 recederet
1093 3408 1115 3490 ·;
1134 3419 1170 3475 et
1188 3410 1376 3491 utrobique
1400 3427 1481 3474 cum
1507 3427 1573 3476 sua

346 3517 589 3584 consolatione
603 3527 769 3582 versatus
782 3527 847 3582 est.
863 3517 1034 3583 Forolivii
1045 3527 1165 3583 autem
1178 3519 1415 3600 praepositus,
1426 3518 1486 3598 qui
1500 3515 1574 3582 Do·

345 3625 498 3690 minicus
511 3624 678 3706 Numagli
692 3624 886 3703 dicebatur,
903 3641 975 3689 non
988 3627 1104 3689 solum
1117 3625 1262 3690 domum
1280 3642 1382 3689 suam
1402 3625 1439 3688 in
1453 3624 1571 3706 hospi·

346 3731 434 3824 tium
447 3740 652 3797 nostrorum
669 3731 805 3810 obtulit,
821 3730 883 3795 sed
901 3731 1020 3796 omnia
1033 3749 1099 3796 sua
1114 3741 1149 3796 et
1167 3749 1207 3796 se
1221 3733 1338 3814 ipsum
1351 3731 1438 3796 dare
1456 3729 1574 3796 Socie-

345 3839 411 3904 tati
433 3839 590 3921 optabat,
611 3839 642 3902 si
662 3837 808 3903 idoneus
826 3837 963 3918 fuisset,
986 3850 1025 3904 ut
1046 3839 1084 3903 in
1102 3839 1177 3904 suis
1191 3840 1317 3903 litteris
1334 3838 1533 3904 testabatur
1546 3837 1571 3902 ¹.

389 4111 398 4146 ¹
426 4111 494 4158 Vlde
505 4111 708 4169 supremum,
718 4120 745 4158 n.
756 4113 792 4158 w.

387 4185 400 4216 ¹
426 4183 553 4230 Perlodne
561 4185 627 4230 lineo
637 4185 728 4230 addita
738 4191 780 4230 ert
788 4196 805 4230 a
813 4186 928 4232 Polanco
939 4187 973 4230 nd
983 4197 1056 4232 orem
1066 4187 1325 4244 paginae-'Nostro
1333 4187 1417 4233 Pndre
1424 4189 1446 4233 tl
1453 4193 1576 4234 contenta

346 4255 417 4300 della
426 4253 511 4302 uscire
521 4256 546 4301 dl
558 4255 591 4300 V.
601 4255 632 4302 R.
642 4257 667 4302 dl
676 4256 801 4313 aalma,
811 4269 826 4302 e
835 4267 864 4302 te
874 4260 961 4314 quelle
970 4259 993 4303 sl
1005 4259 1143 4304 consolare
1155 4259 1181 4304 dl
1191 4260 1275 4304 ander
1287 4270 1304 4304 a
1318 4258 1423 4312 Loreto,
1436 4259 1455 4306 ll
1469 4261 1576 4315 placere

345 4335 454 4372 ancora
464 4337 529 4371 etro.
540 4326 624 4372 Credo
639 4329 687 4374 ebe
703 4330 757 4373 alla
771 4330 870 4376 nudata
884 4341 898 4374 o
914 4331 968 4375 nlla
982 4338 1088 4377 tornata
1101 4334 1164 4377 ma
1178 4333 1251 4388 quui
1262 4333 1288 4377 la
1299 4332 1344 4378 vla
1353 4343 1447 4388 Putat·
1456 4343 1503 4388 per
1512 4330 1576 4376 liel-

349 4396 421 4452 dnla,
440 4397 506 4443 dove
524 4403 600 4444 trano
615 4397 657 4446 dol
677 4401 747 4446 delle
768 4399 936 4458 Commisit:
956 4401 1034 4448 lltro.
1055 4401 1151 4449 Fulvio
1166 4403 1297 4450 Andr-orio
1313 4416 1328 4448 e
1345 4403 1447 4449 Glovan
1464 4401 1574 4459 igmtlo.

349 4467 375 4510 v
394 4467 424 4513 R.
435 4469 502 4512 vedu
511 4480 540 4514 re
549 4470 566 4514 ll
577 4472 658 4516 vorrlt
667 4482 748 4516 nncor
757 4473 860 4529 visitat,
871 4475 918 4519 clue
929 4475 951 4519 tl
961 4476 1099 4520 consolata
1108 4476 1134 4521 dl
1143 4475 1225 4520 veder
1235 4481 1310 4522 tanto
1318 4477 1404 4522 bunna
1413 4485 1475 4521 con
1487 4475 1574 4521 com’e

349 4538 425 4584 ldrro.
439 4538 558 4586 Fulvio...
572 4541 607 4588 Al
623 4541 688 4588 Rdo.
704 4542 841 4599 Preposlto
856 4546 883 4590 dl
897 4544 970 4591 Forll
989 4546 1056 4592 derb
1069 4547 1104 4592 V.
1118 4545 1151 4592 li.
1165 4548 1190 4592 le
1206 4547 1445 4593 raceomandatlonl
1461 4547 1487 4592 dl
1501 4547 1574 4592 detto

348 4609 444 4656 Nostro
454 4610 560 4666 Pndre.„
570 4611 705 4671 Polaticus,
716 4625 750 4660 ex
759 4627 835 4672 com„
847 4615 921 4663 Patri
931 4616 1073 4664 Franelsco
1083 4616 1191 4674 Palmlo,
1203 4617 1397 4674 Fornmllvlnm,
1406 4605 1456 4665 ¹3¹
1464 4617 1542 4674 Junll.
