<?xml version="1.0" encoding="UTF-8"?>
<!DOCTYPE html PUBLIC "-//W3C//DTD XHTML 1.0 Transitional//EN"
    "http://www.w3.org/TR/xhtml1/DTD/xhtml1-transitional.dtd">
<html xmlns="http://www.w3.org/1999/xhtml" xml:lang="en" lang="en">
 <head>
  <title>
</title>
<meta http-equiv="Content-Type" content="text/html;charset=utf-8" />
  <meta name='ocr-system' content='tesseract 3.04.00' />
  <meta name='ocr-capabilities' content='ocr_page ocr_carea ocr_par ocr_line ocrx_word'/>
</head>
<body>
  <div class='ocr_page' id='page_1' title='image "./vitaignatiiloio00polagoog_0719.png"; bbox 0 0 3642 5350; ppageno 0'>
   <div class='ocr_carea' id='block_1_1' title="bbox 784 474 1475 539">
    <p class='ocr_par' dir='ltr' id='par_1_1' title="bbox 784 474 1475 539">
     <span class='ocr_line' id='line_1_1' title="bbox 784 474 1475 539; baseline 0.006 -6"><span class='ocrx_word' id='word_1_1' title='bbox 784 474 848 533; x_wconf 80' lang='lat' dir='ltr'><strong>Au.</strong></span> <span class='ocrx_word' id='word_1_2' title='bbox 872 474 941 535; x_wconf 80' lang='lat'>1556</span> <span class='ocrx_word' id='word_1_3' title='bbox 1421 478 1475 539; x_wconf 87' lang='grc'><strong>699</strong></span> 
     </span>
    </p>
   </div>
   <div class='ocr_carea' id='block_1_2' title="bbox 170 620 1475 4358">
    <p class='ocr_par' dir='ltr' id='par_1_2' title="bbox 244 620 1474 795">
     <span class='ocr_line' id='line_1_2' title="bbox 244 620 1474 704; baseline 0 -17"><span class='ocrx_word' id='word_1_4' title='bbox 244 622 345 687; x_wconf 90' lang='lat' dir='ltr'><strong>multi</strong></span> <span class='ocrx_word' id='word_1_5' title='bbox 369 621 412 686; x_wconf 89' lang='lat' dir='ltr'><strong>de</strong></span> <span class='ocrx_word' id='word_1_6' title='bbox 436 623 568 704; x_wconf 91' lang='lat' dir='ltr'><strong>populo</strong></span> <span class='ocrx_word' id='word_1_7' title='bbox 592 622 765 687; x_wconf 88' lang='lat' dir='ltr'><strong>rationem</strong></span> <span class='ocrx_word' id='word_1_8' title='bbox 791 620 917 685; x_wconf 89' lang='lat' dir='ltr'><strong>orandi</strong></span> <span class='ocrx_word' id='word_1_9' title='bbox 942 621 1095 704; x_wconf 83' lang='lat' dir='ltr'>discere,</span> <span class='ocrx_word' id='word_1_10' title='bbox 1118 623 1165 687; x_wconf 92' lang='lat' dir='ltr'><strong>ad</strong></span> <span class='ocrx_word' id='word_1_11' title='bbox 1191 623 1226 689; x_wconf 93' lang='lat' dir='ltr'><strong>id</strong></span> <span class='ocrx_word' id='word_1_12' title='bbox 1247 625 1389 689; x_wconf 91' lang='lat' dir='ltr'><strong>domum</strong></span> <span class='ocrx_word' id='word_1_13' title='bbox 1414 641 1474 688; x_wconf 93' lang='lat' dir='ltr'><strong>no·</strong></span> 
     </span>
     <span class='ocr_line' id='line_1_3' title="bbox 246 729 574 795; baseline 0 -2"><span class='ocrx_word' id='word_1_14' title='bbox 246 740 357 793; x_wconf 87' lang='lat' dir='ltr'><strong>stram</strong></span> <span class='ocrx_word' id='word_1_15' title='bbox 372 729 574 795; x_wconf 87' lang='lat' dir='ltr'><strong>veniebant.</strong></span> 
     </span>
    </p>

    <p class='ocr_par' dir='ltr' id='par_1_3' title="bbox 246 834 1475 1239">
     <span class='ocr_line' id='line_1_4' title="bbox 304 834 1474 919; baseline 0.003 -19"><span class='ocrx_word' id='word_1_16' title='bbox 304 834 395 900; x_wconf 74' lang='lat'><strong>3025.</strong></span> <span class='ocrx_word' id='word_1_17' title='bbox 439 834 622 902; x_wconf 86' lang='lat' dir='ltr'><strong>Dederunt</strong></span> <span class='ocrx_word' id='word_1_18' title='bbox 636 844 754 902; x_wconf 90' lang='lat' dir='ltr'><strong>autem</strong></span> <span class='ocrx_word' id='word_1_19' title='bbox 768 836 884 900; x_wconf 89' lang='lat' dir='ltr'><strong>nostri</strong></span> <span class='ocrx_word' id='word_1_20' title='bbox 898 836 1110 916; x_wconf 87' lang='lat' dir='ltr'><strong>quibusdam</strong></span> <span class='ocrx_word' id='word_1_21' title='bbox 1127 840 1248 919; x_wconf 89' lang='lat' dir='ltr'><strong>pueris</strong></span> <span class='ocrx_word' id='word_1_22' title='bbox 1261 839 1363 903; x_wconf 89' lang='lat' dir='ltr'><strong>initio</strong></span> <span class='ocrx_word' id='word_1_23' title='bbox 1376 856 1474 903; x_wconf 88' lang='lat' dir='ltr'><strong>rosa·</strong></span> 
     </span>
     <span class='ocr_line' id='line_1_5' title="bbox 246 942 1475 1026; baseline 0.002 -17"><span class='ocrx_word' id='word_1_24' title='bbox 246 944 315 1023; x_wconf 89' lang='lat' dir='ltr'><strong>ria,</strong></span> <span class='ocrx_word' id='word_1_25' title='bbox 337 944 464 1026; x_wconf 90' lang='lat' dir='ltr'><strong>quibus</strong></span> <span class='ocrx_word' id='word_1_26' title='bbox 483 944 543 1009; x_wconf 91' lang='lat' dir='ltr'><strong>alii</strong></span> <span class='ocrx_word' id='word_1_27' title='bbox 562 942 609 1007; x_wconf 88' lang='lat' dir='ltr'><strong>ad</strong></span> <span class='ocrx_word' id='word_1_28' title='bbox 629 962 672 1008; x_wconf 91' lang='lat' dir='ltr'><strong>ea</strong></span> <span class='ocrx_word' id='word_1_29' title='bbox 691 944 889 1025; x_wconf 86' lang='lat' dir='ltr'><strong>expetenda</strong></span> <span class='ocrx_word' id='word_1_30' title='bbox 910 943 1163 1011; x_wconf 81' lang='lat' dir='ltr'><strong>invitabantur.</strong></span> <span class='ocrx_word' id='word_1_31' title='bbox 1190 946 1272 1011; x_wconf 88' lang='lat' dir='ltr'><strong>ideo</strong></span> <span class='ocrx_word' id='word_1_32' title='bbox 1291 956 1388 1011; x_wconf 89' lang='lat' dir='ltr'><strong>mota</strong></span> <span class='ocrx_word' id='word_1_33' title='bbox 1407 945 1475 1011; x_wconf 86' lang='lat' dir='ltr'><strong>fuit</strong></span> 
     </span>
     <span class='ocr_line' id='line_1_6' title="bbox 246 1049 1473 1131; baseline 0.004 -17"><span class='ocrx_word' id='word_1_34' title='bbox 246 1049 410 1130; x_wconf 90' lang='lat' dir='ltr'><strong>Ducissa,</strong></span> <span class='ocrx_word' id='word_1_35' title='bbox 426 1068 465 1116; x_wconf 91' lang='lat' dir='ltr'><strong>re</strong></span> <span class='ocrx_word' id='word_1_36' title='bbox 479 1068 562 1116; x_wconf 91' lang='lat' dir='ltr'><strong>cum</strong></span> <span class='ocrx_word' id='word_1_37' title='bbox 576 1050 613 1115; x_wconf 87' lang='lat' dir='ltr'><strong>P.</strong></span> <span class='ocrx_word' id='word_1_38' title='bbox 636 1049 786 1115; x_wconf 87' lang='lat' dir='ltr'><strong>Rectore</strong></span> <span class='ocrx_word' id='word_1_39' title='bbox 798 1052 1070 1131; x_wconf 90' lang='lat' dir='ltr'><strong>communicata,</strong></span> <span class='ocrx_word' id='word_1_40' title='bbox 1087 1053 1133 1117; x_wconf 90' lang='lat' dir='ltr'><strong>ad</strong></span> <span class='ocrx_word' id='word_1_41' title='bbox 1147 1053 1473 1119; x_wconf 79' lang='lat' dir='ltr'><strong>confraternitatem</strong></span> 
     </span>
     <span class='ocr_line' id='line_1_7' title="bbox 246 1158 908 1239; baseline -0.008 -16"><span class='ocrx_word' id='word_1_42' title='bbox 246 1158 375 1223; x_wconf 90' lang='lat' dir='ltr'><strong>rosarii</strong></span> <span class='ocrx_word' id='word_1_43' title='bbox 389 1159 425 1221; x_wconf 92' lang='lat' dir='ltr'><strong>in</strong></span> <span class='ocrx_word' id='word_1_44' title='bbox 440 1176 483 1223; x_wconf 90' lang='lat' dir='ltr'><strong>eo</strong></span> <span class='ocrx_word' id='word_1_45' title='bbox 499 1158 628 1239; x_wconf 93' lang='lat' dir='ltr'><strong>oppido</strong></span> <span class='ocrx_word' id='word_1_46' title='bbox 643 1158 908 1222; x_wconf 88' lang='lat' dir='ltr'><strong>instituendam.</strong></span> 
     </span>
    </p>

    <p class='ocr_par' dir='ltr' id='par_1_4' title="bbox 170 1263 1473 2297">
     <span class='ocr_line' id='line_1_8' title="bbox 301 1263 1472 1348; baseline 0.003 -20"><span class='ocrx_word' id='word_1_47' title='bbox 301 1263 394 1329; x_wconf 83' lang='lat'>3026.</span> <span class='ocrx_word' id='word_1_48' title='bbox 437 1264 688 1329; x_wconf 85' lang='lat' dir='ltr'><strong>Evocabantur</strong></span> <span class='ocrx_word' id='word_1_49' title='bbox 703 1264 881 1329; x_wconf 91' lang='lat' dir='ltr'><strong>interdum</strong></span> <span class='ocrx_word' id='word_1_50' title='bbox 894 1266 1009 1329; x_wconf 86' lang='lat' dir='ltr'><strong>nostri</strong></span> <span class='ocrx_word' id='word_1_51' title='bbox 1021 1274 1094 1331; x_wconf 92' lang='lat' dir='ltr'><strong>tam</strong></span> <span class='ocrx_word' id='word_1_52' title='bbox 1106 1268 1211 1331; x_wconf 86' lang='lat' dir='ltr'><strong>anxie</strong></span> <span class='ocrx_word' id='word_1_53' title='bbox 1227 1266 1273 1331; x_wconf 89' lang='lat' dir='ltr'><strong>ad</strong></span> <span class='ocrx_word' id='word_1_54' title='bbox 1284 1277 1472 1348; x_wconf 82' lang='lat' dir='ltr'><strong>aegrotan-</strong></span> 
     </span>
     <span class='ocr_line' id='line_1_9' title="bbox 243 1372 1471 1455; baseline 0.002 -18"><span class='ocrx_word' id='word_1_55' title='bbox 243 1382 308 1453; x_wconf 90' lang='lat' dir='ltr'><strong>tes,</strong></span> <span class='ocrx_word' id='word_1_56' title='bbox 324 1381 362 1437; x_wconf 92' lang='lat' dir='ltr'><strong>ut</strong></span> <span class='ocrx_word' id='word_1_57' title='bbox 378 1372 567 1455; x_wconf 84' lang='lat' dir='ltr'><strong>aliquando</strong></span> <span class='ocrx_word' id='word_1_58' title='bbox 581 1373 764 1437; x_wconf 89' lang='lat' dir='ltr'><strong>videretur</strong></span> <span class='ocrx_word' id='word_1_59' title='bbox 778 1388 901 1436; x_wconf 89' lang='lat' dir='ltr'><strong>eorum</strong></span> <span class='ocrx_word' id='word_1_60' title='bbox 916 1373 1012 1437; x_wconf 90' lang='lat' dir='ltr'><strong>salus</strong></span> <span class='ocrx_word' id='word_1_61' title='bbox 1031 1391 1076 1437; x_wconf 86' lang='lat' dir='ltr'><strong>ex</strong></span> <span class='ocrx_word' id='word_1_62' title='bbox 1091 1383 1295 1439; x_wconf 91' lang='lat' dir='ltr'><strong>nostrorum</strong></span> <span class='ocrx_word' id='word_1_63' title='bbox 1315 1374 1471 1439; x_wconf 87' lang='lat' dir='ltr'><strong>aduentu</strong></span> 
     </span>
     <span class='ocr_line' id='line_1_10' title="bbox 241 1477 1471 1562; baseline 0.002 -17"><span class='ocrx_word' id='word_1_64' title='bbox 241 1480 407 1562; x_wconf 86' lang='lat' dir='ltr'><strong>pendere.</strong></span> <span class='ocrx_word' id='word_1_65' title='bbox 422 1480 517 1544; x_wconf 89' lang='lat' dir='ltr'><strong>luter</strong></span> <span class='ocrx_word' id='word_1_66' title='bbox 531 1480 620 1543; x_wconf 88' lang='lat' dir='ltr'><strong>alios</strong></span> <span class='ocrx_word' id='word_1_67' title='bbox 635 1477 750 1543; x_wconf 87' lang='lat' dir='ltr'><strong>media</strong></span> <span class='ocrx_word' id='word_1_68' title='bbox 765 1488 870 1543; x_wconf 89' lang='lat' dir='ltr'><strong>nocte</strong></span> <span class='ocrx_word' id='word_1_69' title='bbox 883 1480 982 1544; x_wconf 89' lang='lat' dir='ltr'><strong>venit</strong></span> <span class='ocrx_word' id='word_1_70' title='bbox 997 1481 1142 1562; x_wconf 91' lang='lat' dir='ltr'><strong>quidam</strong></span> <span class='ocrx_word' id='word_1_71' title='bbox 1156 1480 1202 1545; x_wconf 90' lang='lat' dir='ltr'><strong>ad</strong></span> <span class='ocrx_word' id='word_1_72' title='bbox 1222 1480 1259 1545; x_wconf 92' lang='grc' dir='ltr'><strong>Ρ.</strong></span> <span class='ocrx_word' id='word_1_73' title='bbox 1281 1480 1471 1547; x_wconf 85' lang='lat' dir='ltr'><strong>Rectorem</strong></span> 
     </span>
     <span class='ocr_line' id='line_1_11' title="bbox 243 1585 1473 1671; baseline 0 -19"><span class='ocrx_word' id='word_1_74' title='bbox 243 1588 496 1653; x_wconf 88' lang='lat' dir='ltr'><strong>accersendum</strong></span> <span class='ocrx_word' id='word_1_75' title='bbox 508 1586 553 1651; x_wconf 90' lang='lat' dir='ltr'><strong>ad</strong></span> <span class='ocrx_word' id='word_1_76' title='bbox 568 1588 711 1652; x_wconf 92' lang='lat' dir='ltr'><strong>domum</strong></span> <span class='ocrx_word' id='word_1_77' title='bbox 721 1585 905 1667; x_wconf 85' lang='lat' dir='ltr'><strong>cujusdam</strong></span> <span class='ocrx_word' id='word_1_78' title='bbox 922 1586 1118 1653; x_wconf 87' lang='lat' dir='ltr'><strong>sacerdotis</strong></span> <span class='ocrx_word' id='word_1_79' title='bbox 1132 1587 1208 1670; x_wconf 89' lang='lat' dir='ltr'><strong>ejus</strong></span> <span class='ocrx_word' id='word_1_80' title='bbox 1221 1591 1355 1671; x_wconf 88' lang='lat' dir='ltr'><strong>populi,</strong></span> <span class='ocrx_word' id='word_1_81' title='bbox 1372 1588 1473 1669; x_wconf 86' lang='lat' dir='ltr'><strong>cujus</strong></span> 
     </span>
     <span class='ocr_line' id='line_1_12' title="bbox 244 1693 1473 1777; baseline 0 -18"><span class='ocrx_word' id='word_1_82' title='bbox 244 1695 399 1759; x_wconf 88' lang='lat' dir='ltr'><strong>animam</strong></span> <span class='ocrx_word' id='word_1_83' title='bbox 413 1696 450 1759; x_wconf 92' lang='lat' dir='ltr'><strong>in</strong></span> <span class='ocrx_word' id='word_1_84' title='bbox 467 1696 574 1777; x_wconf 87' lang='lat' dir='ltr'><strong>gravi</strong></span> <span class='ocrx_word' id='word_1_85' title='bbox 593 1695 749 1776; x_wconf 90' lang='lat' dir='ltr'><strong>periculo</strong></span> <span class='ocrx_word' id='word_1_86' title='bbox 770 1693 928 1760; x_wconf 83' lang='lat' dir='ltr'><strong>futuram</strong></span> <span class='ocrx_word' id='word_1_87' title='bbox 941 1712 1020 1759; x_wconf 90' lang='lat' dir='ltr'><strong>esse</strong></span> <span class='ocrx_word' id='word_1_88' title='bbox 1043 1695 1195 1775; x_wconf 88' lang='lat' dir='ltr'><strong>dicebat,</strong></span> <span class='ocrx_word' id='word_1_89' title='bbox 1217 1696 1249 1761; x_wconf 92' lang='lat' dir='ltr'><strong>si</strong></span> <span class='ocrx_word' id='word_1_90' title='bbox 1270 1694 1473 1777; x_wconf 86' lang='lat' dir='ltr'><strong>praedictus</strong></span> 
     </span>
     <span class='ocr_line' id='line_1_13' title="bbox 244 1801 1473 1882; baseline 0 -16"><span class='ocrx_word' id='word_1_91' title='bbox 244 1801 349 1867; x_wconf 90' lang='lat' dir='ltr'><strong>Pater</strong></span> <span class='ocrx_word' id='word_1_92' title='bbox 364 1819 407 1867; x_wconf 90' lang='lat' dir='ltr'><strong>eo</strong></span> <span class='ocrx_word' id='word_1_93' title='bbox 422 1820 493 1867; x_wconf 91' lang='lat' dir='ltr'><strong>non</strong></span> <span class='ocrx_word' id='word_1_94' title='bbox 508 1803 694 1867; x_wconf 89' lang='lat' dir='ltr'><strong>accederet</strong></span> <span class='ocrx_word' id='word_1_95' title='bbox 707 1820 714 1882; x_wconf 93' lang='grc'><strong>;</strong></span> <span class='ocrx_word' id='word_1_96' title='bbox 731 1811 861 1867; x_wconf 89' lang='lat' dir='ltr'><strong>etcum</strong></span> <span class='ocrx_word' id='word_1_97' title='bbox 880 1803 1004 1868; x_wconf 89' lang='lat' dir='ltr'><strong>eadem</strong></span> <span class='ocrx_word' id='word_1_98' title='bbox 1019 1812 1123 1867; x_wconf 89' lang='lat' dir='ltr'><strong>nocte</strong></span> <span class='ocrx_word' id='word_1_99' title='bbox 1145 1804 1238 1868; x_wconf 90' lang='lat' dir='ltr'><strong>idem</strong></span> <span class='ocrx_word' id='word_1_100' title='bbox 1253 1802 1358 1868; x_wconf 87' lang='lat' dir='ltr'><strong>Pater</strong></span> <span class='ocrx_word' id='word_1_101' title='bbox 1380 1804 1473 1867; x_wconf 91' lang='lat' dir='ltr'><strong>male</strong></span> 
     </span>
     <span class='ocr_line' id='line_1_14' title="bbox 170 1910 1472 1999; baseline 0.002 -26"><span class='ocrx_word' id='word_1_102' title='bbox 170 1990 174 1999; x_wconf 32' lang='grc' dir='ltr'>Ι</span> <span class='ocrx_word' id='word_1_103' title='bbox 245 1910 381 1974; x_wconf 90' lang='lat' dir='ltr'><strong>valeret</strong></span> <span class='ocrx_word' id='word_1_104' title='bbox 407 1919 442 1974; x_wconf 90' lang='lat' dir='ltr'><strong>et</strong></span> <span class='ocrx_word' id='word_1_105' title='bbox 464 1911 700 1991; x_wconf 89' lang='lat' dir='ltr'><strong>catapotium,</strong></span> <span class='ocrx_word' id='word_1_106' title='bbox 728 1911 953 1992; x_wconf 84' lang='lat' dir='ltr'><strong>purgationis</strong></span> <span class='ocrx_word' id='word_1_107' title='bbox 980 1928 1106 1992; x_wconf 88' lang='lat' dir='ltr'><strong>causa,</strong></span> <span class='ocrx_word' id='word_1_108' title='bbox 1136 1912 1350 1993; x_wconf 86' lang='lat' dir='ltr'><strong>accepisset,</strong></span> <span class='ocrx_word' id='word_1_109' title='bbox 1377 1919 1472 1992; x_wconf 93' lang='lat' dir='ltr'><strong>post·</strong></span> 
     </span>
     <span class='ocr_line' id='line_1_15' title="bbox 245 2017 1471 2099; baseline 0 -18"><span class='ocrx_word' id='word_1_110' title='bbox 245 2017 364 2081; x_wconf 88' lang='lat' dir='ltr'><strong>habita</strong></span> <span class='ocrx_word' id='word_1_111' title='bbox 379 2018 434 2082; x_wconf 92' lang='lat' dir='ltr'><strong>sui</strong></span> <span class='ocrx_word' id='word_1_112' title='bbox 449 2017 610 2099; x_wconf 89' lang='lat' dir='ltr'><strong>corporis</strong></span> <span class='ocrx_word' id='word_1_113' title='bbox 625 2018 794 2097; x_wconf 85' lang='lat' dir='ltr'><strong>sanitate,</strong></span> <span class='ocrx_word' id='word_1_114' title='bbox 811 2026 850 2082; x_wconf 94' lang='lat' dir='ltr'><strong>ut</strong></span> <span class='ocrx_word' id='word_1_115' title='bbox 864 2018 1005 2082; x_wconf 90' lang='lat' dir='ltr'><strong>animae</strong></span> <span class='ocrx_word' id='word_1_116' title='bbox 1019 2019 1171 2099; x_wconf 85' lang='lat' dir='ltr'><strong>proximi</strong></span> <span class='ocrx_word' id='word_1_117' title='bbox 1189 2019 1406 2097; x_wconf 90' lang='lat' dir='ltr'><strong>subveniret,</strong></span> <span class='ocrx_word' id='word_1_118' title='bbox 1429 2036 1471 2082; x_wconf 92' lang='lat' dir='ltr'><strong>eo</strong></span> 
     </span>
     <span class='ocr_line' id='line_1_16' title="bbox 242 2122 1472 2206; baseline 0 -17"><span class='ocrx_word' id='word_1_119' title='bbox 242 2142 282 2189; x_wconf 89' lang='lat' dir='ltr'><strong>se</strong></span> <span class='ocrx_word' id='word_1_120' title='bbox 293 2125 452 2206; x_wconf 90' lang='lat' dir='ltr'><strong>contulit,</strong></span> <span class='ocrx_word' id='word_1_121' title='bbox 461 2122 771 2205; x_wconf 87' lang='lat' dir='ltr'><strong>cujuspraesentia</strong></span> <span class='ocrx_word' id='word_1_122' title='bbox 782 2124 1134 2191; x_wconf 86' lang='lat' dir='ltr'><strong>Dominusafflictum</strong></span> <span class='ocrx_word' id='word_1_123' title='bbox 1142 2125 1240 2191; x_wconf 91' lang='lat' dir='ltr'><strong>illum</strong></span> <span class='ocrx_word' id='word_1_124' title='bbox 1249 2126 1472 2191; x_wconf 87' lang='lat' dir='ltr'><strong>sacerdotem</strong></span> 
     </span>
     <span class='ocr_line' id='line_1_17' title="bbox 243 2233 533 2297; baseline -0.01 -1"><span class='ocrx_word' id='word_1_125' title='bbox 243 2233 449 2297; x_wconf 88' lang='lat' dir='ltr'><strong>consolatus</strong></span> <span class='ocrx_word' id='word_1_126' title='bbox 468 2241 533 2297; x_wconf 89' lang='lat' dir='ltr'><strong>est.</strong></span> 
     </span>
    </p>

    <p class='ocr_par' dir='ltr' id='par_1_5' title="bbox 242 2338 1472 2637">
     <span class='ocr_line' id='line_1_18' title="bbox 303 2338 1471 2422; baseline -0.001 -17"><span class='ocrx_word' id='word_1_127' title='bbox 303 2338 394 2405; x_wconf 79' lang='lat'>3027.</span> <span class='ocrx_word' id='word_1_128' title='bbox 438 2339 599 2405; x_wconf 88' lang='lat' dir='ltr'><strong>Marchio</strong></span> <span class='ocrx_word' id='word_1_129' title='bbox 614 2338 892 2422; x_wconf 87' lang='lat' dir='ltr'><strong>Ayamoutensis</strong></span> <span class='ocrx_word' id='word_1_130' title='bbox 909 2340 918 2373; x_wconf 89' lang='lat'>¹</span> <span class='ocrx_word' id='word_1_131' title='bbox 934 2342 1126 2421; x_wconf 88' lang='lat' dir='ltr'><strong>aliquando</strong></span> <span class='ocrx_word' id='word_1_132' title='bbox 1141 2341 1283 2406; x_wconf 89' lang='lat' dir='ltr'><strong>Patrem</strong></span> <span class='ocrx_word' id='word_1_133' title='bbox 1299 2340 1393 2405; x_wconf 89' lang='lat' dir='ltr'><strong>bunc</strong></span> <span class='ocrx_word' id='word_1_134' title='bbox 1407 2339 1471 2404; x_wconf 91' lang='lat' dir='ltr'><strong>Re·</strong></span> 
     </span>
     <span class='ocr_line' id='line_1_19' title="bbox 243 2447 1472 2529; baseline -0.001 -17"><span class='ocrx_word' id='word_1_135' title='bbox 243 2457 377 2512; x_wconf 88' lang='lat' dir='ltr'><strong>ctorem</strong></span> <span class='ocrx_word' id='word_1_136' title='bbox 401 2448 496 2512; x_wconf 92' lang='lat' dir='ltr'><strong>domi</strong></span> <span class='ocrx_word' id='word_1_137' title='bbox 521 2447 714 2526; x_wconf 88' lang='lat' dir='ltr'><strong>invisebat,</strong></span> <span class='ocrx_word' id='word_1_138' title='bbox 739 2463 907 2528; x_wconf 82' lang='lat' dir='ltr'><strong>magnam</strong></span> <span class='ocrx_word' id='word_1_139' title='bbox 933 2448 1170 2513; x_wconf 88' lang='lat' dir='ltr'><strong>humilitatem</strong></span> <span class='ocrx_word' id='word_1_140' title='bbox 1193 2466 1237 2514; x_wconf 92' lang='lat' dir='ltr'><strong>ac</strong></span> <span class='ocrx_word' id='word_1_141' title='bbox 1257 2447 1472 2529; x_wconf 88' lang='lat' dir='ltr'><strong>probitatem</strong></span> 
     </span>
     <span class='ocr_line' id='line_1_20' title="bbox 242 2554 526 2637; baseline -0.004 -18"><span class='ocrx_word' id='word_1_142' title='bbox 242 2572 329 2637; x_wconf 89' lang='lat' dir='ltr'><strong>prae</strong></span> <span class='ocrx_word' id='word_1_143' title='bbox 344 2572 382 2620; x_wconf 90' lang='lat' dir='ltr'><strong>se</strong></span> <span class='ocrx_word' id='word_1_144' title='bbox 397 2554 526 2620; x_wconf 79' lang='lat' dir='ltr'><strong>ferens</strong></span> 
     </span>
    </p>

    <p class='ocr_par' dir='ltr' id='par_1_6' title="bbox 242 2661 1470 3282">
     <span class='ocr_line' id='line_1_21' title="bbox 301 2661 1470 2746; baseline -0.001 -17"><span class='ocrx_word' id='word_1_145' title='bbox 301 2661 393 2729; x_wconf 79' lang='grc'><strong>3028.</strong></span> <span class='ocrx_word' id='word_1_146' title='bbox 437 2662 527 2729; x_wconf 92' lang='lat' dir='ltr'><strong>Cum</strong></span> <span class='ocrx_word' id='word_1_147' title='bbox 545 2664 615 2729; x_wconf 91' lang='lat' dir='ltr'><strong>duo</strong></span> <span class='ocrx_word' id='word_1_148' title='bbox 636 2664 706 2728; x_wconf 89' lang='lat' dir='ltr'><strong>viri</strong></span> <span class='ocrx_word' id='word_1_149' title='bbox 726 2672 869 2746; x_wconf 91' lang='lat' dir='ltr'><strong>propter</strong></span> <span class='ocrx_word' id='word_1_150' title='bbox 889 2662 1065 2746; x_wconf 78' lang='lat' dir='ltr'><strong>injuriam,</strong></span> <span class='ocrx_word' id='word_1_151' title='bbox 1082 2682 1189 2745; x_wconf 86' lang='lat' dir='ltr'><strong>quam</strong></span> <span class='ocrx_word' id='word_1_152' title='bbox 1209 2664 1300 2728; x_wconf 89' lang='lat' dir='ltr'><strong>alter</strong></span> <span class='ocrx_word' id='word_1_153' title='bbox 1320 2680 1470 2744; x_wconf 87' lang='lat' dir='ltr'><strong>gravem</strong></span> 
     </span>
     <span class='ocr_line' id='line_1_22' title="bbox 242 2770 1469 2854; baseline -0.002 -18"><span class='ocrx_word' id='word_1_154' title='bbox 242 2779 442 2852; x_wconf 87' lang='lat' dir='ltr'><strong>acceperat,</strong></span> <span class='ocrx_word' id='word_1_155' title='bbox 467 2771 528 2837; x_wconf 93' lang='lat' dir='ltr'><strong>diu</strong></span> <span class='ocrx_word' id='word_1_156' title='bbox 552 2771 781 2850; x_wconf 87' lang='lat' dir='ltr'><strong>dissiderent,</strong></span> <span class='ocrx_word' id='word_1_157' title='bbox 805 2789 887 2836; x_wconf 93' lang='lat' dir='ltr'><strong>cum</strong></span> <span class='ocrx_word' id='word_1_158' title='bbox 906 2770 945 2835; x_wconf 89' lang='lat' dir='ltr'><strong>P.</strong></span> <span class='ocrx_word' id='word_1_159' title='bbox 965 2773 1122 2854; x_wconf 90' lang='lat' dir='ltr'><strong>Joannes</strong></span> <span class='ocrx_word' id='word_1_160' title='bbox 1142 2771 1272 2836; x_wconf 87' lang='lat' dir='ltr'><strong>Paulus</strong></span> <span class='ocrx_word' id='word_1_161' title='bbox 1297 2770 1469 2835; x_wconf 84' lang='lat' dir='ltr'><strong>offensum</strong></span> 
     </span>
     <span class='ocr_line' id='line_1_23' title="bbox 243 2877 1470 2960; baseline -0.001 -18"><span class='ocrx_word' id='word_1_162' title='bbox 243 2889 401 2958; x_wconf 85' lang='lat' dir='ltr'><strong>rogaret,</strong></span> <span class='ocrx_word' id='word_1_163' title='bbox 418 2896 489 2942; x_wconf 93' lang='lat' dir='ltr'><strong>non</strong></span> <span class='ocrx_word' id='word_1_164' title='bbox 504 2888 641 2944; x_wconf 90' lang='lat' dir='ltr'><strong>tantum</strong></span> <span class='ocrx_word' id='word_1_165' title='bbox 655 2877 820 2960; x_wconf 85' lang='lat' dir='ltr'><strong>injuriam</strong></span> <span class='ocrx_word' id='word_1_166' title='bbox 835 2878 1062 2958; x_wconf 87' lang='lat' dir='ltr'><strong>condonavit,</strong></span> <span class='ocrx_word' id='word_1_167' title='bbox 1078 2878 1142 2943; x_wconf 90' lang='lat' dir='ltr'><strong>sed</strong></span> <span class='ocrx_word' id='word_1_168' title='bbox 1155 2879 1269 2943; x_wconf 87' lang='lat' dir='ltr'><strong>eidem</strong></span> <span class='ocrx_word' id='word_1_169' title='bbox 1285 2879 1470 2948; x_wconf 84' lang='lat' dir='ltr'><strong>consessus</strong></span> 
     </span>
     <span class='ocr_line' id='line_1_24' title="bbox 244 2984 1469 3068; baseline 0 -18"><span class='ocrx_word' id='word_1_170' title='bbox 244 2995 308 3050; x_wconf 89' lang='lat' dir='ltr'><strong>est.</strong></span> <span class='ocrx_word' id='word_1_171' title='bbox 325 2984 394 3050; x_wconf 90' lang='lat' dir='ltr'><strong>Sed</strong></span> <span class='ocrx_word' id='word_1_172' title='bbox 409 3002 489 3050; x_wconf 90' lang='lat' dir='ltr'><strong>cum</strong></span> <span class='ocrx_word' id='word_1_173' title='bbox 504 2987 595 3050; x_wconf 92' lang='lat' dir='ltr'><strong>alius</strong></span> <span class='ocrx_word' id='word_1_174' title='bbox 611 2985 858 3050; x_wconf 88' lang='lat' dir='ltr'><strong>adversarium</strong></span> <span class='ocrx_word' id='word_1_175' title='bbox 871 3003 975 3051; x_wconf 90' lang='lat' dir='ltr'><strong>suum</strong></span> <span class='ocrx_word' id='word_1_176' title='bbox 989 2985 1026 3051; x_wconf 92' lang='lat' dir='ltr'><strong>in</strong></span> <span class='ocrx_word' id='word_1_177' title='bbox 1046 3003 1228 3050; x_wconf 88' lang='lat' dir='ltr'><strong>carcerem</strong></span> <span class='ocrx_word' id='word_1_178' title='bbox 1246 2985 1469 3068; x_wconf 73' lang='lat' dir='ltr'><strong>coniecisset,</strong></span> 
     </span>
     <span class='ocr_line' id='line_1_25' title="bbox 243 3093 1470 3173; baseline 0 -16"><span class='ocrx_word' id='word_1_179' title='bbox 243 3102 277 3157; x_wconf 92' lang='lat' dir='ltr'><strong>et</strong></span> <span class='ocrx_word' id='word_1_180' title='bbox 301 3109 359 3156; x_wconf 89' lang='lat' dir='ltr'><strong>res</strong></span> <span class='ocrx_word' id='word_1_181' title='bbox 373 3109 415 3156; x_wconf 92' lang='lat' dir='ltr'><strong>eo</strong></span> <span class='ocrx_word' id='word_1_182' title='bbox 441 3093 612 3172; x_wconf 89' lang='lat' dir='ltr'><strong>tenderet,</strong></span> <span class='ocrx_word' id='word_1_183' title='bbox 629 3101 667 3156; x_wconf 92' lang='lat' dir='ltr'><strong>ut</strong></span> <span class='ocrx_word' id='word_1_184' title='bbox 685 3093 903 3173; x_wconf 89' lang='lat' dir='ltr'><strong>torquendus</strong></span> <span class='ocrx_word' id='word_1_185' title='bbox 925 3103 1035 3171; x_wconf 86' lang='lat' dir='ltr'><strong>esset,</strong></span> <span class='ocrx_word' id='word_1_186' title='bbox 1056 3110 1139 3158; x_wconf 88' lang='lat' dir='ltr'><strong>cum</strong></span> <span class='ocrx_word' id='word_1_187' title='bbox 1155 3093 1249 3158; x_wconf 91' lang='lat' dir='ltr'><strong>idem</strong></span> <span class='ocrx_word' id='word_1_188' title='bbox 1264 3093 1369 3158; x_wconf 88' lang='lat' dir='ltr'><strong>Pater</strong></span> <span class='ocrx_word' id='word_1_189' title='bbox 1390 3111 1470 3158; x_wconf 88' lang='lat' dir='ltr'><strong>eum</strong></span> 
     </span>
     <span class='ocr_line' id='line_1_26' title="bbox 242 3198 1347 3282; baseline 0 -18"><span class='ocrx_word' id='word_1_190' title='bbox 242 3201 366 3264; x_wconf 85' lang='lat' dir='ltr'><strong>suisset</strong></span> <span class='ocrx_word' id='word_1_191' title='bbox 380 3201 565 3280; x_wconf 75' lang='lat' dir='ltr'><strong>allocutuS,</strong></span> <span class='ocrx_word' id='word_1_192' title='bbox 582 3198 681 3280; x_wconf 86' lang='lat' dir='ltr'><strong>cujus</strong></span> <span class='ocrx_word' id='word_1_193' title='bbox 696 3201 877 3279; x_wconf 86' lang='lat' dir='ltr'><strong>intererat,</strong></span> <span class='ocrx_word' id='word_1_194' title='bbox 892 3218 955 3264; x_wconf 90' lang='lat' dir='ltr'><strong>reo</strong></span> <span class='ocrx_word' id='word_1_195' title='bbox 969 3201 1113 3266; x_wconf 86' lang='lat' dir='ltr'><strong>veniam</strong></span> <span class='ocrx_word' id='word_1_196' title='bbox 1132 3201 1347 3282; x_wconf 89' lang='lat' dir='ltr'><strong>impetravit.</strong></span> 
     </span>
    </p>

    <p class='ocr_par' dir='ltr' id='par_1_7' title="bbox 242 3306 1471 3818">
     <span class='ocr_line' id='line_1_27' title="bbox 301 3306 1471 3388; baseline -0.001 -16"><span class='ocrx_word' id='word_1_197' title='bbox 301 3306 393 3372; x_wconf 88' lang='grc'><strong>3029.</strong></span> <span class='ocrx_word' id='word_1_198' title='bbox 436 3306 531 3373; x_wconf 88' lang='lat' dir='ltr'><strong>Satis</strong></span> <span class='ocrx_word' id='word_1_199' title='bbox 565 3325 668 3372; x_wconf 91' lang='lat' dir='ltr'><strong>suum</strong></span> <span class='ocrx_word' id='word_1_200' title='bbox 701 3307 864 3372; x_wconf 83' lang='lat' dir='ltr'><strong>affectum</strong></span> <span class='ocrx_word' id='word_1_201' title='bbox 901 3324 988 3388; x_wconf 85' lang='lat' dir='ltr'><strong>erga</strong></span> <span class='ocrx_word' id='word_1_202' title='bbox 1022 3309 1116 3372; x_wconf 89' lang='lat' dir='ltr'><strong>hunc</strong></span> <span class='ocrx_word' id='word_1_203' title='bbox 1144 3306 1287 3372; x_wconf 90' lang='lat' dir='ltr'><strong>Patrem</strong></span> <span class='ocrx_word' id='word_1_204' title='bbox 1319 3308 1471 3388; x_wconf 90' lang='lat' dir='ltr'><strong>populus</strong></span> 
     </span>
     <span class='ocr_line' id='line_1_28' title="bbox 243 3414 1470 3498; baseline 0.001 -20"><span class='ocrx_word' id='word_1_205' title='bbox 243 3414 451 3480; x_wconf 88' lang='lat' dir='ltr'><strong>ostendebat</strong></span> <span class='ocrx_word' id='word_1_206' title='bbox 466 3431 549 3479; x_wconf 89' lang='lat' dir='ltr'><strong>cum</strong></span> <span class='ocrx_word' id='word_1_207' title='bbox 563 3424 779 3496; x_wconf 85' lang='lat' dir='ltr'><strong>aegrotaret;</strong></span> <span class='ocrx_word' id='word_1_208' title='bbox 796 3415 891 3495; x_wconf 90' lang='lat' dir='ltr'><strong>(nam</strong></span> <span class='ocrx_word' id='word_1_209' title='bbox 906 3433 1013 3497; x_wconf 85' lang='lat' dir='ltr'><strong>saepe</strong></span> <span class='ocrx_word' id='word_1_210' title='bbox 1027 3415 1096 3480; x_wconf 89' lang='lat' dir='ltr'><strong>boc</strong></span> <span class='ocrx_word' id='word_1_211' title='bbox 1110 3417 1143 3480; x_wconf 87' lang='lat' dir='ltr'><strong>ei</strong></span> <span class='ocrx_word' id='word_1_212' title='bbox 1162 3425 1308 3498; x_wconf 89' lang='lat' dir='ltr'><strong>propter</strong></span> <span class='ocrx_word' id='word_1_213' title='bbox 1328 3416 1470 3480; x_wconf 87' lang='lat' dir='ltr'><strong>labores</strong></span> 
     </span>
     <span class='ocr_line' id='line_1_29' title="bbox 242 3520 1469 3605; baseline -0.001 -18"><span class='ocrx_word' id='word_1_214' title='bbox 242 3523 369 3587; x_wconf 89' lang='lat' dir='ltr'><strong>nimios</strong></span> <span class='ocrx_word' id='word_1_215' title='bbox 383 3521 592 3602; x_wconf 89' lang='lat' dir='ltr'><strong>accidebat),</strong></span> <span class='ocrx_word' id='word_1_216' title='bbox 609 3523 718 3605; x_wconf 90' lang='lat' dir='ltr'><strong>aliqui</strong></span> <span class='ocrx_word' id='word_1_217' title='bbox 733 3522 826 3587; x_wconf 86' lang='lat' dir='ltr'><strong>enim</strong></span> <span class='ocrx_word' id='word_1_218' title='bbox 842 3523 887 3588; x_wconf 91' lang='lat' dir='ltr'><strong>ad</strong></span> <span class='ocrx_word' id='word_1_219' title='bbox 903 3541 941 3587; x_wconf 90' lang='lat' dir='ltr'><strong>se</strong></span> <span class='ocrx_word' id='word_1_220' title='bbox 956 3523 1053 3604; x_wconf 92' lang='lat' dir='ltr'><strong>ipsos</strong></span> <span class='ocrx_word' id='word_1_221' title='bbox 1075 3520 1151 3603; x_wconf 88' lang='lat' dir='ltr'><strong>ejus</strong></span> <span class='ocrx_word' id='word_1_222' title='bbox 1168 3525 1331 3587; x_wconf 90' lang='lat' dir='ltr'><strong>morbum</strong></span> <span class='ocrx_word' id='word_1_223' title='bbox 1355 3533 1469 3587; x_wconf 91' lang='lat' dir='ltr'><strong>trans·</strong></span> 
     </span>
     <span class='ocr_line' id='line_1_30' title="bbox 242 3629 1470 3711; baseline 0 -17"><span class='ocrx_word' id='word_1_224' title='bbox 242 3629 327 3694; x_wconf 86' lang='lat' dir='ltr'><strong>ferri</strong></span> <span class='ocrx_word' id='word_1_225' title='bbox 346 3631 532 3710; x_wconf 89' lang='lat' dir='ltr'><strong>optabant,</strong></span> <span class='ocrx_word' id='word_1_226' title='bbox 549 3640 587 3694; x_wconf 93' lang='lat' dir='ltr'><strong>ut</strong></span> <span class='ocrx_word' id='word_1_227' title='bbox 606 3631 681 3710; x_wconf 87' lang='lat' dir='ltr'><strong>ipse</strong></span> <span class='ocrx_word' id='word_1_228' title='bbox 700 3630 930 3710; x_wconf 86' lang='lat' dir='ltr'><strong>liberaretur,</strong></span> <span class='ocrx_word' id='word_1_229' title='bbox 947 3631 1060 3695; x_wconf 91' lang='lat' dir='ltr'><strong>vitam</strong></span> <span class='ocrx_word' id='word_1_230' title='bbox 1080 3647 1183 3694; x_wconf 89' lang='lat' dir='ltr'><strong>suam</strong></span> <span class='ocrx_word' id='word_1_231' title='bbox 1203 3631 1247 3694; x_wconf 89' lang='lat' dir='ltr'><strong>ab</strong></span> <span class='ocrx_word' id='word_1_232' title='bbox 1267 3631 1379 3711; x_wconf 91' lang='lat' dir='ltr'><strong>ipsius</strong></span> <span class='ocrx_word' id='word_1_233' title='bbox 1394 3631 1470 3694; x_wconf 90' lang='lat' dir='ltr'><strong>vita</strong></span> 
     </span>
     <span class='ocr_line' id='line_1_31' title="bbox 243 3736 635 3818; baseline -0.01 -17"><span class='ocrx_word' id='word_1_234' title='bbox 243 3737 396 3818; x_wconf 87' lang='lat' dir='ltr'><strong>pendere</strong></span> <span class='ocrx_word' id='word_1_235' title='bbox 408 3736 635 3801; x_wconf 88' lang='lat' dir='ltr'><strong>affirmantes.</strong></span> 
     </span>
    </p>

    <p class='ocr_par' dir='ltr' id='par_1_8' title="bbox 241 3841 1473 4358">
     <span class='ocr_line' id='line_1_32' title="bbox 302 3841 1469 3928; baseline 0.002 -22"><span class='ocrx_word' id='word_1_236' title='bbox 302 3841 393 3907; x_wconf 68' lang='lat'><strong>3030.</strong></span> <span class='ocrx_word' id='word_1_237' title='bbox 437 3842 558 3908; x_wconf 90' lang='lat' dir='ltr'><strong>Mense</strong></span> <span class='ocrx_word' id='word_1_238' title='bbox 573 3844 665 3928; x_wconf 92' lang='lat' dir='ltr'><strong>Julio</strong></span> <span class='ocrx_word' id='word_1_239' title='bbox 681 3843 834 3910; x_wconf 89' lang='lat' dir='ltr'><strong>Ducissa</strong></span> <span class='ocrx_word' id='word_1_240' title='bbox 849 3845 1079 3927; x_wconf 87' lang='lat' dir='ltr'><strong>Methymnae</strong></span> <span class='ocrx_word' id='word_1_241' title='bbox 1093 3843 1261 3910; x_wconf 89' lang='lat' dir='ltr'><strong>Sidoniae</strong></span> <span class='ocrx_word' id='word_1_242' title='bbox 1276 3843 1305 3925; x_wconf 86' lang='lat'><strong>¹,</strong></span> <span class='ocrx_word' id='word_1_243' title='bbox 1326 3861 1396 3926; x_wconf 89' lang='lat' dir='ltr'><strong>qua</strong></span> <span class='ocrx_word' id='word_1_244' title='bbox 1410 3862 1469 3926; x_wconf 89' lang='lat' dir='ltr'><strong>po·</strong></span> 
     </span>
     <span class='ocr_line' id='line_1_33' title="bbox 242 3949 1470 4034; baseline 0.002 -20"><span class='ocrx_word' id='word_1_245' title='bbox 242 3949 417 4015; x_wconf 86' lang='lat' dir='ltr'><strong>tissimum</strong></span> <span class='ocrx_word' id='word_1_246' title='bbox 432 3969 475 4015; x_wconf 88' lang='lat' dir='ltr'><strong>ea</strong></span> <span class='ocrx_word' id='word_1_247' title='bbox 490 3959 567 4016; x_wconf 86' lang='lat' dir='ltr'><strong>erat</strong></span> <span class='ocrx_word' id='word_1_248' title='bbox 584 3951 621 4015; x_wconf 92' lang='lat' dir='ltr'><strong>in</strong></span> <span class='ocrx_word' id='word_1_249' title='bbox 636 3951 736 4033; x_wconf 85' lang='lat' dir='ltr'><strong>cujus</strong></span> <span class='ocrx_word' id='word_1_250' title='bbox 752 3953 908 4034; x_wconf 86' lang='lat' dir='ltr'><strong>gratiam</strong></span> <span class='ocrx_word' id='word_1_251' title='bbox 920 3953 1033 4016; x_wconf 91' lang='lat' dir='ltr'><strong>nostri</strong></span> <span class='ocrx_word' id='word_1_252' title='bbox 1048 3953 1143 4034; x_wconf 90' lang='lat' dir='ltr'><strong>apud</strong></span> <span class='ocrx_word' id='word_1_253' title='bbox 1158 3951 1223 4017; x_wconf 55' lang='lat' dir='ltr'><strong>Sa·</strong></span> <span class='ocrx_word' id='word_1_254' title='bbox 1238 3952 1373 4018; x_wconf 90' lang='lat' dir='ltr'><strong>Lucam</strong></span> <span class='ocrx_word' id='word_1_255' title='bbox 1387 3952 1470 4016; x_wconf 89' lang='lat' dir='ltr'><strong>resi·</strong></span> 
     </span>
     <span class='ocr_line' id='line_1_34' title="bbox 242 4057 1472 4142; baseline 0.002 -21"><span class='ocrx_word' id='word_1_256' title='bbox 242 4057 383 4137; x_wconf 89' lang='lat' dir='ltr'><strong>debant,</strong></span> <span class='ocrx_word' id='word_1_257' title='bbox 394 4057 639 4123; x_wconf 86' lang='lat' dir='ltr'><strong>adDominum</strong></span> <span class='ocrx_word' id='word_1_258' title='bbox 650 4060 833 4140; x_wconf 83' lang='lat' dir='ltr'><strong>migravit;</strong></span> <span class='ocrx_word' id='word_1_259' title='bbox 843 4057 945 4139; x_wconf 91' lang='lat' dir='ltr'><strong>cujus</strong></span> <span class='ocrx_word' id='word_1_260' title='bbox 955 4061 1123 4142; x_wconf 87' lang='lat' dir='ltr'><strong>expensis</strong></span> <span class='ocrx_word' id='word_1_261' title='bbox 1133 4062 1246 4125; x_wconf 89' lang='lat' dir='ltr'><strong>nostri</strong></span> <span class='ocrx_word' id='word_1_262' title='bbox 1257 4060 1414 4125; x_wconf 84' lang='lat' dir='ltr'><strong>maxima</strong></span> <span class='ocrx_word' id='word_1_263' title='bbox 1426 4079 1472 4124; x_wconf 87' lang='lat' dir='ltr'><strong>ex</strong></span> 
     </span>
     <span class='ocr_line' id='line_1_35' title="bbox 243 4164 1473 4248; baseline 0.002 -20"><span class='ocrx_word' id='word_1_264' title='bbox 243 4174 343 4246; x_wconf 88' lang='lat' dir='ltr'><strong>parte</strong></span> <span class='ocrx_word' id='word_1_265' title='bbox 359 4165 554 4242; x_wconf 87' lang='lat' dir='ltr'><strong>alebantur;</strong></span> <span class='ocrx_word' id='word_1_266' title='bbox 571 4164 636 4231; x_wconf 90' lang='lat' dir='ltr'><strong>suit</strong></span> <span class='ocrx_word' id='word_1_267' title='bbox 656 4169 743 4232; x_wconf 89' lang='lat' dir='ltr'><strong>satis</strong></span> <span class='ocrx_word' id='word_1_268' title='bbox 766 4167 950 4248; x_wconf 89' lang='lat' dir='ltr'><strong>repentina</strong></span> <span class='ocrx_word' id='word_1_269' title='bbox 971 4164 1048 4248; x_wconf 89' lang='lat' dir='ltr'><strong>ejus</strong></span> <span class='ocrx_word' id='word_1_270' title='bbox 1064 4185 1176 4247; x_wconf 90' lang='lat' dir='ltr'><strong>mors,</strong></span> <span class='ocrx_word' id='word_1_271' title='bbox 1196 4170 1259 4233; x_wconf 89' lang='lat' dir='ltr'><strong>sed</strong></span> <span class='ocrx_word' id='word_1_272' title='bbox 1274 4184 1354 4233; x_wconf 90' lang='lat' dir='ltr'><strong>cum</strong></span> <span class='ocrx_word' id='word_1_273' title='bbox 1369 4167 1473 4231; x_wconf 89' lang='lat' dir='ltr'><strong>bonis</strong></span> 
     </span>
     <span class='ocr_line' id='line_1_36' title="bbox 241 4273 1471 4358; baseline 0.003 -22"><span class='ocrx_word' id='word_1_274' title='bbox 241 4273 407 4353; x_wconf 89' lang='lat' dir='ltr'><strong>operibus</strong></span> <span class='ocrx_word' id='word_1_275' title='bbox 427 4274 532 4355; x_wconf 90' lang='lat' dir='ltr'><strong>plena</strong></span> <span class='ocrx_word' id='word_1_276' title='bbox 551 4282 662 4354; x_wconf 85' lang='lat' dir='ltr'><strong>esset,</strong></span> <span class='ocrx_word' id='word_1_277' title='bbox 683 4274 788 4340; x_wconf 91' lang='lat' dir='ltr'><strong>nimis</strong></span> <span class='ocrx_word' id='word_1_278' title='bbox 802 4291 1044 4358; x_wconf 89' lang='lat' dir='ltr'><strong>praepropera</strong></span> <span class='ocrx_word' id='word_1_279' title='bbox 1059 4293 1156 4341; x_wconf 87' lang='lat' dir='ltr'><strong>mors</strong></span> <span class='ocrx_word' id='word_1_280' title='bbox 1168 4293 1331 4340; x_wconf 90' lang='lat' dir='ltr'><strong>essenon</strong></span> <span class='ocrx_word' id='word_1_281' title='bbox 1344 4276 1471 4358; x_wconf 89' lang='lat' dir='ltr'><strong>potuit.</strong></span> 
     </span>
    </p>
   </div>
   <div class='ocr_carea' id='block_1_3' title="bbox 241 4515 1473 4790">
    <p class='ocr_par' dir='ltr' id='par_1_9' title="bbox 241 4515 1473 4718">
     <span class='ocr_line' id='line_1_37' title="bbox 281 4515 1473 4574; baseline 0.005 -15"><span class='ocrx_word' id='word_1_282' title='bbox 281 4515 290 4550; x_wconf 82' lang='lat'><strong>¹</strong></span> <span class='ocrx_word' id='word_1_283' title='bbox 318 4515 473 4560; x_wconf 77' lang='lat' dir='ltr'><strong>Franclacus</strong></span> <span class='ocrx_word' id='word_1_284' title='bbox 483 4517 515 4560; x_wconf 81' lang='lat' dir='ltr'><strong>de</strong></span> <span class='ocrx_word' id='word_1_285' title='bbox 525 4517 679 4574; x_wconf 84' lang='lat' dir='ltr'><strong>Sotomayor</strong></span> <span class='ocrx_word' id='word_1_286' title='bbox 689 4523 714 4561; x_wconf 87' lang='lat' dir='ltr'><strong>et</strong></span> <span class='ocrx_word' id='word_1_287' title='bbox 727 4517 860 4573; x_wconf 67' lang='lat' dir='ltr'><strong>Portuoeal,</strong></span> <span class='ocrx_word' id='word_1_288' title='bbox 871 4519 964 4564; x_wconf 83' lang='lat' dir='ltr'><strong>Comes</strong></span> <span class='ocrx_word' id='word_1_289' title='bbox 974 4519 999 4562; x_wconf 91' lang='lat' dir='ltr'>V</span> <span class='ocrx_word' id='word_1_290' title='bbox 1010 4521 1042 4564; x_wconf 85' lang='lat' dir='ltr'><strong>de</strong></span> <span class='ocrx_word' id='word_1_291' title='bbox 1054 4519 1207 4564; x_wconf 80' lang='lat' dir='ltr'><strong>Belalcazar</strong></span> <span class='ocrx_word' id='word_1_292' title='bbox 1217 4527 1254 4574; x_wconf 88' lang='lat' dir='ltr'><strong>et,</strong></span> <span class='ocrx_word' id='word_1_293' title='bbox 1265 4531 1298 4564; x_wconf 84' lang='lat' dir='ltr'><strong>ex</strong></span> <span class='ocrx_word' id='word_1_294' title='bbox 1306 4520 1473 4565; x_wconf 81' lang='lat' dir='ltr'><strong>matrimonlo</strong></span> 
     </span>
     <span class='ocr_line' id='line_1_38' title="bbox 241 4586 1472 4649; baseline 0.003 -18"><span class='ocrx_word' id='word_1_295' title='bbox 241 4599 299 4632; x_wconf 91' lang='lat' dir='ltr'><strong>cum</strong></span> <span class='ocrx_word' id='word_1_296' title='bbox 309 4586 340 4631; x_wconf 90' lang='lat' dir='ltr'><strong>D.</strong></span> <span class='ocrx_word' id='word_1_297' title='bbox 350 4587 476 4632; x_wconf 82' lang='lat' dir='ltr'><strong>Theresla</strong></span> <span class='ocrx_word' id='word_1_298' title='bbox 486 4589 517 4632; x_wconf 85' lang='lat' dir='ltr'><strong>de</strong></span> <span class='ocrx_word' id='word_1_299' title='bbox 527 4589 634 4644; x_wconf 72' lang='lat' dir='ltr'><strong>Zulllga.</strong></span> <span class='ocrx_word' id='word_1_300' title='bbox 644 4588 755 4634; x_wconf 82' lang='lat' dir='ltr'><strong>Ducissa</strong></span> <span class='ocrx_word' id='word_1_301' title='bbox 765 4589 802 4634; x_wconf 89' lang='lat'><strong>111</strong></span> <span class='ocrx_word' id='word_1_302' title='bbox 817 4591 848 4634; x_wconf 88' lang='lat' dir='ltr'><strong>de</strong></span> <span class='ocrx_word' id='word_1_303' title='bbox 864 4591 952 4646; x_wconf 81' lang='lat' dir='ltr'><strong>BeJar.</strong></span> <span class='ocrx_word' id='word_1_304' title='bbox 963 4599 1022 4644; x_wconf 69' lang='lat' dir='ltr'><strong>etc„</strong></span> <span class='ocrx_word' id='word_1_305' title='bbox 1036 4591 1153 4637; x_wconf 80' lang='lat' dir='ltr'><strong>Marcblo</strong></span> <span class='ocrx_word' id='word_1_306' title='bbox 1168 4593 1249 4637; x_wconf 83' lang='lat' dir='ltr'><strong>etiam</strong></span> <span class='ocrx_word' id='word_1_307' title='bbox 1265 4593 1297 4636; x_wconf 85' lang='lat' dir='ltr'><strong>de</strong></span> <span class='ocrx_word' id='word_1_308' title='bbox 1314 4593 1472 4649; x_wconf 78' lang='lat' dir='ltr'><strong>Ayamonte.</strong></span> 
     </span>
     <span class='ocr_line' id='line_1_39' title="bbox 245 4659 1054 4718; baseline 0.009 -17"><span class='ocrx_word' id='word_1_309' title='bbox 245 4659 353 4712; x_wconf 76' lang='lat' dir='ltr'><strong>Bouoos,</strong></span> <span class='ocrx_word' id='word_1_310' title='bbox 364 4659 466 4704; x_wconf 82' lang='lat' dir='ltr'><strong>Blason</strong></span> <span class='ocrx_word' id='word_1_311' title='bbox 476 4661 510 4704; x_wconf 82' lang='lat' dir='ltr'><strong>de</strong></span> <span class='ocrx_word' id='word_1_312' title='bbox 520 4659 642 4716; x_wconf 76' lang='lat' dir='ltr'><strong>Espaaa,</strong></span> <span class='ocrx_word' id='word_1_313' title='bbox 652 4667 669 4705; x_wconf 90' lang='lat' dir='ltr'><strong>t.</strong></span> <span class='ocrx_word' id='word_1_314' title='bbox 682 4669 804 4717; x_wconf 84' lang='lat' dir='ltr'><strong>v1,parte</strong></span> <span class='ocrx_word' id='word_1_315' title='bbox 816 4673 842 4714; x_wconf 85' lang='lat' dir='ltr'><strong>tr,</strong></span> <span class='ocrx_word' id='word_1_316' title='bbox 854 4663 893 4706; x_wconf 87' lang='lat' dir='ltr'><strong>llt.</strong></span> <span class='ocrx_word' id='word_1_317' title='bbox 906 4663 936 4715; x_wconf 83' lang='grc' dir='ltr'><strong>Β,</strong></span> <span class='ocrx_word' id='word_1_318' title='bbox 945 4675 1007 4718; x_wconf 78' lang='lat' dir='ltr'><strong>pag.</strong></span> <span class='ocrx_word' id='word_1_319' title='bbox 1019 4665 1054 4708; x_wconf 71' lang='lat' dir='ltr'><strong>m.</strong></span> 
     </span>
    </p>

    <p class='ocr_par' dir='ltr' id='par_1_10' title="bbox 282 4731 1473 4790">
     <span class='ocr_line' id='line_1_40' title="bbox 282 4731 1473 4790; baseline 0.006 -14"><span class='ocrx_word' id='word_1_320' title='bbox 282 4731 294 4763; x_wconf 77' lang='lat'>⁸</span> <span class='ocrx_word' id='word_1_321' title='bbox 320 4732 396 4777; x_wconf 79' lang='lat' dir='ltr'><strong>Arma</strong></span> <span class='ocrx_word' id='word_1_322' title='bbox 406 4732 437 4776; x_wconf 87' lang='lat' dir='ltr'><strong>de</strong></span> <span class='ocrx_word' id='word_1_323' title='bbox 449 4733 554 4788; x_wconf 61' lang='lat' dir='ltr'><strong>Arason</strong></span> <span class='ocrx_word' id='word_1_324' title='bbox 564 4739 589 4777; x_wconf 86' lang='lat' dir='ltr'><strong>ot</strong></span> <span class='ocrx_word' id='word_1_325' title='bbox 601 4731 711 4786; x_wconf 87' lang='lat' dir='ltr'><strong>Gurrca,</strong></span> <span class='ocrx_word' id='word_1_326' title='bbox 722 4733 753 4778; x_wconf 88' lang='lat' dir='ltr'><strong>dc</strong></span> <span class='ocrx_word' id='word_1_327' title='bbox 763 4746 814 4789; x_wconf 84' lang='lat' dir='ltr'><strong>qua</strong></span> <span class='ocrx_word' id='word_1_328' title='bbox 826 4735 1033 4790; x_wconf 78' lang='lat' dir='ltr'><strong>frequentissima</strong></span> <span class='ocrx_word' id='word_1_329' title='bbox 1043 4739 1140 4783; x_wconf 86' lang='lat' dir='ltr'><strong>mentio</strong></span> <span class='ocrx_word' id='word_1_330' title='bbox 1150 4739 1176 4782; x_wconf 90' lang='lat' dir='ltr'><strong>in</strong></span> <span class='ocrx_word' id='word_1_331' title='bbox 1188 4739 1229 4782; x_wconf 78' lang='lat' dir='ltr'><strong>bia</strong></span> <span class='ocrx_word' id='word_1_332' title='bbox 1243 4737 1410 4784; x_wconf 72' lang='lat' dir='ltr'><strong>bionuunrrrrs</strong></span> <span class='ocrx_word' id='word_1_333' title='bbox 1424 4744 1473 4783; x_wconf 85' lang='lat' dir='ltr'><strong>est.</strong></span> 
     </span>
    </p>
   </div>
   <div class='ocr_carea' id='block_1_4' title="bbox 0 0 1826 5350">
    <p class='ocr_par' dir='ltr' id='par_1_11' title="bbox 0 0 1826 5350">
     <span class='ocr_line' id='line_1_41' title="bbox 0 0 1826 5350; baseline 0 0"><span class='ocrx_word' id='word_1_334' title='bbox 0 0 1826 5350; x_wconf 95' lang='lat' dir='ltr'><strong> </strong></span> 
     </span>
    </p>
   </div>
  </div>
 </body>
</html>
