3642 5350
348 426 403 489 832
806 424 935 489 emor.
953 424 1031 490 Soc
1050 424 1122 502 Jns.

348 590 455 656 quam
470 574 507 639 iu
522 572 601 638 aliis
620 571 666 637 ad
684 570 863 637 Christum
882 571 1111 637 adducendis.
1132 571 1223 636 Boni
1241 571 1349 636 etiam
1368 570 1579 637 confessarii

349 682 548 747 etlectores
562 680 760 746 litterarum
774 680 1024 745 humaniorum
1041 688 1076 743 et
1097 680 1135 744 in
1153 678 1339 744 scribendo
1361 678 1480 761 periti,
1500 697 1576 762 per·

349 788 468 855 utilem
484 804 629 871 operam
643 787 681 853 iu
694 786 793 853 India
807 796 992 869 praestare
1002 795 1163 869 possunt.
1178 784 1249 851 Sed
1262 802 1370 868 super
1383 786 1502 852 omnia
1518 785 1577 852 do·

349 914 434 963 uum
448 897 624 962 castitatis
638 894 817 975 eximium,
833 903 980 977 propter
993 893 1196 977 frequentes
1214 895 1425 961 occasiones
1438 894 1576 975 ruendi,

348 1004 590 1069 necessarium
604 1011 669 1069 est.
734 1078 736 1083 ,

407 1110 497 1175 3555
539 1111 707 1193 suggerit
720 1111 815 1176 idem
827 1111 865 1175 in
880 1119 957 1175 tota
967 1109 1144 1177 Societate
1154 1109 1337 1190 negotium
1348 1108 1531 1191 religionis
1539 1111 1574 1174 in

348 1218 448 1283 India
461 1228 496 1283 et
510 1228 712 1284 nostrorum
732 1219 919 1283 missiones
942 1218 1162 1283 orationibus
1181 1225 1215 1282 et
1236 1216 1422 1283 sacrifieiis
1441 1226 1576 1281 nostro·

348 1342 427 1391 rum
441 1325 519 1391 Deo
531 1325 832 1391 commendandas
846 1342 937 1404 esse,
952 1326 1045 1390 sicut
1058 1342 1101 1390 eo
1115 1333 1275 1405 tempore
1289 1343 1347 1390 res
1362 1325 1577 1391 Germaniae

348 1432 427 1499 Deo
443 1433 793 1514 commendabantur,
809 1442 880 1498 eta
899 1433 1072 1517 Jauuario
1091 1449 1213 1497 mense
1229 1448 1340 1515 usque
1358 1433 1404 1497 ad
1423 1432 1576 1497 medium

349 1540 540 1607 Octobrem
552 1541 801 1623 navigationes
814 1542 860 1607 ab
874 1540 974 1607 India
989 1542 1026 1605 in
1044 1539 1297 1622 Portugalliam
1311 1548 1379 1605 eta
1395 1539 1576 1621 Porlugal·

347 1648 395 1713 1ia
419 1648 456 1713 iu
481 1647 615 1713 Indiam
640 1666 719 1714 esse
744 1646 821 1713 Deo
835 1647 1158 1728 commendandas,
1185 1648 1267 1731 quia
1291 1648 1498 1713 incredibile
1521 1657 1576 1712 est

347 1772 454 1837 quam
467 1757 571 1821 varia
586 1764 620 1820 et
634 1757 762 1836 gravia
780 1756 940 1838 pericula
960 1756 997 1820 iu
1018 1756 1075 1821 his
1088 1756 1379 1836 navigationibus
1398 1755 1573 1831 accidant,

348 1864 455 1929 immo
470 1880 577 1945 quam
591 1864 702 1928 multa
716 1864 923 1945 naufragia;
940 1873 976 1930 et
989 1865 1194 1929 facultatem
1214 1880 1235 1927 a
1255 1861 1347 1928 Sede
1366 1862 1576 1945 Apostolica

289 2060 292 2067 Ι
348 1956 542 2037 curandam
556 1971 684 2053 videri,
697 1980 736 2036 ut
756 1972 869 2037 nostri
884 1972 1094 2037 confessarii
1107 1972 1305 2055 plenariam
1320 1971 1574 2053 indulgentiam

347 2079 384 2143 in
404 2079 555 2144 articulo
574 2065 710 2159 mortis,
732 2088 767 2144 et
788 2080 825 2145 in
844 2078 1011 2162 ingressu
1025 2081 1136 2145 maris
1157 2079 1279 2145 Bonae
1292 2077 1388 2161 Spei,
1403 2088 1440 2143 et
1453 2088 1577 2160 portus

347 2185 602 2267 Mozambicbe,
624 2194 659 2251 et
676 2185 759 2251 8.ω
778 2186 937 2253 Helenae
956 2188 1219 2253 communicare
1237 2197 1393 2268 possent;
1417 2203 1501 2252 nam
1519 2188 1577 2249 vel

347 2302 596 2376 tempestatum
621 2295 680 2359 vel
703 2293 902 2361 duellorum
928 2304 964 2361 et
987 2296 1150 2361 aliorum·
1163 2296 1336 2359 malorum
1361 2294 1519 2376 pericula
1539 2293 1576 2356 iu

346 2402 539 2484 praedictis
552 2402 641 2467 locis
654 2404 871 2483 gravissima
886 2413 980 2485 suut,
994 2404 1150 2486 gratiam
1162 2396 1370 2467 absolvendi
1380 2402 1425 2467 ab
1435 2400 1576 2466 haeresi

347 2517 383 2574 et
396 2508 537 2590 legendi
552 2508 662 2574 libros
677 2508 868 2575 infidelium
882 2520 918 2574 et
931 2511 1203 2591 haereticorum,
1216 2510 1322 2575 etiam
1333 2510 1370 2575 iu
1381 2508 1576 2573 vernacula

346 2634 469 2683 eorum
483 2617 621 2698 lingua,
637 2618 878 2683 necessariam
892 2634 971 2683 esse
985 2618 1158 2700 suggerit3
1178 2627 1215 2685 et
1235 2618 1281 2684 ad
1297 2616 1571 2700 dispensandum

345 2727 382 2790 iu
396 2723 515 2807 rigore
526 2723 616 2805 J'uris
630 2725 773 2806 positivi
787 2726 906 2792 multis
920 2726 957 2791 in
971 2727 1088 2806 rebus,
1106 2745 1150 2791 ue
1165 2735 1309 2808 propter
1323 2725 1421 2790 illum
1440 2724 1571 2790 debiles

347 2851 368 2898 a
382 2833 464 2898 fidei
477 2833 712 2914 susceptione,
729 2842 768 2898 ut
784 2850 949 2916 onerosa,
966 2835 1206 2915 retrahantur;
1221 2845 1257 2898 et
1271 2835 1355 2917 quia
1366 2833 1569 2915 Quadrage·

344 2941 434 3006 sima
454 2939 606 3005 inludia
626 2940 662 3005 in
681 2938 805 3004 mediis
830 2942 977 3006 aestatis
996 2940 1198 3007 fervoribus
1218 2942 1353 3021 incidit,
1379 2951 1415 3005 et
1436 2939 1569 3005 cibaria

346 3048 451 3112 valde
469 3045 592 3111 debilis
610 3047 815 3112 nutrimenti
836 3057 930 3130 sunt,
956 3058 991 3114 et
1013 3050 1174 3114 homines
1195 3067 1238 3114 eo
1259 3058 1419 3130 tempore
1438 3047 1513 3113 fere
1533 3048 1570 3112 iu

344 3155 445 3220 bellis
459 3163 649 3220 versantur
664 3156 750 3220 etin
763 3155 867 3237 mari,
878 3154 1012 3238 jeJunia
1027 3157 1330 3239 Quadragesimae
1344 3157 1381 3221 in
1396 3156 1466 3221 alia
1487 3165 1571 3221 tem·

345 3280 436 3345 pora
449 3262 566 3343 magis
580 3270 777 3344 temperata
792 3264 1040 3330 transferenda
1055 3265 1233 3345 censebat,
1250 3266 1309 3329 vel
1326 3274 1422 3329 certe
1436 3265 1570 3346 praela·

346 3379 462 3435 torum
474 3369 621 3435 arbitrio
636 3377 671 3434 et
686 3370 997 3454 contessariorum,
1012 3373 1264 3454 obligationem
1277 3371 1459 3454 jejunandi
1469 3370 1570 3436 relin-

347 3475 523 3561 quendam
538 3476 663 3557 videri;
679 3486 714 3542 et
730 3478 862 3561 aliquid
872 3478 1046 3561 ejusmodi
1057 3480 1096 3545 P.
1108 3479 1339 3546 Franciscum
1349 3479 1572 3561 suggessisse

347 3586 444 3652 dicit.

407 3692 498 3758 3559.
542 3692 581 3757 In
607 3692 772 3759 domibus
796 3690 987 3760 Societatis
1010 3706 1113 3761 extra
1131 3697 1246 3763 Goam
1269 3713 1379 3762 uuum
1401 3704 1464 3762 aut
1483 3696 1571 3762 duos

347 3810 484 3866 lantum
499 3799 703 3866 sacerdotes
720 3803 856 3867 versari
874 3820 955 3869 cum
975 3805 1112 3869 duobus
1132 3813 1193 3869 aut
1211 3805 1324 3870 tribus
1342 3804 1522 3886 fratribus,
1536 3813 1571 3870 et

346 3909 524 3974 interdum
537 3909 645 3974 etiam
659 3909 897 3992 paucioribus,
912 3929 993 3977 cum
1008 3913 1139 3994 alioqui
1149 3913 1401 3995 occupationes
1411 3929 1500 3994 erga
1513 3930 1571 3977 ex·

346 4026 469 4083 ternos
482 4015 554 4082 siut
571 4034 662 4100 pene
680 4019 884 4101 continuae,
906 4021 943 4084 in
961 4037 1071 4087 causa
1090 4039 1169 4086 esse
1189 4020 1276 4086 dicit
1293 4031 1333 4086 ut
1349 4021 1571 4102 disciplinam

347 4125 552 4208 religiosam
566 4143 712 4191 servare
731 4129 969 4210 nonpossint,
989 4138 1025 4194 et
1039 4129 1167 4195 abhoc
1186 4128 1409 4194 incommodo
1428 4129 1499 4194 alia
1520 4145 1571 4192 se·

347 4242 517 4316 quentur,
534 4249 615 4298 cum
634 4249 701 4298 nec
720 4235 901 4314 clausura,
923 4253 989 4300 uec
1003 4236 1176 4302 orationis
1194 4245 1344 4319 tempus,
1360 4253 1427 4301 nec
1440 4236 1512 4300 alia
1526 4235 1571 4300 ad

347 4341 656 4406 conservationem
670 4349 706 4406 et
720 4342 916 4424 profectum
929 4353 1133 4410 nostrorum
1146 4343 1349 4410 necessaria
1362 4344 1499 4426 possint
1520 4361 1571 4409 re·

326 4440 469 4528 'tineri3
489 4457 524 4512 et
539 4448 634 4513 solos
653 4449 818 4515 incedere
836 4460 988 4533 nostros,
1005 4452 1088 4516 dum
1107 4452 1287 4517 adomnia
1302 4451 1445 4534 pietatis
1462 4467 1571 4534 opera

348 4573 490 4620 manum
517 4555 724 4632 admovent,
754 4557 798 4622 ob
826 4557 919 4622 hanc
947 4560 1165 4640 paucitatem
1189 4557 1459 4642 [operariorum]
1484 4574 1572 4640 opus

348 4673 435 4728 erat.
468 4662 549 4727 ideo
574 4663 640 4726 has
664 4663 790 4729 domus
814 4665 860 4729 ad
885 4675 1021 4730 certum
1044 4683 1231 4732 numerum
1252 4666 1475 4732 reducendus
1493 4681 1572 4746 sug·
