3642 5350
749 440 814 502 Aa.
834 436 905 503 uon
1350 425 1353 432 “
1388 440 1444 503 737

212 588 450 656 abundantem
465 605 638 672 aquarum
652 588 792 669 copiam
803 588 976 671 praebuit,
993 597 1029 652 et
1043 596 1164 653 tantae
1178 589 1440 654 commoditatis

212 697 289 777 fuit,
302 704 352 776 ut,
365 714 446 763 cum
456 696 659 779 quingentis
671 696 788 761 aureis
802 695 1031 775 constitisset,
1042 696 1156 776 gratis
1167 694 1277 761 fuisse
1288 695 1442 761 donatus

213 805 346 871 nostris
359 803 550 871 videretur.

273 912 319 978 Et
334 913 423 979 haec
437 912 481 979 de
496 911 656 994 collegio
669 910 729 979 85¹
749 910 909 978 Antonii.

351 1304 415 1373 DE
436 1304 570 1373 DOMO
590 1302 930 1373 PROFESSORUM
949 1304 1314 1375 ULYSSIPONENSI

278 1665 370 1731 3194.
415 1666 606 1747 Postquam
621 1664 659 1732 P.
675 1666 880 1733 Gonzalvus
895 1667 939 1732 de
953 1666 1130 1749 Sylveira,
1144 1668 1205 1750 qui
1220 1666 1448 1751 Praepositus

219 1772 284 1839 fuit
298 1771 401 1855 hujus
415 1774 542 1839 domus
557 1770 586 1855 ¹,
601 1775 637 1838 in
651 1773 788 1839 Indiam
809 1773 875 1838 suit
889 1773 1106 1855 destinatus,
1122 1773 1162 1839 Ρ.
1178 1774 1358 1841 Gonzalus
1371 1774 1450 1841 Vaz

220 1880 335 1947 eidem
352 1880 556 1962 praefectus
579 1890 649 1960 est;
671 1890 705 1945 et
724 1880 763 1947 Ρ.
788 1879 949 1961 ignatius
963 1880 1007 1945 dc
1029 1880 1209 1962 Azevedo,
1235 1883 1296 1963 qui
1321 1881 1451 1948 Rector

220 1989 336 2054 fuerat
350 1986 499 2069 Collegii
512 1986 573 2052 5.ss
591 1987 751 2069 Antonii,
773 1988 926 2054 ministri
940 1988 1117 2057 incudem
1131 1986 1236 2053 domo
1249 1989 1363 2055 officio
1378 1989 1452 2054 fun·

221 2096 382 2176 gebatur:
399 2105 435 2160 et
448 2096 613 2177 quamvis
624 2095 821 2160 absentiam
833 2093 990 2176 ejusdem
1003 2093 1130 2177 PatriS,
1143 2096 1179 2161 in
1191 2095 1327 2176 Indiam
1339 2092 1449 2177 missi,

222 2202 565 2268 incommodaturam
580 2218 659 2267 esse
673 2202 778 2267 vaide
793 2202 826 2266 ei
842 2202 962 2267 domui
975 2203 1183 2284 timebatur,
1205 2205 1301 2285 quod
1319 2221 1452 2285 magno

224 2310 422 2377 animarum
437 2310 513 2375 zeio
527 2308 720 2391 p'raeditus,
737 2318 772 2375 et
787 2309 952 2374 assiduus
966 2310 1002 2374 in
1016 2310 1246 2378 concionibus
1261 2320 1295 2376 et
1316 2311 1451 2377 conses-

223 2417 382 2483 sionibus
397 2416 587 2482 admodum
601 2424 689 2496 erat,
707 2416 861 2497 providit
876 2415 944 2480 Dei
958 2416 1119 2498 bonitas,
1135 2427 1175 2482 ut
1193 2419 1328 2483 nulium
1347 2418 1452 2484 detri-

225 2534 381 2589 mentum
405 2522 544 2606 exejus
564 2521 783 2605 profectione
803 2532 1028 2604 sequeretur,
1049 2532 1085 2587 et
1105 2532 1178 2589 tam
1197 2525 1233 2588 in
1252 2525 1363 2589 verbo
1385 2524 1454 2592 Dei

225 2630 454 2716 proponendo
479 2646 587 2713 quam
610 2630 646 2695 in
671 2639 978 2698 sacramentorum
1001 2630 1197 2697 ministerio
1220 2631 1347 2697 eadem
1372 2650 1454 2698 con·

225 2741 375 2806 tinuatio
404 2749 439 2806 et
466 2737 686 2820 frequentia,
715 2737 824 2802 immo
852 2746 887 2802 et
914 2736 1030 2819 major
1056 2737 1142 2820 fuit;
1171 2739 1254 2821 quia
1282 2740 1319 2804 in
1346 2741 1456 2804 eccle·

226 2848 278 2914 sia
303 2846 363 2913 S.¹¹
388 2846 502 2912 Rochi
521 2845 681 2912 crebrius
702 2855 737 2910 et
756 2834 1007 2922 concionatum
1025 2855 1061 2910 et
1075 2847 1293 2928 praelectum
1306 2856 1360 2912 est
1373 2857 1456 2929 post

227 2953 303 3038 ejus
316 2953 523 3020 discessum.

286 3062 377 3126 3195.
420 3060 466 3126 Et
476 3059 571 3143 quod
582 3059 729 3126 summis
739 3060 834 3125 votis
844 3059 959 3124 nostri
969 3059 1153 3142 optabant,
1166 3061 1302 3127 scilicet
1313 3069 1351 3126 ut
1362 3079 1456 3127 eam·

227 3171 308 3236 dem
321 3167 535 3252 procedendi
550 3168 723 3232 rationem
738 3166 774 3231 in
790 3167 954 3232 omnibus
970 3175 1147 3247 tenerent,
1163 3185 1255 3250 quae
1269 3167 1405 3234 Romae
1419 3171 1456 3234 in

227 3277 405 3344 Societate
419 3285 541 3342 nostra
556 3274 754 3356 tenebatur,
770 3275 805 3340 id
825 3291 890 3356 per
911 3274 1104 3340 adventum
1118 3275 1157 3341 P.
1172 3275 1346 3342 Ludovici
1361 3277 1456 3343 Gon·
1556 3318 1565 3334 .

221 3386 323 3453 .zalez
343 3393 424 3450 sunt
443 3383 640 3459 consecuti;
663 3391 699 3447 et
718 3383 779 3464 qui
800 3399 882 3447 cum
906 3382 984 3464 ipso
1010 3379 1162 3449 Romam
1185 3392 1370 3465 venerant,
1393 3402 1458 3450 suo

227 3495 389 3576 exemplo
404 3492 451 3557 ad
469 3491 538 3556 hoc
556 3491 673 3572 ipsum
696 3506 777 3554 cum
797 3489 1042 3555 aedificatione
1065 3491 1216 3557 aliorum
1237 3509 1310 3557 non
1332 3509 1459 3574 parum

227 3600 456 3666 conserebant
470 3598 493 3666 ¹.
510 3597 747 3679 Concupierat
766 3613 984 3679 magnopere
999 3596 1037 3662 P.
1057 3597 1217 3679 ignatius
1230 3598 1275 3664 de
1289 3598 1458 3664 Azevedo

221 3699 382 3773 indicam
397 3708 494 3772 illam
505 3706 721 3786 missionem,
735 3714 773 3771 ut
783 3705 924 3769 iabores
935 3705 1123 3786 graviores
1134 3716 1169 3770 et
1180 3715 1332 3771 mortem
1342 3707 1458 3788 ipsam

228 3815 347 3880 subire
360 3823 506 3897 propter
520 3812 587 3877 Dei
611 3828 770 3877 amorem
789 3811 837 3876 ibi
852 3822 991 3893 posset;
1013 3812 1076 3876 sed
1095 3809 1170 3901 ejus
1184 3811 1361 3878 desideria
1373 3819 1459 3878 tunc

228 3922 370 4005 quidem
385 3920 547 3987 effectum
562 3928 754 3986 consecuta
768 3936 841 3983 non
855 3928 949 4000 sunt,
963 3935 1044 3984 cum
1058 3918 1183 3984 Patres
1194 3918 1400 3985 Gonzalvus
1413 3917 1459 3985 de

229 4029 381 4114 Sylvera
396 4039 431 4096 et
444 4029 657 4095 Franciscus
671 4026 875 4106 Rodriguez
888 4027 1007 4108 potius
1025 4026 1190 4093 mittendi
1209 4028 1279 4093 visi
1292 4028 1423 4092 fuerint
1436 4032 1461 4109 *ς

230 4139 293 4203 sed
311 4138 379 4204 hoc
399 4137 508 4203 animi
529 4137 584 4201 sui
606 4134 818 4200 desiderium
837 4133 875 4198 P.
901 4133 1041 4215 ignatio
1063 4135 1190 4200 litteris
1211 4134 1461 4218 exponendum

230 4246 343 4327 duxit,
359 4245 454 4328 quod
473 4253 596 4327 postea
611 4243 648 4307 in
662 4241 813 4308 Brasilia
833 4237 847 4273 ⁴
864 4249 900 4306 et
921 4241 957 4304 in
975 4241 1054 4323 ipso
1072 4243 1176 4323 mari,
1192 4242 1252 4307 ubi
1266 4242 1463 4308 catholicae

275 4489 283 4525 ¹
313 4489 380 4534 Vide
390 4499 476 4542 supra,
487 4493 506 4532 t.
516 4500 543 4542 v,
552 4496 613 4543 pau.
623 4485 671 4540 5⁶7,
681 4495 706 4530 n.
717 4483 777 4530 1560.

271 4562 283 4594 ¹
311 4560 435 4606 Litterae
444 4559 675 4612 Quadrimestres,
683 4561 703 4600 t.
714 4566 750 4610 rr,
759 4553 870 4610 pambo?

271 4633 283 4666 ⁸
312 4631 520 4687 immunito.

272 4705 284 4740 ⁴
312 4703 506 4750 binflraxtliu.

376 4795 415 4854 T.
431 4813 470 4852 vt.
