3642 5350
352 411 409 476 680
808 409 937 474 Canon.
956 411 1034 472 Soc.
1054 409 1131 484 Jus·

349 560 416 625 bus
430 559 583 624 adducti.
608 559 676 624 Die
695 557 938 624 Innocentium
960 564 1107 638 quartus
1127 555 1285 636 rediens,
1305 572 1369 620 sex
1388 571 1432 618 ex
1456 550 1570 633 hujus·

350 667 445 732 modi
460 667 664 731 mulieribus
677 666 810 747 eduxit3
826 675 860 730 et
874 666 973 730 viros
988 665 1070 732 inde
1085 665 1192 730 etiam
1203 663 1364 739 abduxit3
1382 670 1417 726 et
1431 678 1513 725 cum
1526 662 1573 726 le·

349 769 476 850 nones,
494 774 553 856 qui
567 772 768 853 hujusmodi
787 775 974 838 mulierum
992 791 1116 838 curam
1135 771 1317 853 gerebant,
1334 769 1370 834 id
1384 785 1492 850 aegre
1505 768 1574 833 fer·

349 892 438 961 rent,
455 881 610 962 praetori
626 882 746 945 curiae
760 899 819 945 res
833 879 1034 962 significata
1049 891 1113 946 est.

408 987 500 1054 2929.
542 988 624 1052 Fuit
638 997 757 1053 autem
778 988 990 1068 permissum
1005 987 1043 1051 P.
1060 988 1203 1067 Basilio,
1217 996 1255 1051 ut
1269 987 1332 1067 eis,
1356 985 1386 1049 si
1399 984 1517 1062 vellet,
1538 984 1575 1046 in

348 1097 478 1177 templo
493 1096 778 1176 concionaretur,
794 1105 829 1159 et
840 1093 946 1175 jussit
959 1111 1002 1159 eo
1018 1094 1221 1175 praedictas
1239 1093 1412 1158 foeminas
1435 1089 1576 1169 adduci,

349 1213 386 1268 ut
410 1203 487 1267 sine
510 1203 775 1284 praedictorum
799 1203 983 1266 hominum
1008 1204 1133 1267 timore
1154 1203 1264 1266 libere
1282 1208 1430 1282 possent
1456 1197 1578 1300 egredi

348 1327 592 1392 quaecumque
607 1311 653 1375 ad
668 1309 739 1374 ida
754 1299 908 1374 D'omino
924 1319 1163 1374 moverentur.

407 1415 500 1481 2930.
544 1416 674 1496 Quinta
687 1433 774 1498 ergo
786 1418 938 1496 die,tum
951 1417 1144 1499 praedictis
1155 1425 1230 1482 tum
1238 1416 1340 1497 vulgi
1350 1412 1576 1491 multitudini,

347 1542 454 1607 quam
479 1525 648 1605 templum
671 1525 816 1588 minime
841 1525 1025 1605 capiebat,
1051 1541 1132 1588 eum
1159 1523 1334 1605 coepisset
1358 1520 1576 1599 concionari,

346 1640 446 1696 tanta
461 1632 498 1696 in
512 1631 732 1697 auditoribus
746 1633 947 1712 animorum
961 1632 1151 1696 commotio
1163 1640 1286 1700 secuta
1297 1639 1363 1710 est,
1376 1637 1414 1694 ut
1425 1629 1462 1693 in
1473 1627 1575 1692 lacri-

348 1757 424 1804 mas
436 1747 471 1802 et
479 1740 654 1804 clamores
663 1747 943 1821 prorumpentes,
957 1739 1058 1803 flexis
1069 1739 1221 1820 genibus
1230 1747 1403 1820 quotquot
1416 1736 1574 1814 aderant,

235 1919 243 1934 ‚
348 1847 631 1912 misericordiam
646 1863 667 1909 a
683 1845 760 1910 Deo
776 1847 1009 1928 implorarent
1026 1846 1035 1880 ¹
1051 1857 1085 1911 et
1103 1847 1258 1927 gratiam
1273 1847 1342 1911 illis
1360 1845 1575 1910 mulierculis

348 1973 369 2016 a
384 1963 480 2018 statu
495 1955 633 2035 peccati
648 1955 863 2034 egrediendi.
881 1955 1043 2037 Quinque
1054 1963 1139 2019 tune
1150 1972 1195 2018 ex
1207 1954 1257 2018 eis
1269 1969 1466 2018 conversae
1481 1961 1573 2030 sunt,

348 2072 383 2126 et
398 2060 574 2143 quaedam
590 2063 682 2126 inter
697 2061 799 2127 fletus
814 2063 1029 2128 exanimata.

407 2167 503 2232 2931.
541 2168 674 2233 Fuerat
689 2169 746 2250 pio
761 2169 843 2233 dolo
857 2168 1058 2250 cujusdam,
1080 2187 1123 2234 eo
1142 2166 1155 2201 ¹
1173 2169 1326 2234 deducta
1340 2168 1456 2248 puella
1471 2183 1576 2248 quae·

347 2275 429 2340 dam
444 2276 605 2356 honesta,
621 2277 684 2342 sed
695 2275 795 2358 cujus
809 2287 923 2342 totum
934 2278 1089 2350 studium
1100 2286 1178 2342 erat
1189 2278 1224 2342 in
1237 2283 1386 2358 corpore
1401 2273 1572 2352 ornando,

346 2393 381 2448 et
396 2385 445 2447 ita
459 2384 553 2449 elata
567 2385 720 2466 cervice,
736 2402 832 2450 vana
847 2386 1049 2464 incedebat;
1070 2386 1133 2450 sed
1148 2385 1238 2450 haee
1254 2399 1401 2448 reversa
1419 2383 1573 2460 domum,

346 2491 465 2555 statim
480 2492 647 2573 pulchras
661 2502 780 2558 vestes
795 2511 929 2556 exuens
944 2502 978 2556 et
997 2493 1088 2557 alias
1101 2492 1207 2558 valde
1225 2493 1395 2556 honestas
1413 2488 1573 2566 induenS,

346 2598 535 2681 quamdam
551 2617 710 2693 sororem
724 2600 915 2664 monialem
931 2600 1053 2680 adivit,
1069 2608 1108 2664 ut
1123 2599 1216 2682 apud
1231 2600 1328 2663 illam
1342 2604 1511 2663 maneret.

405 2705 496 2771 2932.
539 2706 691 2789 Quidam
706 2709 813 2773 etiam
828 2709 884 2773 vir
898 2718 991 2788 erat,
1007 2709 1069 2790 qui
1085 2708 1218 2789 aliquot
1239 2724 1352 2772 annos
1371 2707 1407 2772 in
1426 2713 1574 2786 peccato

347 2816 564 2895 perstiterat,
581 2816 640 2897 qui
656 2816 763 2879 etiam
777 2816 946 2881 illudebat
962 2815 999 2880 P.
1016 2816 1165 2897 Basilio,
1184 2834 1264 2880 cum
1287 2814 1333 2879 ad
1354 2811 1574 2896 praedictam

347 2921 555 2986 concionem
578 2923 615 2987 in
639 2925 808 3005 templum
832 2923 1061 3005 ingressurus
1084 2934 1193 3003 esset,
1220 2924 1282 2987 sed
1307 2924 1365 2986 ille
1389 2923 1497 2985 etiam
1521 2920 1574 2983 sic

347 3040 578 3110 compunctus
592 3030 668 3109 fuit,
683 3040 721 3094 ut
735 3040 867 3095 statum
882 3033 989 3096 etiam
1004 3032 1142 3113 peccati
1157 3031 1349 3114 reliquerit.

405 3135 496 3200 2933.
540 3135 623 3201 Inde
638 3136 684 3200 ad
699 3136 842 3202 domum
857 3137 1058 3217 hujusmodi
1076 3140 1262 3203 mulierum
1282 3154 1436 3219 pergens
1454 3136 1492 3203 P.
1509 3136 1572 3201 Ba·

346 3243 456 3319 silius,
477 3244 756 3325 quadringentos
774 3243 849 3309 fere
870 3245 1031 3311 homines
1046 3248 1127 3310 inde
1142 3247 1178 3309 in
1194 3245 1446 3312 cathedralem
1464 3246 1572 3310 eccle·

346 3350 436 3414 siam
450 3352 608 3429 abduxit,
626 3351 859 3416 christianam
874 3352 1074 3417 doctrinam
1089 3354 1331 3418 decantantes

404 3458 496 3522 2934.
540 3457 621 3523 Fuit
636 3470 754 3522 autem
769 3460 1051 3524 commendanda
1064 3462 1179 3542 pietas
1191 3460 1374 3541 cujusdam
1385 3460 1483 3525 servi
1494 3460 1570 3539 Dei,

347 3566 406 3646 qui
423 3566 468 3629 ad
484 3567 665 3645 muliereS,
682 3583 774 3647 quae
788 3579 1032 3631 remanserant
1047 3568 1083 3632 in
1097 3571 1176 3632 loco
1191 3568 1249 3632 illo
1264 3568 1418 3649 publicu,
1435 3585 1474 3632 se
1488 3585 1573 3632 con-

345 3672 479 3750 lerenS,
501 3674 652 3753 singulis
676 3674 779 3737 binos
802 3684 995 3754 argenteos
1015 3676 1162 3739 donavit
1181 3694 1225 3740 ne
1242 3676 1369 3739 saltem
1388 3676 1448 3739 illa
1469 3684 1572 3739 nocte

346 3780 455 3842 ullum
479 3779 596 3844 virum
616 3780 662 3844 ad
686 3798 725 3844 se
750 3780 993 3862 admitterent,
1019 3782 1113 3864 quod
1138 3782 1216 3847 illas
1241 3783 1451 3847 observasse
1475 3784 1570 3849 intel·

344 3887 474 3955 lactum
489 3897 553 3951 est.

403 3992 494 4058 2935.
538 3993 697 4060 Fuerunt
726 4005 844 4061 autem
873 3997 927 4061 his
961 3998 1083 4063 diebus
1111 4000 1358 4081 eleemosynae
1390 4002 1572 4083 collectae,

344 4101 472 4182 quibus
493 4119 555 4165 aes
574 4103 744 4182 alienum,
768 4104 862 4185 quod
885 4105 1051 4170 mulieres
1069 4106 1150 4170 illae
1172 4123 1367 4172 conversae
1387 4107 1433 4172 ad
1455 4108 1573 4174 Domi-

345 4226 445 4288 num,
467 4220 739 4290 contraxerant,
761 4212 916 4276 solutum
931 4222 999 4293 est;
1021 4221 1056 4278 et
1077 4222 1116 4278 ut
1131 4214 1264 4278 eisdem
1284 4214 1328 4278 de
1349 4215 1499 4281 honesta
1518 4234 1573 4281 ra·

344 4316 439 4380 tione
453 4317 549 4380 vitae
563 4318 838 4397 prospiceretur.

349 4496 559 4503 -ῌ

384 4592 391 4623 ¹
420 4590 466 4637 lte.
476 4585 733 4647 implorabanti-De
744 4596 785 4641 bin
797 4597 855 4642 vide
865 4596 987 4643 Litterae
998 4598 1229 4654 Quadrtmestres,
1239 4610 1256 4646 t.
1269 4612 1305 4656 ιιι,
1314 4614 1373 4658 paq.
1383 4604 1431 4648 7⁴5.

382 4666 393 4695 ²
421 4663 534 4719 Scilicet,
545 4665 578 4710 ad
590 4668 712 4720 templum
722 4667 840 4712 deducta.
