3642 5350
341 418 394 488 li8
795 426 923 487 Canon.
944 425 1021 486 Soc.
1041 426 1112 499 Jrs.

338 574 501 637 cietatem
516 574 665 652 ingredi,
681 590 753 636 non
768 582 861 636 esset
880 573 979 636 illum
993 569 1217 652 impeditura,
1233 570 1340 633 immo
1360 569 1391 632 si
1411 569 1488 649 ipsa
1510 567 1567 631 vir

338 682 472 757 suisset,
491 679 704 745 Societatem
719 698 757 744 se
778 681 1032 759 ingressuram.
1049 677 1200 742 Demum
1215 680 1418 742 contentam
1433 692 1472 739 se
1486 693 1565 740 esse

338 798 373 852 ut
388 788 483 852 domi
498 797 641 852 nostrae
655 797 813 851 maneret
831 786 973 867 juvenis
991 785 1215 865 significavit3
1232 793 1265 848 et
1280 785 1369 848 dixit
1383 785 1474 847 velle
1489 801 1527 847 se
1542 802 1563 847 a

335 894 373 959 Ρ.
390 896 527 975 ignatio
540 897 694 975 gratiam
705 896 797 958 hanc
809 895 988 975 postulare
999 903 1037 958 ut
1048 893 1343 974 christophorum
1358 892 1393 955 in
1405 891 1562 971 Collegio

335 1002 540 1067 Florentino
554 1003 767 1083 relinqueret
786 1001 806 1061 ¹.

392 1109 463 1175 550.
508 1110 631 1191 Coepit
645 1110 751 1173 etiam
767 1109 804 1172 P.
827 1108 965 1172 Didaco
980 1090 1131 1171 Ducissa
1156 1106 1219 1189 [se]
1243 1108 1358 1187 magis
1377 1107 1559 1171 familiari-

334 1227 387 1281 ter
401 1236 507 1299 quam
522 1219 621 1299 prius
635 1216 769 1282 iecerat
784 1217 950 1281 exhibere
969 1218 991 1274 ¹.
1012 1216 1270 1279 Recedentibus
1290 1224 1409 1279 autem
1428 1215 1560 1278 nostris

333 1323 486 1404 injunxit
509 1336 547 1389 ut
569 1327 629 1389 illa
642 1334 780 1389 tantum
799 1334 904 1387 nocte
924 1316 1218 1402 Christophbrum
1240 1322 1286 1385 ad
1300 1331 1486 1403 paternam
1502 1323 1561 1385 do·

333 1451 428 1497 mum
443 1433 670 1513 remitterent,
687 1442 726 1496 ut
736 1431 903 1496 afflictam
918 1440 1068 1494 matrem
1079 1432 1335 1510 consolaretur,
1352 1448 1443 1512 quae
1455 1430 1561 1493 nimis

331 1551 408 1604 erat
423 1540 565 1605 afflicta.
581 1540 650 1605 Sed
666 1540 942 1620 christophorus
957 1556 1002 1601 ne
1017 1538 1052 1601 in
1068 1556 1110 1601 eo
1126 1538 1269 1618 quidem
1289 1538 1468 1619 acquievit
1488 1536 1560 1601 Du·

331 1649 456 1725 cissae,
473 1658 637 1728 repetens
650 1649 744 1729 quod
759 1648 856 1728 prius
871 1647 1021 1725 dixerat,
1035 1646 1102 1708 nisi
1117 1646 1154 1708 vi
1165 1647 1410 1726 expelleretur,
1427 1644 1558 1709 scinde

330 1774 402 1819 non
416 1772 649 1819 recessurum.
666 1754 711 1818 Et
725 1754 813 1817 haec
830 1754 938 1817 animi
953 1752 1007 1816 sui
1023 1753 1222 1815 constantia
1241 1770 1312 1816 non
1332 1754 1446 1815 solum
1462 1751 1559 1815 Prin·

330 1864 419 1943 cipis
433 1864 496 1926 sed
511 1863 618 1926 etiam
633 1872 818 1943 parentum
840 1860 978 1923 animos
995 1860 1091 1938 vicit,
1113 1876 1148 1923 et
1168 1860 1278 1940 ipsius
1298 1869 1399 1940 pater
1417 1870 1457 1923 ut
1478 1876 1558 1923 eum

329 1970 549 2034 vestimentis
569 1962 738 2034 Societati
759 1968 927 2047 congruis
946 1967 1117 2047 indueret,
1140 1968 1176 2030 in
1196 1966 1393 2046 Collegium
1410 1967 1504 2031 venit
1524 1977 1558 2030 et
1591 2016 1594 2019 .

329 2079 469 2157 lectum,
487 2078 522 2140 in
542 2095 610 2159 quo
636 2076 816 2155 dormiret,
837 2076 942 2138 misit.
962 2073 1031 2138 Sed
1053 2076 1129 2155 ipse
1144 2091 1361 2155 magnopere
1375 2074 1555 2139 Florentia

330 2184 495 2248 recedere
521 2200 564 2247 ac
589 2184 739 2247 Romam
765 2184 810 2247 ad
833 2183 1080 2263 probationem
1104 2181 1226 2245 venire
1252 2182 1432 2262 cupiebat,
1459 2182 1553 2263 quod

330 2302 411 2373 post
427 2292 568 2372 aliquod
583 2308 722 2355 menses
737 2290 885 2353 obtinuit
900 2288 923 2351 ⁸.

387 2398 458 2463 551.
502 2399 582 2462 Duo
596 2399 704 2462 etiam
719 2398 777 2461 alii
797 2398 1061 2476 adolescentuli,
1083 2397 1127 2461 de
1152 2398 1279 2479 quibus
1305 2398 1468 2477 superius
1483 2399 1558 2476 egi·

330 2524 408 2571 mus
433 2504 457 2583 ⁴,
483 2507 634 2571 Cosmus
658 2515 692 2569 et
711 2506 866 2589 Joannes
892 2504 1064 2585 Baptista,
1092 2522 1174 2568 cum
1198 2507 1277 2585 plus
1299 2522 1405 2585 quam
1427 2506 1557 2568 vellent

328 2630 450 2678 eorum
466 2614 633 2678 admissio
647 2612 856 2694 differretur,
873 2614 1051 2678 Florentia
1068 2612 1285 2692 recedentes
1301 2611 1414 2677 Senas
1425 2630 1463 2677 se
1474 2629 1556 2676 con·

329 2725 495 2801 tulerunt;
511 2722 592 2786 inde
606 2721 757 2785 Romam
772 2721 912 2785 evocati
925 2730 1018 2785 sunt.

385 2830 457 2892 552.
501 2828 571 2893 Sub
586 2829 678 2892 idem
690 2837 828 2910 tempus
846 2846 927 2893 curn
942 2828 1115 2894 Dominus
1129 2831 1286 2913 Joannes
1300 2829 1344 2893 de
1366 2828 1549 2907 Mendoza,

327 2936 548 3000 familiariter
563 2935 736 2999 Ducissae
751 2938 925 3016 cognituS,
943 2939 1075 3002 relictis
1087 2939 1261 3017 omnibus,
1276 2935 1425 3000 Romam
1437 2936 1555 3000 venis·

327 3053 381 3108 set
395 3041 417 3122 ⁵,
434 3060 519 3124 prae
535 3043 642 3106 animi
654 3044 888 3108 teneritudine
900 3044 1052 3109 Ducissa
1064 3047 1262 3126 lacrymata
1274 3053 1338 3124 est,
1356 3053 1391 3108 et
1404 3045 1552 3107 multum

369 3250 378 3281 ⁴
407 3249 499 3294 “Circa
512 3249 531 3293 ll
545 3254 617 3293 stare
631 3249 656 3293 in
671 3248 796 3294 Florenaa
812 3250 836 3294 di
853 3249 1050 3306 christophoro,
1065 3262 1112 3306 per
1123 3253 1215 3296 adesso
1225 3251 1246 3294 al
1257 3251 1335 3305 porra
1345 3251 1402 3294 iere
1413 3248 1491 3293 edire
1501 3249 1555 3293 alla

327 3319 438 3374 Signora
451 3319 584 3364 Duchessa
595 3321 642 3364 che
653 3320 748 3364 Nostro
759 3321 843 3365 Padre
853 3323 875 3365 si
889 3329 1011 3367 contenta
1021 3324 1046 3366 dl
1057 3330 1153 3377 quanto
1164 3323 1315 3366 commanda
1326 3321 1378 3365 Sua
1393 3320 1553 3364 Eccellenza.

327 3391 419 3446 Dopol,
429 3393 557 3446 passando
567 3403 601 3435 un
611 3404 674 3447 poco
685 3393 709 3436 di
721 3401 815 3447 tempo.
826 3395 844 3437 il
855 3395 994 3438 medesimo
1005 3397 1082 3448 porra
1098 3395 1153 3438 iare
1167 3396 1293 3438 instantia
1307 3395 1332 3437 dl
1348 3394 1422 3437 venir
1436 3404 1495 3446 qna,
1506 3393 1553 3435 che

325 3464 425 3508 havuta
436 3464 568 3508 lulicenza
576 3463 644 3508 della
654 3475 715 3508 cosa
723 3466 766 3518 plu
777 3465 888 3514 difficile,
900 3467 923 3509 si
931 3467 1031 3509 havera
1041 3468 1121 3510 etiam
1131 3467 1200 3510 delia
1209 3467 1253 3521 piu
1261 3467 1338 3510 facile
1349 3477 1362 3508 e
1373 3476 1424 3508 non
1433 3464 1554 3508 manche·

324 3546 405 3579 ranno
415 3535 491 3579 buoni
502 3535 570 3580 modi
580 3537 621 3579 col
629 3542 721 3590 tempo:
730 3548 743 3578 e
752 3539 773 3580 si
784 3539 860 3591 porra
868 3547 999 3582 essortare
1009 3539 1026 3580 il
1035 3539 1116 3592 padre
1126 3549 1181 3592 suo,
1191 3539 1292 3593 quando
1300 3538 1322 3580 si
1331 3537 1437 3580 vedesse
1447 3537 1494 3579 che
1502 3546 1552 3579 non

322 3607 341 3652 li
351 3607 430 3662 glova
440 3609 465 3652 la
476 3615 568 3663 troppo
578 3609 777 3653 conversatione
787 3620 841 3658 sua.
852 3621 867 3653 a
878 3610 1044 3662 moderami„
1053 3611 1190 3662 Polancus,
1202 3621 1235 3653 ex
1247 3621 1322 3663 com„
1332 3609 1407 3652 Patri
1418 3606 1551 3652 Ludovico

323 3679 355 3724 de
367 3679 517 3733 Coudretto,
528 3680 578 3724 21.·
587 3679 682 3725 Martii.

365 3753 376 3784 ¹
403 3751 480 3796 “Cum
502 3752 605 3807 saepius
620 3753 653 3796 ad
668 3753 794 3807 palatium
810 3753 899 3798 ivisset
920 3754 959 3805 (P.
979 3753 1114 3806 Didacuo),
1130 3765 1267 3809 numquam
1284 3764 1341 3796 eum
1357 3752 1453 3806 alloqui
1468 3751 1551 3795 voluit
1617 3785 1619 3789 .

324 3823 456 3882 (Ducissa)
466 3829 521 3869 toto
532 3824 580 3868 hoc
591 3835 680 3878 anno„
694 3825 760 3868 Vide
771 3837 858 3879 supra,
870 3833 889 3868 t.
899 3839 926 3873 r.
942 3837 1001 3880 pag,
1017 3826 1063 3876 toa,
1074 3839 1098 3870 n.
1108 3827 1156 3879 277,
1167 3832 1193 3869 et
1208 3826 1283 3879 inira,
1297 3826 1322 3868 in
1333 3825 1380 3868 hoc
1391 3829 1410 3867 t.
1421 3834 1456 3875 vt,
1466 3835 1491 3866 ιι.
1501 3823 1550 3866 576.

360 3895 372 3927 ³
398 3897 483 3949 Alter,
495 3895 574 3941 etlam
584 3897 715 3951 hispanus,
732 3907 789 3940 cum
802 3897 990 3952 christophoro
1005 3898 1114 3952 Trujillo
1129 3897 1279 3940 Florentiae
1295 3896 1320 3941 in
1336 3895 1494 3940 Societatem
1508 3894 1551 3937 ad·

321 3967 413 4012 missus
421 3973 468 4022 est,
478 3968 550 4024 cujus
560 3967 676 4012 meminit
682 3967 808 4012 Polancus
817 3980 904 4022 supra,
915 3980 976 4023 pag.
988 3969 1034 4023 tta,
1044 3981 1070 4012 n.
1079 3969 1127 4022 524,
1137 3969 1192 4023 jam
1202 3968 1299 4011 Romae
1310 3972 1376 4010 erat.
1386 3967 1457 4010 “Don
1468 3965 1550 4018 Diego

320 4039 351 4082 de
361 4037 477 4082 Guzman
491 4049 536 4083 nos
551 4041 628 4083 imbio
643 4039 675 4082 de
690 4037 826 4083 Florcncia
842 4051 876 4083 un
891 4041 1023 4083 caballero
1038 4041 1069 4083 de
1084 4052 1145 4096 muy
1160 4042 1257 4083 boenas
1272 4044 1369 4094 partes,
1381 4050 1430 4093 que
1448 4049 1476 4080 se
1492 4037 1549 4080 dice

320 4109 403 4165 Diego
413 4111 443 4154 cle
455 4109 606 4166 Caravajal,
618 4122 666 4164 que
684 4111 717 4153 da
734 4111 826 4154 mucha
844 4111 995 4155 edificacion
1010 4123 1041 4155 su
1057 4112 1181 4165 bondad.„
1197 4112 1325 4155 Polancus
1339 4110 1416 4154 Patri
1430 4109 1550 4164 Gasparo

319 4181 423 4236 Lente,
440 4193 474 4226 ex
493 4183 610 4234 com.,1⁹
625 4182 847 4226 Martii-“Circa
860 4183 944 4237 Dlego
959 4184 984 4226 di
1001 4183 1144 4240 Caravalal
1158 4196 1171 4226 c
1185 4183 1373 4238 christophoro
1389 4183 1420 4226 cle
1437 4181 1550 4225 Trosillo

319 4265 369 4298 non
380 4254 474 4298 accade
487 4255 543 4298 dire
558 4256 626 4298 altro
642 4265 720 4297 senon
736 4255 782 4298 che
798 4266 869 4298 come
880 4256 904 4298 ci
920 4257 1079 4310 rallegramo
1089 4257 1115 4298 dl
1133 4256 1228 4298 vedere
1244 4257 1271 4300 la
1287 4256 1372 4299 buono
1387 4254 1499 4298 riureite
1509 4253 1551 4295 del

318 4325 409 4380 primo.
421 4326 473 4371 cosi
489 4325 568 4370 etium
586 4326 611 4370 di
629 4326 761 4370 intendere
779 4327 866 4381 quella
876 4327 916 4370 del
933 4328 1051 4371 secondo.
1068 4328 1117 4372 Dio
1131 4327 1229 4371 Nostro
1243 4327 1354 4382 signore
1368 4328 1387 4371 li
1402 4326 1446 4371 die
1464 4327 1550 4369 buona

317 4409 507 4452 perseverante
524 4405 549 4441 et
565 4405 703 4451 augmento
713 4397 738 4442 dl
754 4398 848 4453 spiritu
858 4405 884 4443 et
901 4399 995 4454 virtu„
1010 4399 1087 4454 Idem,
1104 4411 1137 4443 ex
1152 4411 1227 4452 com„
1242 4400 1271 4443 P.
1286 4398 1420 4444 Ludovico
1436 4399 1466 4442 de
1485 4397 1553 4443 Coo.

318 4469 413 4523 dretto,
423 4468 473 4513 at·
482 4467 579 4513 Martii.

357 4540 369 4573 ⁴
397 4539 462 4584 Vide
472 4550 563 4595 supra,
572 4551 634 4595 pag.
646 4540 693 4594 tut,
704 4551 727 4585 n.
736 4541 785 4585 t92.
884 4540 885 4544 ’

357 4613 369 4641 ⁵
395 4611 459 4668 Ejus
469 4613 613 4666 ingressum
623 4612 648 4656 in
659 4611 816 4658 Societatem
826 4614 885 4658 vlde
896 4627 982 4670 supra,
993 4627 1054 4671 pag.
1064 4618 1087 4668 5,
1095 4627 1119 4660 n.
1129 4616 1177 4660 det
1185 4627 1266 4671 eeqq.;
1276 4616 1346 4671 piam
1353 4626 1418 4660 vero
1426 4623 1544 4670 mortem,

318 4684 345 4730 ln
353 4694 414 4739 pag.
424 4683 458 4737 47,
469 4695 493 4727 ιι.
505 4683 550 4727 167.
563 4683 643 4727 Plura
653 4684 732 4728 etlam
743 4685 820 4742 inira,
831 4687 890 4730 dum
900 4687 931 4730 cle
942 4686 1059 4741 collegio
1069 4688 1243 4743 Neapolitano
1256 4694 1359 4743 agetur.
