3642 5350
308 429 366 491 538
770 432 898 495 Cneou.
918 430 997 493 Soc.
1017 430 1088 505 Jns.

309 576 449 640 decimo
469 577 683 658 quoque'die
703 586 928 642 sacramenta
946 578 1238 659 frequentabant,
1258 577 1320 659 qui
1339 578 1418 658 plus
1437 595 1546 658 quam

311 692 453 748 centum
468 695 582 764 erant;
595 685 656 766 qui
666 694 740 749 tam
753 693 958 749 constantes
974 694 1100 749 contra
1115 685 1375 749 obtrectatores
1390 701 1429 748 se
1443 701 1541 765 prae·

311 792 459 872 bebant,
476 801 515 857 ut
529 792 585 856 sui
598 791 780 872 profectus
794 793 853 855 vel
867 809 909 855 ea
925 792 962 856 in
976 809 1016 856 re
1029 809 1202 872 magnum
1220 790 1461 903 testimoqium
1484 790 1544 854 ad·

311 899 459 978 ferrent,
476 900 581 963 nullis
596 899 690 962 enim
709 900 766 963 vel
784 899 984 964 maledictis
1005 901 1063 963 vel
1081 899 1254 964 conviciis
1272 898 1545 978 frangebantur,

312 1008 419 1071 immo
431 1023 496 1070 nec
508 1005 676 1087 periculis
686 1006 924 1086 terrebantur,
938 1015 976 1070 ut
988 1023 1009 1069 a
1023 1005 1223 1086 frequentia
1238 1014 1546 1070 sacramentorum

312 1114 531 1179 recederent.

372 1220 464 1285 2327.
507 1221 598 1285 Cum
621 1239 664 1286 eo
688 1231 848 1302 ternpore
873 1221 1019 1301 quidam
1046 1221 1318 1286 concionatores
1346 1219 1486 1300 publice
1511 1231 1547 1282 et

312 1328 482 1410 privatim
496 1339 621 1393 contra
637 1330 730 1392 hanc
744 1328 981 1410 frequentiam
999 1327 1257 1392 communionis
1277 1327 1548 1405 inveherentur,

313 1446 348 1500 et
363 1433 437 1515 ejus
452 1435 505 1501 rei
518 1436 636 1516 gratia
651 1435 816 1515 libellum,
833 1453 938 1517 quem
957 1435 1121 1516 superius
1140 1435 1309 1514 diximus,
1327 1433 1401 1497 aP.
1418 1433 1546 1504 Madrif

313 1541 371 1608 dio
388 1542 395 1574 ¹
421 1544 672 1608 concinnatum
687 1544 731 1608 de
750 1542 926 1624 frequenti
941 1542 1190 1606 communione
1205 1540 1243 1604 P.
1260 1541 1466 1622 Alphonsus
1478 1538 1545 1603 Ro·

313 1667 397 1715 man
411 1651 554 1732 saepius
569 1652 780 1732 postulavit,
797 1660 832 1714 et
847 1668 889 1715 eo
906 1651 1005 1715 adse
1025 1651 1135 1714 misso
1155 1665 1375 1729 magnopere
1393 1649 1552 1712 laetatus

313 1768 385 1840 est,
402 1770 437 1822 et
445 1759 638 1840 'perutilem
656 1759 734 1822 fore
749 1761 794 1824 ad
814 1757 1015 1838 hujusmodi
1036 1756 1219 1821 hominum
1238 1756 1479 1837 importunam
1497 1755 1546 1818 in-

314 1867 548 1932 sectationem
576 1885 618 1930 ac
647 1875 827 1930 certamen
855 1875 983 1930 contra
1017 1865 1285 1945 frequentantes
1320 1870 1551 1927 sacramenta

316 1975 515 2038 institutum
531 1974 792 2038 existimabant.

374 2079 466 2144 2328.
510 2079 716 2161 Spiritualia
734 2079 923 2160 exercitia,
945 2081 1051 2160 paulo
1071 2089 1275 2160 postquam
1293 2077 1407 2142 nostri
1426 2077 1551 2140 rediis-

316 2197 406 2266 sent,
423 2188 533 2269 aliqui
547 2186 643 2251 domi
658 2200 801 2251 nostrae
816 2197 1065 2267 susceperunt,
1082 2187 1174 2251 inter
1189 2203 1277 2267 quos
1291 2185 1461 2248 sacerdos
1475 2185 1550 2264 qui-

318 2295 400 2359 dam
414 2295 604 2375 theologus
618 2295 699 2374 fuit,
716 2304 751 2358 et
766 2295 826 2358 alii
839 2295 909 2359 hoc
923 2295 1040 2374 ipsum
1059 2293 1288 2375 expetebant;
1313 2292 1421 2372 aliqui
1441 2291 1552 2354 etiam

255 2383 258 2389 ¹
317 2401 353 2465 in
368 2399 582 2466 Societatem
597 2402 736 2468 admitti
750 2405 985 2491 postularunt,
1003 2418 1154 2482 quorum
1168 2398 1337 2463 admissio
1349 2397 1459 2461 dilata
1470 2395 1552 2461 fuit.

317 2507 398 2573 Duo
414 2519 534 2574 tamen
548 2527 594 2572 ex
608 2510 659 2573 eis
675 2510 710 2572 in
724 2508 943 2573 Societatem
958 2507 1106 2572 admissi
1120 2506 1273 2570 fuerunt.

377 2615 469 2681 2329.
512 2615 624 2681 Extra
657 2616 801 2681 domum
833 2623 952 2680 autem
987 2624 1149 2680 nostram
1187 2613 1313 2678 eadem
1350 2610 1554 2694 spiritualia

318 2724 488 2788 exercitia
500 2725 670 2806 pluribus,
681 2733 755 2787 tam
763 2723 939 2803 religiosis
948 2722 1175 2804 quamlaicis,
1189 2721 1320 2785 tradita
1332 2718 1487 2784 suerunt.
1498 2719 1550 2784 In·

319 2842 373 2895 ter
386 2833 570 2912 religiosos
586 2842 704 2896 autem
719 2832 789 2896 duo
801 2830 967 2895 monachi
978 2830 1113 2895 ordinis
1124 2827 1185 2894 Sti
1200 2830 1230 2893 F
1232 2828 1397 2908 rancisci,
1411 2838 1446 2892 et
1457 2845 1551 2891 com·

319 2941 439 3020 plures
449 2939 625 3004 foeminae
636 2939 836 3019 religiosae,
849 2938 1001 3019 insignis
1013 2956 1056 3002 ac
1067 2938 1228 3019 primarii
1240 2937 1448 3001 monasterii
1460 2936 1549 2999 ordi·

320 3046 375 3109 nis
386 3046 425 3109 B.
439 3044 628 3110 Dominici.
641 3046 869 3126 Praepositus
881 3046 976 3109 enim
986 3043 1223 3109 Provincialis
1234 3043 1311 3124 eJus
1323 3044 1469 3123 ordinis,
1479 3043 1555 3124 (qui

321 3169 474 3233 magnae
489 3152 688 3217 dilectionis
703 3170 791 3233 erga
810 3153 1023 3218 Societatem
1045 3153 1149 3232 signa
1169 3169 1256 3232 prae
1276 3170 1315 3216 se
1334 3151 1502 3230 ferebat),
1517 3149 1554 3213 id

321 3260 580 3339 postulaverat;
596 3271 631 3323 et
646 3278 710 3341 pro
725 3277 857 3340 magno
872 3259 1043 3323 beneficio
1058 3259 1227 3336 ducebat,
1245 3258 1339 3339 quod
1354 3258 1423 3339 ipsi
1437 3256 1553 3321 subdi·

321 3374 379 3429 tae
401 3367 572 3430 moniales
592 3384 613 3429 a
634 3367 766 3431 nostris
785 3367 1035 3445 inviserentur,
1056 3374 1091 3430 et
1116 3365 1153 3428 in
1178 3366 1284 3429 rebus
1310 3364 1559 3445 spiritualibus

322 3473 595 3553 instruerentur;
611 3483 646 3537 et
659 3490 806 3553 prorsus
817 3473 1038 3553 praedictum
1049 3473 1318 3550 monasterium,
1330 3470 1425 3551 quod
1436 3469 1556 3551 huJus·

322 3580 419 3643 modi
437 3580 677 3661 spiritualibus
697 3580 877 3644 exercitiis
892 3580 1064 3643 imbutum
1079 3590 1145 3658 est,
1166 3596 1277 3659 usque
1293 3578 1338 3642 ad
1352 3578 1555 3642 admiratio·

321 3703 403 3750 nem
418 3698 620 3752 nostrorum
635 3697 670 3751 et
684 3688 791 3751 etiam
805 3698 1036 3751 externorum
1051 3687 1218 3768 profecit,
1235 3697 1269 3750 et
1284 3686 1334 3749 ita
1349 3686 1437 3748 odor
1452 3703 1559 3749 exea
1652 3766 1658 3777 ,

322 3812 361 3858 re
382 3795 536 3876 optimus
549 3796 585 3858 in
602 3796 689 3858 urbe
711 3812 857 3877 sparsus
872 3804 940 3873 est;
958 3805 993 3858 et
1015 3794 1065 3858 ita
1087 3796 1124 3858 in
1140 3793 1220 3857 aliis
1234 3792 1425 3872 coenobiis,
1441 3790 1559 3873 hujus·

323 3901 419 3966 modi
443 3903 576 3966 auxilia
606 3902 795 3981 religiosae
823 3901 999 3966 foeminae
1025 3919 1046 3964 a
1071 3902 1204 3965 nostris
1236 3900 1467 3981 expetebant,
1493 3898 1558 3963 sed

323 4009 406 4088 quia
420 4010 601 4089 negotium
622 4010 707 4089 hoc,
723 4011 806 4073 licet
824 4008 990 4090 perutile,
1006 4009 1224 4072 laboriosum
1242 4015 1335 4086 erat,
1351 4015 1387 4071 et
1407 4008 1560 4071 multum

324 4116 494 4197 temporis
517 4118 554 4180 in
578 4133 621 4180 eo
648 4127 725 4181 erat
751 4116 1038 4197 impendendum,
1062 4132 1134 4179 non
1150 4113 1315 4178 omnibus
1329 4114 1443 4194 potuit
1458 4113 1558 4177 satis·

323 4222 411 4303 fieri,
428 4240 472 4286 ne
486 4224 556 4287 alia
571 4222 717 4303 majoris
732 4224 901 4287 momenti
916 4223 963 4287 ad
977 4222 1046 4286 Dei
1066 4222 1273 4302 obsequium
1292 4221 1558 4303 impedirentur.

323 4328 395 4395 Sed
415 4330 661 4411 providentiae
683 4329 751 4394 Dei
771 4348 815 4394 ac
835 4329 985 4393 bonitati
1007 4337 1195 4409 acceptum
1211 4328 1356 4391 omnino
1375 4328 1561 4392 ferendum

366 4534 374 4566 l
404 4532 561 4589 opusculum
570 4534 664 4581 hocsic
675 4536 838 4581 inscribitur:
850 4534 1039 4579 Cnmsromrom
1048 4532 1184 4587 idiomati,
1200 4530 1351 4577 Socrmrts
1366 4532 1436 4585 Jnau,
1450 4530 1562 4576 fidelius

324 4606 358 4649 cie
363 4605 508 4660 frequenti
516 4616 568 4650 usu
577 4610 745 4652 sacramenti
754 4606 970 4660 libertinarum„
981 4604 1048 4649 Vide
1058 4615 1147 4659 snpra,
1158 4612 1178 4648 t.
1188 4614 1224 4658 rr,
1235 4614 1297 4659 pac.
1307 4604 1342 4658 28,
1353 4616 1382 4649 n.
1399 4604 1435 4658 35,
1453 4610 1479 4647 ct
1496 4609 1515 4648 t.
1532 4614 1559 4656 v,

325 4687 390 4733 pag.
401 4677 449 4734 179,
461 4689 485 4722 n.
496 4678 545 4723 sit.
