3642 5350
754 410 818 470 An.
841 411 910 470 1556
1410 406 1449 472 33

212 573 347 622 causas
362 557 569 638 publicaret.
586 558 631 621 Et
650 557 699 619 ita
715 555 903 620 Provincia
919 558 1060 638 quidem
1080 558 1139 620 illa
1158 557 1339 621 Inferioris
1360 557 1446 621 Ger·

213 665 359 730 maniae
374 664 535 728 instituta
551 673 616 743 est,
632 664 695 727 sed
710 661 970 727 Provincialem
984 665 1117 729 nullum
1132 664 1267 728 habuit.

277 771 328 835 87.
372 771 462 835 Cum
477 769 620 834 Summo
640 768 801 834 Pontifici
825 787 889 850 per
909 770 1134 835 Cardinalem
1152 771 1340 836 Moronum
1366 790 1448 852 pro·

213 880 371 960 'positum
396 887 490 942 esset
514 889 551 941 ut
576 878 772 959 applicaret
801 878 1013 942 auctoritate
1037 877 1246 958 Apostolica
1270 879 1448 943 Monaste·

217 988 311 1049 rium
337 985 553 1065 Oybiniensc
575 984 609 1047 in
629 983 799 1047 Bohcmia
820 984 978 1063 Collegio
998 994 1121 1048 nostro
1141 984 1325 1064 Pragensi,
1342 994 1448 1065 prout

219 1091 463 1156 Romanorum
476 1089 554 1154 Rex
569 1091 822 1167 destinaverat,
840 1091 988 1154 libenter
1002 1089 1038 1153 id
1052 1090 1135 1155 fecit
1150 1101 1184 1154 et
1199 1109 1301 1155 suam
1313 1090 1448 1155 addidit

216 1199 511 1262 benedictionem.
535 1196 691 1260 Litterae
712 1205 830 1260 autem
852 1192 1079 1277 Apostolic'ae
1098 1216 1169 1261 non
1189 1196 1330 1262 fuerunt
1345 1215 1448 1279 expe·

215 1307 331 1379 ditae,
358 1305 453 1384 quod
476 1304 545 1367 illis
566 1304 603 1366 in
623 1303 710 1366 locis
730 1286 856 1384 parum
875 1305 1101 1367 necessariae
1126 1304 1344 1384 viderentur;
1372 1313 1449 1368 erat

221 1413 314 1476 enim
336 1411 591 1474 illonasterium
610 1411 647 1473 in
667 1411 860 1490 provinciis
879 1411 1150 1490 haereticorum,
1172 1412 1266 1491 apud
1287 1429 1377 1493 quos
1396 1428 1451 1475 re·

215 1521 282 1599 gia
298 1518 494 1582 auctoritas
508 1516 686 1580 efficacior
701 1533 808 1598 quarn
821 1516 1029 1599 Apostolica
1044 1518 1232 1583 videbatur
1248 1520 1269 1582 ¹.

281 1625 333 1688 88.
375 1625 454 1688 Hoc
470 1642 563 1688 anno
583 1624 619 1686 in
646 1623 803 1704 Collegio
825 1634 948 1687 nostro
968 1627 1106 1705 prelum
1124 1642 1205 1689 cum
1221 1626 1316 1707 typis
1331 1642 1451 1689 neces·

217 1734 327 1798 sariis
342 1733 388 1796 ad
402 1732 572 1795 librorum
588 1731 855 1812 impressionem
869 1731 1004 1794 institui
1019 1741 1183 1812 coeptum
1197 1743 1251 1796 est
1265 1731 1289 1799 ¹.

282 1839 334 1904 89.
379 1838 456 1917 Quo
472 1848 630 1918 tempore
645 1837 680 1900 in
696 1836 848 1901 Galliam
864 1835 1064 1902 Cardinalis
1075 1838 1219 1903 Caraffa
1235 1840 1451 1917 mittebatur,

219 1959 258 2011 et
273 1948 307 2010 in
325 1946 486 2025 Belgium
501 1943 701 2008 Cardinalis
715 1945 757 2008 de
769 1943 914 2025 Motula,
931 1946 1063 2009 nostris
1077 1946 1112 2011 id
1126 1946 1336 2027 petentibus
1354 1943 1454 2009 Sum·

224 2071 302 2117 mus
322 2051 485 2116 Pontifex
513 2053 653 2132 utrique
677 2051 828 2130 collegia
849 2049 1037 2116 Societatis
1059 2053 1339 2118 commendanda
1360 2069 1454 2116 rece-

224 2161 288 2240 pit.
309 2159 353 2222 Et
368 2158 474 2238 Pater
488 2157 630 2239 quidem
650 2155 835 2221 Salmeron
850 2175 941 2238 quae
957 2176 1037 2222 cum
1062 2159 1277 2239 Imperatore
1300 2169 1334 2223 et
1356 2159 1456 2238 Rege

223 2267 385 2347 Philippo
411 2264 597 2328 tractanda
623 2274 740 2343 erant,
766 2263 872 2328 Polae
888 2274 1005 2329 autem
1025 2267 1223 2347 Episcopus
1237 2265 1249 2298 ⁸
1265 2284 1355 2347 quae
1375 2282 1457 2330 cum

225 2374 322 2453 Rege
347 2371 486 2456 Galliae
508 2361 573 2435 s'uo
593 2372 673 2436 loco
693 2381 727 2435 et
746 2381 903 2452 tempore
923 2373 1148 2452 suggerenda
1169 2384 1203 2437 et
1223 2373 1382 2452 urgenda
1402 2388 1457 2435 ce·

223 2490 368 2562 perum,
385 2488 419 2542 et
434 2478 643 2542 nominatim
658 2478 701 2542 de
716 2477 858 2542 decreto
875 2477 1086 2542 Parisiensis
1096 2479 1349 2544 Universitatis
1359 2476 1383 2557 ⁴,
1398 2479 1458 2541 vel

223 2574 320 2651 nov'o
336 2585 483 2662 edendo,
501 2586 680 2664 agendum
695 2593 788 2664 erat;
809 2593 843 2648 et
859 2585 1007 2666 ipsemet
1021 2587 1178 2666 Legatus
1197 2583 1341 2650 Caraffa
1355 2601 1458 2648 suam

224 2695 275 2758 ad
289 2693 326 2757 id
341 2709 485 2773 operam
501 2702 535 2755 et
550 2709 631 2755 cum
646 2690 744 2771 Rege
760 2701 889 2756 etcum
904 2694 983 2756 aliis
1002 2694 1215 2773 perlibenter
1235 2692 1371 2757 obtulit.

290 2799 341 2863 90.
386 2798 569 2863 Obtulerat
598 2800 705 2863 etiam
729 2816 831 2862 suam
856 2798 1056 2863 Cardinalis
1078 2800 1345 2880 Lotharingius:
1372 2798 1459 2863 nihil

230 2917 351 2971 tamen
377 2906 578 2985 theologica
605 2904 758 2970 facultas
785 2906 981 2983 innovavit,
1011 2909 1210 2970 maluerunt
1235 2906 1398 2970 fortassis
1421 2915 1460 2969 ut

225 3014 406 3079 oblivione
422 3031 479 3076 res
498 3014 685 3093 sopiretur,
708 3030 826 3094 quam,
848 3014 942 3094 quod
961 3015 1071 3077 semel
1091 3014 1336 3092 decreverant,
1357 3029 1459 3076 revo-

225 3137 324 3199 care,
342 3120 505 3202 quamvis
525 3120 735 3200 sapientium
751 3120 796 3183 sit
812 3137 875 3182 suo
890 3121 969 3184 loco
987 3129 1021 3183 et
1043 3130 1202 3200 tempore
1225 3129 1362 3184 mutare
1378 3136 1458 3183 con·
1494 3135 1496 3138 ·

226 3227 358 3305 silium,
375 3244 455 3289 cum
471 3227 681 3305 praesertim
696 3244 784 3290 vera
799 3226 885 3289 facti
900 3226 1104 3290 informatio
1118 3227 1338 3305 intelligitur.

289 3334 340 3398 91.
387 3331 489 3412 Quod
504 3332 542 3397 P.
560 3331 720 3413 ignatius
735 3350 816 3397 curn
831 3331 931 3397 Duce
946 3334 1122 3397 Bavariae
1137 3334 1283 3413 fecerat,
1299 3343 1338 3397 ut
1353 3332 1366 3365 ⁸
1380 3350 1462 3397 cum

226 3442 310 3505 aliis
335 3440 583 3504 fundatoribus
607 3438 718 3520 fieret,
744 3441 906 3521 exempla
932 3440 1131 3504 litterarum
1155 3441 1296 3505 illarum
1316 3436 1328 3471 ⁸
1355 3440 1400 3503 ad
1420 3438 1459 3503 P.

231 3548 466 3613 Franciscum
481 3546 650 3626 Borgiam
671 3547 878 3627 transmisit,
893 3556 932 3609 ut
952 3565 1031 3611 cum
1048 3547 1322 3627 obligationibus
1339 3546 1463 3610 funda·

232 3656 349 3719 tiones
366 3671 437 3716 non
453 3652 738 3733 admitterentur;
755 3653 817 3717 sed
833 3654 901 3735 ipsi
916 3653 1125 3718 fundatores
1145 3655 1254 3718 animi
1269 3654 1324 3717 sui
1338 3669 1464 3734 propo·

273 3932 281 3962 ¹
312 3928 379 3973 Vlde
390 3928 487 3973 Carras
497 3930 530 3974 de
541 3929 596 3973 San
606 3929 725 3983 rgnacro,
740 3936 757 3974 t.
770 3941 805 3985 vr,
819 3941 881 3986 pag.
894 3930 943 3985 519;
958 3937 984 3973 et
999 3931 1024 3975 ln
1033 3931 1088 3982 »boc
1103 3930 1239 3985 Chronico,
1255 3936 1274 3975 t.
1289 3941 1326 3987 ru,
1341 3941 1403 3985 pag.
1417 3930 1465 3984 266,

234 4012 260 4044 ιι.
272 4000 320 4045 570.

272 4072 283 4104 ²
311 4070 348 4115 De
360 4072 410 4115 bac
423 4070 530 4115 Romani
541 4071 650 4128 Collegit
662 4074 845 4130 typographia,
856 4085 922 4129 quae
937 4074 1030 4128 prima,
1042 4081 1070 4119 ut
1085 4075 1197 4126 videtur,
1212 4074 1262 4119 fuit
1276 4074 1302 4118 ln
1313 4079 1371 4118 tota
1381 4070 1468 4116 Socie-

231 4146 297 4195 tnte,
308 4142 381 4185 dabit
391 4142 467 4195 plura
479 4140 553 4185 Nova
564 4144 651 4187 series
660 4144 817 4186 litterarum
829 4144 924 4187 Sancti
933 4143 1044 4197 Ignatii.
1056 4144 1117 4189 Alla
1129 4146 1272 4200 paulopost
1283 4144 1310 4188 ln
1325 4143 1468 4187 Viennensi

233 4210 358 4326 (ὶοΙΙΙΙεΙιιίοι
368 4211 489 4256 instituta
508 4214 564 4257 fult.
585 4212 652 4257 Vide
673 4212 873 4268 Sosianus-oeno,
892 4214 946 4258 Les
968 4215 1090 4271 jesuires
1108 4217 1142 4259 de
1160 4214 1245 4259 Rome
1264 4218 1290 4258 er
1310 4213 1344 4259 de
1368 4212 1470 4258 Vienna

235 4294 268 4327 en
309 4282 335 4325 D
359 4282 406 4325 XI.

275 4355 287 4386 ⁵
315 4354 445 4399 Antonius
455 4354 521 4409 Elio,
533 4356 576 4411 qul
586 4356 612 4399 in
623 4358 748 4401 comitatu
759 4363 816 4403 orat
830 4358 979 4403 Cardinalis
990 4358 1095 4405 Carasa.

273 4427 285 4460 ⁴
312 4423 362 4476 Sic,
372 4426 532 4471 stridentur
548 4428 590 4471 hic
605 4430 741 4483 sequentia
755 4436 801 4474 aut
816 4430 857 4475 bls
872 4430 969 4475 similla
983 4434 1065 4476 verba
1081 4432 1235 4477 desiderari:
1250 4434 1293 4477 vel
1311 4434 1460 4479 revocando

234 4494 303 4540 Vide
314 4508 339 4539 n.
349 4502 509 4549 sequentem.

274 4567 287 4600 ⁵
314 4566 540 4621 trananetquod.

276 4636 288 4672 ⁸
316 4638 434 4691 illarum,
445 4640 511 4694 scu..
521 4654 629 4697 quarum
641 4645 800 4692 meminimus
811 4658 898 4702 supra,
910 4658 970 4702 pag.
981 4646 1016 4704 2⁶,
1027 4655 1114 4693 annot.
1126 4649 1134 4691 l
1147 4650 1181 4693 ad
1191 4661 1215 4694 n.
1224 4650 1258 4695 66.

381 4724 420 4785 Τ.
444 4745 482 4788 ιι.
1278 4754 1292 4810 3
