3642 5350
359 415 418 483 aut
643 479 646 484 ⁴
684 443 686 446 ·
812 418 940 489 Cuauuz
965 420 1044 487 Soc:
1066 422 1135 500 Jas

360 567 514 634 ecclesia
528 567 807 651 conversarum,
823 568 859 635 Ρ.
874 568 1057 654 Philippus
1071 583 1153 643 'cum
1166 568 1293 639 eodem
1310 568 1491 654 stephano
1505 586 1593 643 tues·

362 692 437 741 sem
452 676 575 769 habuit
589 676 851 745 confessionum
866 679 1047 761 copiosam
1066 682 1090 749 ¹..
1250 742 1253 747 .

421 782 503 861 752,
531 783 613 860 Fuit
627 784 735 854 etiam
749 786 925 867 quaedam
940 796 1117 867 matrona,
1135 804 1225 873 quae
1241 806 1324 859 cum
1338 796 1542 871 aegrotaret
1555 796 1591 855 et

363 899 482 957 tamen
499 892 534 958 Ρ.
550 890 729 975 Stephano
743 894 903 960 confiteri
918 906 1074 978 cuperet,
1089 896 1150 979 qui
1164 905 1307 979 propter
1322 896 1423 978 pedis
1435 896 1592 963 imbecil·

363 998 498 1072 litatem
508 998 669 1065 nondum
681 1011 779 1067 recte
800 1001 965 1069 incedere
982 1013 1139 1085 poterat3
1155 1003 1309 1073 ramulos
1329 1013 1410 1083 cum
1430 1020 1537 1086 equo.
1553 1015 1591 1070 ut

360 1106 477 1189 ipsum
490 1106 589 1173 adse
603 1106 829 1189 deducerent,
845 1111 951 1189 misit,
968 1120 1002 1175 et
1017 1110 1240 1179 coniessioue
1255 1120 1418 1194 peracta,
1435 1128 1517 1189 cum
1534 1118 1590 1177 co·

363 1214 444 1281 dem
457 1215 563 1290 modo
577 1227 670 1282 esset
685 1218 868 1294 reductus,
885 1234 986 1283 suam
1002 1218 1096 1291 misit
1111 1218 1283 1285 familiam
1293 1228 1334 1283 ut
1354 1216 1519 1285 eidemin
1535 1236 1590 1285 sn·

364 1322 454 1387 cello
468 1332 591 1387 nostro
605 1323 844 1389 confiteretur.
1490 1386 1495 1391 .
1583 1400 1586 1407 ‚

422 1428 491 1494 754.
532 1429 767 1497 Commiserat
781 1434 891 1498 etiam
905 1432 1124 1515 Episcopus·
1138 1450 1211 1511 eos,
1228 1434 1338 1516 quiin
1353 1432 1516 1499 custodia
1531 1450 1594 1516 pu·

363 1536 566 1621 blicacapti
583 1537 846 1619 detinebantur,
867 1550 975 1605 curae
995 1550 1213 1620 nostrorum;
1234 1551 1269 1606 et
1296 1542 1344 1606 ita
1368 1540 1431 1607 via
1452 1548 1591 1623 tempus

365 1648 575 1728 suppetebat
590 1655 628 1715 ut
643 1655 715 1711 tarn
730 1648 851 1713 multis
869 1648 1069 1715 satisfieret.

425 1754 496 1825 755.
540 1752 763 1825 observatus
782 1754 847 1819 luit
869 1754 1004 1822 fructus
1019 1756 1168 1836 insignis
1188 1758 1223 1821 in
1243 1762 1404 1823 matrona
1424 1754 1591 1837 quadam.

364 1870 510 1946 propter
525 1861 643 1927 dotem
662 1862 875 1927 luculentam
894 1876 1047 1945 pompae
1067 1882 1110 1929 ac
1129 1862 1278 1927 vanitati
1298 1862 1475 1929 saeculari
1489 1860 1593 1927 valde

364 1968 484 2035 dedita
497 1967 520 2046 ³,
536 1982 636 2050 quae
646 1979 726 2051 post
745 1971 1003 2037 consessionem
1022 1970 1068 2035 ad
1090 1988 1171 2035 eum
1191 1970 1398 2036 humilitatis
1412 1966 1595 2035 fervorem

365 2076 510 2146 redacta
523 2076 601 2155 suit,
618 2084 656 2141 ut
669 2075 814 2143 domum
825 2076 976 2157 rediens,
991 2078 1109 2143 omnia
1122 2077 1291 2161 pristinae
1305 2076 1475 2143 vanitatis
1487 2092 1592 2141 orna·

367 2193 485 2258 menta
500 2201 522 2247 a
537 2200 575 2248 se
590 2194 803 2264 removeret,
824 2194 858 2249 et
876 2185 1085 2250 societatem
1107 2184 1323 2251 mundanam
1342 2194 1378 2251 et
1397 2182 1516 2249 omnia
1537 2181 1593 2248 de·

368 2287 465 2359 mum
486 2290 683 2355 saecularia
710 2292 746 2357 in
768 2305 938 2359 nauseam
963 2292 1032 2360 sibi
1055 2309 1160 2380 versa
1184 2290 1348 2370 ostendit¹
1373 2299 1513 2373 praeter
1537 2307 1592 2367 ea,

366 2414 457 2481 quae
471 2398 518 2463 ad
532 2398 640 2463 animi
654 2398 851 2481 proiectum
865 2399 1107 2482 pertinebant;
1129 2410 1175 2479 et,
1192 2399 1319 2464 marito
1339 2397 1592 2475 consentiente.

366 2504 448 2572 unis
459 2504 542 2586 (εἰς)
556 2507 716 2571 vestibus
729 2506 852 2571 induta
866 2516 933 2587 est;
948 2516 982 2573 et
997 2506 1158 2572 nuntium
1176 2506 1420 2587 gratissimum
1438 2503 1504 2571 suit
1523 2520 1596 2571 ma·

366 2612 435 2688 rito
448 2613 541 2695 quod
560 2614 620 2680 illa
640 2614 789 2697 singulis
813 2614 992 2680 mensibus
1010 2624 1073 2680 aut
1091 2614 1250 2680 crebrius
1271 2626 1351 2680 eum
1373 2630 1439 2682 sua
1460 2612 1595 2687 familia

365 2722 498 2788 nostris
512 2720 748 2802 confiteretur;
763 2733 799 2788 et
812 2723 905 2788 idem
921 2741 959 2788 se
973 2724 1151 2790 iacturum
1165 2722 1268 2788 uxori
1283 2721 1457 2805 promisit.

426 2829 497 2900 756.
540 2827 698 2896 Venerat
722 2831 832 2897 etiam
856 2830 1029 2897 Mutinam
1050 2830 1119 2897 loci
1139 2829 1323 2912 cujusdam
1341 2831 1378 2896 in
1403 2843 1492 2910 agro
1512 2827 1595 2894 Par·

369 2935 482 3002 mensi
495 2925 673 3017 dominu‘s,
695 2937 756 3018 qui
774 2938 908 3020 aliquot
924 2938 1026 3004 annis
1045 2937 1302 3006 aconlessione
1322 2935 1401 3003 ideo
1421 2935 1595 3002 abstinue-

366 3052 440 3122 rat,
465 3044 562 3126 quod
586 3044 693 3109 nollet
716 3043 751 3110 id
775 3044 872 3110 vitae
895 3061 1010 3126 genus
1035 3045 1249 3126 relinquere,
1274 3044 1368 3125 quod
1395 3039 1596 3109 necessario

369 3151 637 3233 relinquendum
652 3162 748 3230 erat,
764 3152 794 3216 si
810 3153 999 3221 salubriter
1019 3153 1247 3218 consessurus
1265 3163 1301 3216 et
1321 3150 1596 3216 communicatu·

371 3275 433 3325 rus
450 3267 539 3324 erat.
560 3257 627 3323 Hic
649 3275 737 3339 ergo
762 3257 799 3325 P.
827 3259 989 3341 Philippo
1014 3275 1095 3323 cum
1120 3275 1251 3338 magna
1276 3258 1367 3323 illius
1391 3265 1426 3322 et
1447 3255 1597 3338 propria

370 3364 617 3433 aedificatione
631 3383 674 3430 ac
690 3366 932 3432 satisfactione
947 3365 1142 3446 consessus,
1159 3383 1240 3431 cum
1261 3381 1392 3444 magno
1414 3362 1596 3446 proposito

372 3475 468 3540 ritae
483 3475 674 3542 mutandae
687 3485 723 3540 et
738 3477 879 3542 actione
893 3475 1091 3557 gratiarum
1107 3473 1152 3538 ad
1169 3489 1233 3538 sua
1249 3472 1406 3538 recessit.

431 3581 503 3648 757.
545 3581 701 3664 Optabnt
714 3582 857 3665 quidem
870 3581 1068 3664 Episcopus
1083 3591 1122 3646 ut
1136 3591 1230 3646 esset
1248 3597 1294 3644 ex
1308 3577 1441 3646 nostris
1455 3575 1595 3658 aliquis.

267 3714 271 3725 ·
371 3689 433 3773 qui
446 3691 731 3782 concionaretur,
748 3700 781 3756 et
796 3690 937 3771 aliquis,
952 3689 1057 3770 quiin
1070 3687 1273 3772 Cathedrali
1287 3685 1439 3750 ecclesia
1451 3682 1597 3750 domini·

373 3797 426 3863 cis
443 3813 486 3861 ac
500 3795 602 3874 sestis
622 3796 746 3862 diebus
764 3807 837 3861 toto
852 3813 946 3860 anno
962 3796 1193 3877 praelegereu
1211 3803 1244 3860 et
1260 3794 1310 3858 ita
1324 3791 1363 3857 P.
1379 3791 1517 3873 ignatio
1529 3788 1598 3860 ‚luit

373 3903 556 3985 scriptum.
577 3901 646 3981 Sed
660 3913 757 3982 tunc,
772 3921 855 3968 cum
869 3919 935 3968 nec
954 3902 1097 3968 domum
1110 3919 1176 3966 nec
1192 3901 1360 3982 templum
1374 3895 1598 3966 commodum

375 4011 488 4077 nostri
502 4010 675 4076 haberent
690 4027 756 4076 nec
777 4009 910 4075 reditus
930 4010 1037 4088 ullos,
1059 4008 1176 4091 potius
1197 4001 1600 4086 videbaturnujusmndl

377 4117 572 4202 operarios,
588 4117 648 4199 qui
663 4117 769 4200 pauci
789 4128 901 4199 erant,
923 4116 969 4182 ad
988 4117 1057 4182 alia
1078 4117 1158 4180 loca
1177 4113 1381 4194 mittendos·
1398 4111 1524 4195 quibus
1539 4109 1599 4178 So·

416 4395 426 4432 ¹
454 4394 584 4441 Polanens
595 4402 691 4451 tamon,
702 4407 735 4440 ex
749 4405 823 4447 cona,
835 4395 951 4440 scribens
962 4393 1035 4439 Patri
1043 4391 1168 4448 autttppo
1182 4393 1291 4448 Lemno,
1305 4393 1370 4438 haee
1383 4393 1481 4438 aiebat:
1495 4383 1539 4435 *et
1552 4387 1602 4436 ral-

378 4469 496 4524 lemnto
506 4468 554 4512 clte
564 4469 586 4513 al
601 4469 730 4524 frequenti
746 4469 771 4512 ia
785 4468 945 4524 cappelietta
960 4466 984 4511 di
1000 4477 1069 4520 casu,
1080 4463 1098 4509 il
1108 4464 1155 4509 clue
1166 4469 1178 4510 e
1189 4466 1269 4510 molto
1281 4465 1324 4521 plu
1335 4465 1440 4510 decente
1454 4462 1503 4509 ene
1518 4461 1600 4508 undar

375 4540 427 4584 alle
438 4539 613 4594 convertite..
623 4541 658 4585 l.⁸
667 4540 777 4596 Aprilis.

417 4611 430 4644 ¹
454 4609 500 4656 Fr.
511 4612 638 4668 neptuim
647 4609 833 4666 forestario.
843 4607 869 4654 S.
879 4608 914 4654 b.

416 4681 428 4716 ¹
454 4680 642 4742 liu-mnam.
