3642 5350
349 414 403 481 736
806 413 934 477 Canon.
954 412 1032 477 Soc.
1052 414 1123 492 Jns.

349 572 613 631 sacramentnm
628 561 861 643 accedebant;
881 564 974 627 inter
987 562 1077 628 alios
1091 562 1290 646 Episcopus
1303 563 1551 645 Algarbiensis
1566 562 1577 598 ¹

350 688 431 738 cum
445 680 523 736 erat
539 670 762 752 olyssipone,
779 668 909 735 ibidem
929 679 964 735 et
981 670 1144 735 confiteri
1163 679 1199 735 et
1218 688 1362 736 sacrum
1382 670 1503 737 facere
1519 688 1579 735 so·

349 780 432 845 litus
445 787 534 845 erat.

407 886 499 952 3188.
542 884 632 951 Cum
646 892 763 950 autem
775 881 969 964 jubilaeum
986 884 1056 948 hac
1076 892 1212 951 aestate
1230 885 1355 951 suisset
1375 887 1578 968 promulga-

350 1006 435 1077 tum,
450 994 533 1059 licet
546 992 663 1075 pauci,
679 1000 717 1055 ut
732 991 818 1071 dixi,
834 1000 953 1055 essent
963 990 1179 1072 sacerdotes,
1194 992 1445 1073 quadringenti
1459 1001 1578 1058 tamen

350 1112 385 1169 et
408 1103 555 1183 triginta
575 1098 621 1164 ad
641 1097 856 1164 dominicam
875 1114 1036 1164 mensam
1056 1107 1137 1180 post
1155 1095 1416 1165 confessionem
1432 1080 1483 1164 'ad
1503 1099 1579 1165 divi

350 1209 497 1277 Antonii
510 1214 749 1274 accesserunt.

408 1316 501 1382 3189.
543 1315 625 1381 Alia
640 1314 782 1396 pietatis
796 1329 905 1394 opera
919 1312 1090 1379 Societati
1103 1324 1286 1395 consueta,
1298 1324 1339 1379 ut
1349 1323 1579 1397 aegrotantes

350 1425 505 1491 invisere
519 1431 555 1488 et
569 1421 751 1487 morituris
766 1420 908 1502 adesse,
924 1439 1006 1486 cum
1026 1438 1065 1486 se
1084 1430 1249 1503 poterant
1263 1423 1308 1487 ab
1328 1421 1408 1487 aliis
1428 1440 1577 1504 occupa·

351 1533 505 1599 tionibus
519 1528 705 1612 expedire,
720 1528 869 1594 libenter
890 1545 993 1593 suam
1013 1545 1159 1609 operam
1177 1529 1426 1611 praestabant,
1443 1538 1478 1595 et
1498 1546 1577 1594 cum

351 1658 424 1706 non
438 1646 613 1721 poterant,
630 1645 669 1701 ut
682 1636 807 1715 nostri,
819 1636 880 1718 qui
894 1635 989 1717 apud
1000 1634 1064 1699 San
1077 1634 1238 1701 Rochum
1249 1645 1450 1717 versantur,
1464 1634 1576 1717 huius·

351 1748 445 1813 modi
459 1742 730 1811 necessitatibus
745 1742 986 1822 subvenirent,
1002 1743 1186 1808 curabant.
1527 1743 1530 1749 '

409 1853 502 1919 3190.
543 1850 707 1918 Secundo
732 1850 789 1915 die
813 1848 1057 1929 Pentecostes,
1087 1850 1147 1932 qui
1174 1852 1220 1915 ab
1247 1850 1516 1932 inquisitoribus
1541 1850 1577 1913 in

350 1963 495 2029 vincula
508 1960 648 2026 inerant
663 1957 830 2041 conjecti,
846 1974 1069 2039 quorumque
1083 1974 1213 2023 causae
1224 1957 1299 2039 J'am
1319 1958 1460 2023 fuerant
1474 1974 1577 2041 expe·

351 2073 463 2152 ditae,
487 2070 524 2135 in
538 2077 769 2150 conspectum
783 2068 904 2149 populi
918 2075 1022 2132 erant
1034 2066 1270 2148 producendi,
1286 2068 1323 2132 in
1344 2068 1460 2133 locum
1476 2065 1523 2131 ad
1543 2066 1578 2131 id

348 2178 450 2261 jnxta
465 2194 563 2242 mare
582 2184 845 2257 praeparatum.

411 2285 503 2350 3191.
547 2282 745 2349 Postulavit
760 2292 879 2347 autem
892 2282 1093 2348 Cardinalis
1103 2282 1223 2347 inians
1235 2291 1269 2346 et
1280 2282 1578 2347 summnsinPor·

352 2394 502 2477 tugallia
515 2390 717 2472 inquisitor,
733 2398 772 2454 ut
785 2390 894 2471 aliqui
908 2408 954 2454 ex
968 2390 1099 2454 nostris
1113 2388 1159 2454 ad
1169 2407 1334 2455 carceres
1345 2390 1577 2470 mitterentur,

353 2512 394 2568 ut
408 2503 460 2567 eis
474 2498 698 2582 potissimum
712 2498 991 2562 consolationem
1005 2506 1041 2562 et
1055 2497 1226 2561 auxilium
1241 2497 1431 2578 adferrent,
1447 2498 1508 2579 qui
1520 2516 1576 2562 ex·

352 2620 466 2676 tremo
485 2605 659 2690 supplicio
677 2612 781 2669 erant
794 2602 980 2686 afficiendi,
1000 2613 1035 2668 et
1055 2610 1235 2669 uteorum
1256 2604 1499 2671 consessiones
1523 2622 1581 2671 au·

352 2719 504 2889 dirigit.
547 2821 637 2888 Tres
655 2837 700 2884 ex
721 2817 879 2899 Collegio
899 2817 961 2884 S.²¹
981 2816 1128 2884 Antonii
1146 2837 1189 2883 eo
1203 2820 1302 2886 missi
1321 2829 1418 2901 sunt,
1438 2822 1500 2903 qui
1518 2838 1581 2903 Pel

258 2936 262 2942 ’
355 2933 488 3015 aliquot
512 2930 587 2995 dies
606 2928 643 2992 in
667 2943 811 2992 carcere
836 2943 918 2990 cum
943 2943 1073 3006 magno
1096 2925 1278 2992 hominum
1298 2929 1440 2993 illorum
1462 2927 1580 2993 fructu

354 3039 489 3107 versati
503 3045 602 3116 sunt;
622 3035 672 3098 ita
685 3034 780 3098 enim
801 3034 944 3099 accensi
964 3033 1268 3098 cohortationibus
1288 3043 1323 3098 et
1344 3035 1502 3100 consiliis
1521 3054 1580 3100 no·

355 3159 511 3214 strorum
525 3161 606 3208 curn
621 3140 689 3205 Dei
704 3140 822 3222 gratia
836 3138 989 3221 suerunt,
1005 3149 1128 3206 utnon
1142 3142 1256 3205 solum
1270 3142 1456 3224 patienter,
1473 3143 1535 3218 sed
1545 3152 1581 3206 et

355 3255 503 3321 libenter
514 3251 560 3316 ad
571 3248 783 3331 supplicium
796 3247 1016 3328 festinarent,
1028 3247 1209 3313 Christum
1219 3250 1318 3314 clara
1327 3267 1417 3315 voce
1427 3267 1510 3316 curn
1522 3249 1582 3314 ad·

357 3361 545 3427 miratione
571 3367 606 3422 et
630 3355 873 3420 consolatione
897 3355 1054 3420 omnium
1075 3355 1293 3421 confitentes.
1314 3357 1409 3422 Inter
1428 3359 1494 3423 hos
1517 3359 1583 3423 iuit

356 3479 458 3535 turca
481 3465 644 3548 quidam,
664 3463 904 3544 superioribus
930 3463 1033 3527 annis
1051 3463 1216 3543 baptismi
1235 3465 1382 3529 lavacro
1407 3467 1582 3546 expiatus,

357 3578 428 3660 qui,
450 3576 508 3641 ubi
522 3572 695 3638 intellexit
714 3587 752 3635 se
772 3569 819 3634 ad
837 3579 1036 3635 extremum
1053 3572 1281 3652 supplicium,
1302 3581 1337 3636 et
1359 3572 1501 3654 quidem
1520 3591 1583 3656 per

357 3688 487 3766 ignem,
499 3698 578 3746 esse
590 3679 806 3758 damnatum,
820 3687 859 3742 ut
870 3676 1151 3758 indignationem
1161 3688 1222 3742 aut
1236 3680 1355 3760 potius
1365 3680 1501 3745 rabiem
1515 3683 1585 3745 cla·

357 3791 515 3860 moribus
529 3786 762 3869 significaret,
778 3802 845 3850 nec
864 3783 1072 3867 cuiusquam
1091 3785 1374 3852 exhortationem
1384 3798 1423 3852 ut
1437 3798 1585 3869 peccata

358 3897 596 3975 confiteretur,
612 3892 831 3972 admittebat,
849 3892 956 3957 immo
971 3909 1043 3971 e0S,
1060 3893 1118 3974 qui
1134 3891 1268 3974 aliquid
1281 3893 1365 3958 boni
1376 3894 1584 3974 suadebant,

358 4027 379 4073 a
394 4025 433 4072 se
448 4002 662 4086 expellebat3
678 3999 741 4064 sed
754 3997 859 4079 huius
874 3999 1013 4064 animus
1026 4009 1231 4065 nostrorum
1248 4017 1369 4082 opera,
1384 4019 1456 4066 non
1470 4003 1586 4068 solum

359 4114 542 4194 mitigatus
561 4109 642 4189 luit,
669 4125 794 4172 verum
812 4107 1051 4188 poenitentiae
1072 4125 1142 4171 non
1163 4106 1327 4186 vulgaria
1352 4109 1457 4188 signa
1477 4108 1584 4190 dedit,

360 4221 460 4303 cujus
474 4217 661 4284 conversio
678 4215 858 4295 insperata
874 4230 1013 4277 summa
1028 4230 1151 4277 omnes
1165 4214 1299 4278 laetitia
1313 4215 1467 4296 perfudit
1481 4215 1503 4280 ¹.

421 4327 512 4392 3193.
556 4324 686 4389 Puteus
700 4321 851 4402 insignis
873 4320 1068 4385 altitudinis
1088 4321 1124 4384 in
1143 4321 1255 4385 hortis
1271 4320 1419 4403 collegit
1440 4322 1587 4388 effossus

364 4466 574 4480 —....-.—.

403 4536 411 4568 Ι
440 4533 552 4587 Joannee
562 4531 592 4574 de
602 4527 686 4572 Mello.
697 4526 818 4572 Litterae
829 4525 1064 4580 Quaartmestres,
1072 4530 1092 4570 t.
1103 4535 1140 4580 rv,
1150 4535 1210 4580 paq.
1221 4525 1269 4570 2⁶8:
1284 4525 1359 4579 inira,
1374 4538 1398 4571 n.
1412 4527 1479 4584 3247,
1494 4530 1588 4576 redibit

361 4609 392 4652 de
402 4605 507 4660 egregio
517 4603 565 4648 hoc
575 4602 632 4646 viro
641 4610 736 4645 sermo.

402 4679 414 4712 ¹
440 4676 562 4722 Litterae
571 4673 802 4728 Quaanmestres.
811 4676 830 4714 t.
842 4680 879 4723 tv,
890 4681 950 4728 pag.
959 4669 1008 4714 aab.
