3642 5350
773 445 835 504 Aa.
858 445 928 504 1536
1430 443 1465 502 at

302 591 367 656 109.
412 591 583 672 Quintum
604 592 680 670 suit,
702 592 847 654 uberem
868 589 1059 654 admodum
1073 590 1227 653 tractum
1247 589 1284 651 in
1304 588 1468 653 Ecclesia

238 700 305 764 Dei
320 709 355 764 et
369 700 541 763 latissime
556 709 735 780 patentem
750 715 813 778 per
827 697 1025 761 ministeria
1047 705 1081 760 et
1103 697 1265 776 exempla
1280 694 1469 760 Societatis

238 807 376 884 videre3
393 823 459 869 nec
473 809 587 869 solum
606 806 698 869 inter
720 804 932 882 catholieoS,
953 801 1015 867 sed
1034 804 1141 867 etiam
1161 803 1253 866 Inter
1268 803 1469 867 haereticos

238 921 273 976 et
288 913 455 991 infideles,
471 911 540 976 Dei
554 912 708 992 gratiam
723 913 832 975 multa
848 921 883 974 et
896 912 1083 991 praeclara
1103 920 1310 990 operantem
1329 911 1375 974 ad
1397 909 1467 974 Dei

238 1021 390 1100 gloriam
419 1031 454 1083 et
483 1037 669 1083 commune
693 1019 845 1098 bonum,
872 1017 969 1098 quod
996 1019 1071 1098 ipse
1100 1027 1285 1097 tantopere
1311 1017 1468 1098 sitiebat,

237 1127 338 1190 vidit.

303 1233 371 1295 110.
414 1231 562 1297 Sextum
579 1233 658 1313 fuit,
684 1233 933 1297 auctoritatem
952 1230 1140 1296 Societatis
1159 1247 1231 1294 non
1252 1231 1470 1295 mediocrem

236 1351 272 1404 et
286 1341 595 1418 existimationem,
612 1349 685 1404 tam
701 1338 795 1420 apud
815 1337 999 1404 Summum
1017 1336 1224 1402 Pontificem
1246 1347 1280 1401 et
1300 1337 1388 1401 alios
1412 1355 1468 1401 ec·

238 1447 458 1510 clesiasticos
473 1464 651 1528 proceres,
668 1463 776 1528 quam
791 1446 885 1526 apud
904 1444 1086 1524 Principes
1106 1446 1324 1522 saeculareS,
1346 1444 1469 1508 civita·

236 1563 290 1618 tes
309 1572 353 1618 ac
373 1556 523 1634 populos
542 1553 642 1632 vidit,
665 1571 746 1617 cum
764 1553 878 1616 bonus
899 1551 987 1616 odor
1006 1549 1193 1616 Societatis
1213 1569 1276 1631 pcr
1297 1549 1365 1614 Dei
1386 1567 1468 1630 gra·

238 1663 323 1725 tiam
340 1657 423 1741 [late
438 1659 716 1741 diffunderetur],
733 1659 1054 1723 contradictoribus
1073 1674 1205 1737 magna
1225 1669 1387 1738 exparte
1410 1660 1471 1722 vel

236 1771 414 1850 superatis
428 1769 473 1832 ab
488 1772 564 1851 ipsa
583 1769 733 1832 veritate
748 1769 808 1830 vel
822 1775 919 1831 certe
940 1765 1125 1845 mitigatis

300 1876 368 1940 ill.
411 1877 606 1957 Septimum
621 1875 697 1953 fuit,
714 1876 906 1938 stabilitam
924 1870 1163 1955 [Societatem]
1186 1872 1223 1935 in
1246 1871 1354 1935 variis
1370 1873 1470 1935 orbis

237 1993 413 2047 terrarum
429 1984 643 2060 nationibus,
660 1982 778 2045 multis
793 1981 955 2044 domibus
970 1988 1005 2043 et
1027 1979 1187 2058 collegiis
1203 1979 1342 2056 crectis,
1360 1979 1470 2043 vidis·

239 2108 289 2170 se;
316 2091 407 2154 inter
432 2108 523 2170 qnae
548 2091 700 2167 collegia
724 2089 834 2152 multa
860 2098 974 2165 erant,
997 2104 1089 2168 quae
1104 2085 1242 2149 difficile
1265 2086 1469 2166 admodum,

237 2198 321 2260 licet
334 2198 495 2278 perutile,
505 2213 603 2268 ‚onus
618 2197 707 2259 alios
722 2195 872 2259 docendi
886 2202 1128 2274 susceperant.
1141 2193 1186 2256 Et
1201 2193 1291 2256 inter
1307 2210 1350 2256 ea
1362 2212 1469 2275 quac·

239 2305 321 2368 dam
334 2305 442 2367 etiam
457 2314 570 2382 erant,
588 2322 679 2385 qnae
693 2303 895 2384 superiores
909 2302 1111 2372 facultates,
1130 2300 1401 2381 philosophiam,
1418 2303 1471 2365 in·

239 2429 357 2491 qnam,
374 2421 409 2474 et
424 2411 650 2490 theologiam,
669 2411 847 2475 docerent.
863 2409 953 2473 Tam
968 2418 1085 2473 autem
1101 2409 1224 2472 domos
1238 2426 1346 2489 quam
1366 2411 1468 2472 colle·
1484 2397 1487 2400 ⁴

238 2518 300 2598 gia
324 2518 360 2580 in
386 2517 572 2581 duodecim
596 2517 805 2581 Provincias
828 2517 1015 2580 distributa
1038 2514 1190 2597 reliquit,
1214 2516 1377 2597 quamvis
1399 2533 1471 2578 nna

240 2643 382 2705 earum,
413 2624 547 2689 scilicet
566 2611 800 2705 Aethiopica,
830 2624 913 2688 licet
941 2622 1175 2687 Provincialis
1202 2624 1336 2686 electus
1363 2622 1470 2686 fuerit

238 2730 276 2796 P.
303 2732 481 2797 Antonius
507 2732 550 2795 de
574 2730 738 2811 Quadros
762 2730 786 2810 ¹,
811 2732 980 2811 exiguum
999 2731 1121 2795 habuit
1143 2746 1365 2810 successum,
1387 2748 1470 2793 cum

238 2840 344 2920 pauci
365 2840 402 2902 in
426 2840 616 2919 Aethiopia
637 2838 682 2901 ad
702 2838 900 2919 hocusque
922 2848 1059 2917 tempus
1083 2846 1284 2909 versentur,
1311 2855 1353 2901 eo
1374 2838 1469 2917 quod

239 2946 457 3009 schismatici
472 2946 522 3009 illi
540 2944 657 3025 Reges
676 2944 921 3023 Patriarchae,
943 2962 964 3007 a
979 2943 1149 3008 Pontifice
1168 2944 1330 3008 Romano
1347 2946 1469 3022 misso,

238 3070 310 3115 non
324 3051 531 3130 obedierint,
547 3062 584 3115 ut
598 3069 663 3115 suo
678 3052 756 3115 loco
771 3049 908 3114 dicetur
923 3049 945 3114 ¹.

304 3158 372 3222 112.
415 3160 562 3223 Praeter
587 3159 679 3222 hanc
705 3159 795 3221 aliae
822 3157 986 3221 undecim
1009 3159 1162 3238 suerunt,
1190 3158 1336 3236 scilicet,
1359 3158 1472 3235 India,

237 3264 406 3343 Brasilia,
422 3264 622 3342 Lusitania,
640 3264 812 3342 Castella,
829 3264 990 3341 Baetica,
1006 3264 1209 3344 Aragonia,
1228 3265 1360 3343 Gallia,
1381 3265 1468 3329 Infe-

236 3372 309 3435 rior
325 3372 535 3447 Germania,
553 3371 721 3452 Superior
737 3371 948 3450 Germania,
965 3372 1066 3435 Italia
1087 3372 1176 3435 citra
1195 3372 1346 3435 Romam
1361 3383 1395 3435 et
1418 3372 1472 3435 Si-

237 3478 330 3542 cilia.
346 3476 582 3560 Neapolitana
597 3478 797 3556 Provincia,
816 3479 959 3542 vivente
975 3477 1012 3542 P.
1029 3480 1187 3559 ignatio,
1213 3479 1370 3543 nondum
1392 3490 1471 3541 crat

237 3586 411 3665 instituta,
427 3586 511 3665 quia
531 3586 676 3649 unicum
696 3596 833 3648 tantum
853 3596 930 3649 erat
950 3586 1156 3667 Collegium.
1177 3584 1248 3649 Sed
1267 3604 1333 3649 nec
1356 3585 1471 3648 Roma

237 3701 276 3754 ut
291 3690 479 3756 Provincia
497 3702 733 3773 computatur,
746 3693 804 3755 cui
815 3690 1019 3771 adjunctum
1031 3704 1108 3756 erat
1123 3693 1320 3772 Collegium
1332 3692 1469 3771 Tybur-

238 3800 351 3862 1inum
366 3810 401 3862 et
416 3800 642 3879 Amerinum,
666 3799 749 3880 quia
772 3800 816 3862 ab
838 3800 915 3879 ipso
937 3798 1120 3876 Generali,
1135 3800 1212 3863 sine
1231 3800 1301 3862 alio
1322 3798 1470 3862 Provin-

241 3906 320 3969 ciali
336 3906 381 3969 ad
396 3905 433 3970 id
447 3908 576 3985 electu,
598 3907 801 3987 regebatur.

279 4114 288 4144 Ι
316 4109 443 4155 Nimirum
457 4121 515 4154 cum
535 4108 617 4164 India,
633 4110 690 4154 sive
706 4110 797 4155 Goana
812 4111 962 4162 Provincia.
973 4111 1126 4165 Praeposito
1136 4112 1229 4156 orbata
1243 4118 1320 4162 esset.
1331 4114 1386 4169 ejus
1400 4114 1471 4158 Socii

239 4179 265 4223 P.
278 4182 422 4225 Antonium
433 4180 463 4224 de
475 4180 593 4235 Quadros
603 4181 627 4225 in
639 4181 831 4226 Protinclaiem
844 4182 893 4227 sibi
907 4184 1051 4237 elegerunt.
1067 4182 1133 4226 Vide
1148 4195 1235 4238 supra,
1247 4191 1265 4227 t.
1277 4196 1302 4231 v.
1313 4196 1336 4227 n.
1349 4186 1408 4240 1837;
1420 4186 1469 4230 On·

238 4263 353 4307 muniar,
368 4252 441 4295 Hist.
457 4252 512 4297 Soc.
526 4252 604 4307 Jesu,
617 4265 642 4308 p.
657 4263 675 4305 1,
690 4254 735 4297 lib.
751 4264 804 4309 xvr,
820 4264 844 4297 n.
859 4253 1022 4298 dh-Verum
1037 4257 1149 4298 observa
1165 4256 1270 4299 Patrem
1287 4257 1428 4301 Antonium
1438 4259 1472 4301 dc

238 4326 356 4380 Quadroe
367 4336 417 4368 non
427 4324 505 4370 luisse
516 4328 625 4370 eiectum
637 4326 801 4381 Aethiopiae,
811 4326 856 4370 aed
867 4326 956 4370 Indiae
967 4326 1166 4372 Provincialem.
1178 4327 1259 4372 Recte
1271 4335 1357 4372 tamea
1370 4330 1410 4373 hic
1422 4330 1471 4373 Po·

237 4398 328 4441 iancns
344 4396 510 4441 Provinciam
524 4399 557 4440 ab
572 4396 631 4442 aliis
651 4397 800 4441 distinctam
820 4405 955 4442 enumerat
974 4399 1151 4453 Aethiopiam.
1163 4400 1268 4455 ejusque
1278 4399 1472 4445 Provinclalcm

240 4467 421 4523 Praepositum
433 4468 496 4513 dicit
511 4468 617 4513 Patrem
632 4469 774 4514 Antonium
786 4469 817 4514 de
832 4469 959 4524 Quadroe,
974 4471 1034 4526 quia
1046 4472 1124 4525 Juxta
1134 4470 1223 4516 Sancti
1234 4473 1328 4526 ignatii
1342 4474 1471 4526 praescri·
1486 4472 1489 4475 ’

239 4548 319 4595 ptum,
331 4540 413 4584 donec
424 4541 495 4584 aliud
504 4548 675 4595 statueretur,
686 4540 844 4587 ProvInciali
860 4542 948 4586 Indiae
959 4543 1099 4597 Aethiopia
1107 4544 1471 4599 quodammoaosuujacebat.

239 4611 306 4655 Vide
318 4611 415 4655 Carras
424 4612 457 4656 de
467 4612 522 4655 San
532 4612 649 4669 Ignacr'o,
661 4618 678 4657 t.
691 4625 716 4657 v.
728 4614 860 4668 pag.90et
870 4614 906 4658 91.
1329 4615 1333 4625 “
1413 4596 1417 4605 ¹

279 4682 291 4715 ¹
318 4682 426 4738 1nrra‚a
438 4684 567 4728 ailward
577 4684 638 4728 3319.
