3642 5350
363 410 420 482 608
811 407 955 482 Ἐηκοικκ
977 420 1053 480 Soc.
1074 421 1144 518 ,las

363 566 538 630 ecclesiae
551 567 674 632 tandiu
689 567 815 631 adesse
833 566 996 630 viderent
1015 565 1248 646 Episcopum,
1272 567 1437 648 quodque
1457 575 1595 634 tantam

364 673 439 754 ejus
450 673 726 738 munificentiam
737 673 997 753 experirentur3
1012 682 1047 737 et
1058 681 1098 738 ut
1109 673 1191 737 talis
1201 673 1260 737 ille
1271 681 1376 752 esset,
1393 683 1599 741 nostrorum

362 781 606 845 familiaritate
620 783 768 846 multum
780 777 902 862 J'uvari
918 779 990 844 sibi
1005 780 1278 861 persuadebant.

422 887 514 951 2619.
558 887 657 969 Quae
672 889 716 952 de
730 886 929 968 frequentia
946 895 1253 951 sacramentorum
1274 905 1317 951 ac
1336 888 1479 952 fervore
1498 888 1595 952 dicta

363 1003 446 1059 sunt
461 1012 554 1058 anno
570 995 775 1077 praeterito,
799 995 836 1059 in
852 994 920 1058 hoc
936 993 1043 1058 etiam
1064 994 1206 1058 fuerunt
1229 995 1455 1075 continuata;
1481 995 1518 1059 id
1538 1013 1601 1060 au·

363 1112 436 1166 tem
451 1101 639 1182 diligenter
653 1102 863 1180 curabatur,
885 1109 923 1164 ut
943 1101 1004 1181 qui
1026 1099 1230 1182 frequenter
1250 1101 1296 1165 ad
1314 1103 1598 1166 communionem

364 1210 587 1288 accederent,
602 1209 766 1273 homines
780 1218 915 1286 essent,
932 1208 993 1290 qui
1009 1217 1043 1272 et
1061 1207 1215 1272 orationi
1235 1217 1270 1272 et
1291 1209 1466 1290 spirituali
1484 1209 1600 1291 profe·

364 1316 437 1380 ctui
455 1325 639 1380 vacarent.
661 1315 729 1396 Qui
751 1325 871 1380 autem
894 1316 930 1379 in
950 1316 1112 1394 Collegio
1140 1327 1263 1380 nostro
1285 1325 1511 1380 sacramenta
1532 1317 1599 1382 fre·

362 1425 582 1505 quentabant
595 1424 669 1488 fere
684 1423 834 1487 trecenti
847 1423 1106 1503 quinquaginta
1124 1433 1237 1501 erant,
1250 1433 1285 1487 et
1296 1424 1377 1488 aliis
1389 1425 1424 1488 in
1437 1425 1602 1489 ecclesiis

306 1541 313 1551 ·
364 1532 425 1595 alii
438 1531 555 1611 multi,
572 1531 666 1612 quod
681 1531 845 1595 omnibus
859 1529 974 1593 nostri
989 1547 1060 1594 non
1075 1541 1222 1610 possent
1248 1549 1392 1610 vacare,
1409 1531 1601 1596 faciebant.

423 1637 515 1702 2620.
558 1639 598 1703 In
617 1639 772 1719 quodam
788 1635 943 1717 jubilaeo
966 1638 1190 1719 plenissimo,
1211 1639 1307 1720 quod
1328 1647 1401 1702 tres
1420 1639 1496 1702 dies
1515 1655 1598 1702 con·

360 1746 507 1811 sessioni
522 1755 659 1810 tanturn
674 1745 882 1824 designatos
897 1743 1098 1818 adferebat,
1113 1745 1328 1826 septingenti
1343 1744 1437 1826 apud
1452 1756 1597 1810 nostros

362 1855 423 1917 illo
436 1854 555 1918 triduo
568 1851 722 1916 confessi
741 1864 845 1931 sunt;
868 1852 990 1932 quain
1010 1868 1049 1914 re
1070 1854 1217 1916 multum
1232 1853 1374 1933 quidem
1395 1855 1509 1916 nostri
1528 1853 1600 1917 ela·

362 1962 547 2035 borarunt,
564 1959 627 2024 sed
638 1958 770 2022 eximio
782 1977 864 2022 cum
875 1958 992 2022 fructu
1005 1959 1050 2022 ad
1062 1957 1130 2022 Dei
1143 1959 1308 2040 gloriam:
1322 1960 1423 2024 multi
1434 1959 1527 2024 enim
1539 1961 1596 2023 vel

364 2067 610 2148 voluptatibus
624 2066 682 2130 vel
699 2067 779 2131 aliis
794 2065 891 2129 vitiis
906 2084 927 2130 a
942 2066 1104 2146 principe
1119 2065 1221 2146 huJus
1236 2066 1358 2130 mundi
1379 2067 1520 2144 irretiti,
1537 2085 1597 2130 ve-

364 2193 442 2239 ram
467 2174 727 2238 confessionem
752 2173 788 2237 in
813 2175 882 2236 hoc
904 2172 1060 2254 iubilaeo
1081 2175 1317 2252 instituentes,
1344 2175 1484 2239 animae
1510 2191 1597 2238 suae

364 2281 497 2345 morbis
512 2280 706 2346 remedium
721 2281 970 2345 adhibuerunt.

423 2388 515 2453 2621.
559 2387 749 2453 Amicitiae
764 2388 856 2452 inter
871 2391 1001 2452 multos
1017 2397 1163 2452 curatae
1178 2387 1337 2452 fuerunt:
1362 2388 1471 2451 vincti
1487 2388 1595 2453 etiam

363 2507 398 2562 et
417 2497 549 2562 detenti
568 2498 604 2560 in
626 2497 767 2576 publica
786 2496 949 2559 custodia
969 2495 1015 2559 ad
1034 2494 1187 2560 fructum
1209 2514 1255 2560 ex
1274 2497 1349 2560 suis
1364 2496 1515 2560 vinculis
1535 2496 1594 2559 eli·

364 2604 527 2669 ciendum
539 2603 719 2683 instructi,
735 2603 868 2667 nostris
882 2603 989 2666 etiam
1010 2601 1163 2666 confessi
1183 2612 1280 2683 sunt,
1296 2613 1332 2666 et
1352 2603 1399 2666 ad
1417 2602 1507 2666 festa
1523 2602 1591 2666 Na·

362 2714 478 2778 talitia
492 2712 558 2775 sub
572 2712 712 2776 initium
727 2709 833 2790 hujus
848 2710 934 2773 anni
948 2710 1047 2773 missi
1063 2709 1206 2775 fuerunt
1229 2730 1249 2774 a
1265 2709 1416 2775 Rectore
1432 2710 1590 2791 Collegii,

362 2822 423 2902 qui
448 2821 605 2899 domum,
626 2835 733 2900 quam
752 2819 858 2883 valde
878 2816 1099 2881 immundam
1118 2817 1312 2899 habebant,
1333 2828 1540 2883 everrerent
1559 2822 1596 2882 et

361 2937 571 3009 purgarent.

421 3034 513 3097 2622.
557 3034 597 3097 ln
612 3032 807 3096 christiana
823 3032 931 3095 etiam
942 3030 1116 3108 doctrina,
1129 3049 1235 3112 quam
1247 3032 1348 3113 pueri
1361 3031 1592 3112 docebantur,

362 3158 405 3203 eo
420 3140 565 3204 uberior
580 3138 788 3219 capiebatur
809 3138 963 3217 fructuS,
987 3138 1082 3218 quod
1097 3139 1146 3202 illi
1166 3139 1260 3203 domi
1280 3156 1366 3203 suae
1387 3140 1476 3204 alios
1491 3140 1594 3203 doce·

362 3256 452 3324 rent,
469 3247 529 3327 qui
544 3246 589 3310 ad
604 3262 684 3309 eam
698 3245 912 3309 audiendam
933 3245 1117 3309 commode
1137 3246 1308 3310 accedere
1330 3264 1401 3310 non
1416 3255 1594 3328 poterant;

362 3355 473 3417 multa
488 3353 546 3416 vel
561 3352 643 3415 dolo
662 3360 783 3432 parta,
800 3354 857 3417 vel
879 3371 942 3434 per
964 3351 1130 3432 injuriam
1156 3352 1306 3417 aliorum
1328 3362 1482 3432 retenta,
1498 3353 1595 3417 veris

363 3460 515 3525 dominis
530 3459 828 3540 rependebantur.

422 3566 512 3631 2623.
557 3566 731 3646 Quamvis
741 3576 859 3629 autem
871 3566 972 3630 initio
986 3585 1056 3630 non
1069 3567 1184 3630 caruit
1195 3567 1513 3633 obtrectationibus
1527 3568 1594 3633 fre·

363 3677 506 3759 quentia
515 3674 785 3752 communionis;
795 3673 960 3738 effectum
969 3684 1089 3738 tamen
1098 3684 1152 3738 est
1163 3674 1284 3739 divina
1297 3694 1363 3757 ope
1375 3676 1595 3757 nequidma·

361 3786 418 3864 gis
432 3784 568 3847 illustre
582 3790 643 3845 aut
659 3781 854 3862 proficuum
870 3782 1048 3845 universis
1063 3781 1255 3861 videretur,
1271 3800 1378 3862 quam
1394 3785 1424 3847 si
1444 3799 1592 3848 numero

360 3892 502 3973 piorum
516 3890 699 3954 bominum
713 3889 781 3952 hoc
796 3896 1061 3952 sacramentum
1072 3887 1374 3969 frequentantium
1386 3906 1482 3955 nova
1493 3889 1595 3954 fieret

362 3998 534 4077 accessio;
547 4004 582 4061 et
594 4014 636 4059 ea
648 3996 684 4059 in
696 4012 735 4059 re
748 3996 944 4059 monachos
956 3995 1090 4059 ordinis
1102 3993 1162 4059 Sl*
1179 3995 1357 4060 Dominici
1369 4006 1474 4077 atque
1485 3996 1597 4061 Fran·

360 4104 576 4182 ciscinostri
591 4102 772 4183 adjutores
787 4113 822 4166 et
836 4118 1034 4183 praecones
1053 4120 1173 4167 rerum
1191 4100 1381 4169 Societatis
1404 4105 1594 4169 habebant.

421 4211 513 4276 2624.
556 4209 768 4274 Sacerdotes
788 4210 907 4288 etiam,
929 4209 1142 4290 quicumque
1158 4207 1361 4274 Placentiae
1375 4210 1538 4276 doctrina
1560 4220 1595 4276 et

362 4320 458 4383 vitae
473 4317 650 4397 probitate
669 4316 826 4380 celebres
841 4325 957 4388 erant.
978 4326 1100 4396 aperte
1119 4333 1140 4379 a
1161 4317 1264 4380 nobis
1280 4319 1437 4399 stabant,
1459 4336 1502 4383 ac
1517 4335 1595 4383 sese

361 4444 427 4507 pro
442 4424 575 4489 nostris
590 4422 758 4501 invidiae,
774 4424 804 4487 si
818 4422 936 4487 undae
951 4424 1177 4504 pullularent,
1195 4425 1421 4507 opponebant
1438 4435 1459 4488 ¹.

402 4666 412 4700 ¹
439 4666 562 4711 Litterae
572 4666 803 4720 Quaarrmesrres,
812 4673 832 4711 t.
842 4678 879 4720 ιν,
889 4676 950 4721 pag.
967 4665 1015 4721 267,
1032 4676 1063 4709 ex
1073 4666 1165 4720 qulbus
1173 4668 1238 4713 haec
1247 4669 1401 4724 depromptu
1411 4672 1482 4721 sunt,
1490 4667 1526 4711 sic
1537 4677 1593 4711 rem
