3642 5350
769 430 832 492 Au.
854 430 926 492 1556
1404 429 1460 490 825
1493 522 1496 526 7

229 578 387 659 periculo
416 576 590 660 intrepide
614 577 844 660 contempsit;
869 596 962 661 quae
983 580 1092 645 animi
1115 577 1324 660 magnitudo
1348 578 1458 642 etiam

231 686 327 767 apud
344 685 441 767 ipsos
457 684 673 768 japonenses
687 702 856 768 magnam
871 686 922 752 illi
940 686 1141 753 sanctitatis
1159 685 1458 752 existimationem

232 794 448 859 conciliavit.

281 898 383 965 3533.
427 900 506 983 Quo
520 908 679 983 tempore
689 900 755 967 fuit
769 901 886 984 Bungi
897 903 935 967 P.
947 902 1118 969 Melchior
1128 900 1288 983 Nuguez,
1301 900 1402 965 multi
1412 917 1459 965 ex

232 1009 441 1090 proceribus
454 1008 557 1089 regni
571 1016 695 1074 contra
714 1006 850 1091 Regem
871 998 1235 1092 arma'susceperant,
1256 1017 1291 1073 et
1310 1026 1353 1074 eo
1367 1006 1456 1073 occi·

233 1132 285 1197 so,
308 1116 417 1182 alium
434 1115 570 1197 Regem
590 1134 715 1182 creare
733 1118 1002 1200 constituerant,
1018 1127 1053 1182 et
1066 1117 1103 1184 id
1123 1133 1294 1198 magnum
1314 1108 1458 1198 impedi·

231 1232 389 1289 mentum
419 1224 606 1305 evangelio
634 1226 839 1305 praestabat
868 1224 888 1287 ¹.
920 1225 1114 1291 Christiani
1142 1224 1370 1289 nihilominus
1397 1232 1458 1287 aut

231 1340 327 1397 certe
341 1332 435 1397 bona
448 1348 571 1397 eorum
585 1349 670 1415 pars
685 1341 719 1397 et
731 1332 906 1398 sacrificia
918 1332 1109 1399 Missarum
1118 1341 1154 1398 et
1166 1332 1267 1397 verbi
1278 1330 1346 1396 Dei
1358 1348 1458 1412 prae·

229 1438 443 1506 dicationem
462 1439 744 1522 frequentabant,
767 1449 803 1505 et
822 1441 931 1522 aliqui
949 1441 1058 1505 etiam
1076 1439 1122 1505 ad
1140 1439 1272 1506 Christi
1289 1438 1394 1504 iidem
1415 1453 1458 1502 eo

230 1558 386 1629 tempore
401 1558 640 1628 accesserunt,
656 1550 767 1615 multo
780 1550 900 1630 plures
913 1547 1039 1628 futuri,
1055 1548 1086 1613 si
1101 1546 1293 1613 seditiones
1311 1555 1347 1611 et
1365 1545 1458 1611 bella

232 1672 293 1720 eos
306 1672 377 1720 non
392 1656 646 1720 retardassent.
1143 1652 1148 1659 ’

290 1760 382 1827 3534.
425 1760 560 1827 Partim
585 1779 671 1844 ergo
696 1762 791 1843 quod
815 1779 965 1844 regnum
989 1762 1075 1827 iliu'd
1098 1762 1305 1827 tumultibus
1324 1760 1460 1824 bellicis

232 1868 404 1951 fervebat,
432 1869 563 1953 partim
591 1872 686 1953 quod
713 1870 884 1935 continua·
909 1870 997 1935 febri
1025 1869 1064 1936 P.
1091 1870 1274 1950 Melchior,
1290 1865 1460 1951 quamdiu

232 1976 348 2058 Bungi
361 1978 437 2058 fuit,
452 1978 650 2058 laborabat,
666 1977 821 2043 fructum
841 1978 1011 2059 exiguum
1030 1996 1117 2043 suae
1138 1976 1360 2060 praesentiae
1381 1975 1460 2041 lore

232 2086 450 2165 existimans,
472 2086 508 2150 in
525 2084 661 2151 Indiam
680 2086 796 2151 redire
817 2093 852 2151 et
876 2085 1111 2152 Provincialis
1132 2102 1257 2151 curam
1278 2100 1458 2163 exercere,

234 2194 311 2274 (nec
327 2194 422 2259 enim
435 2192 551 2258 adhuc
566 2193 624 2257 ille
639 2194 732 2259 scire
746 2202 886 2275 poterat
900 2210 1146 2259 successorem
1157 2211 1200 2258 eo
1210 2192 1248 2257 in
1263 2190 1377 2257 officio
1392 2190 1461 2256 sibi

233 2300 379 2381 datum),
395 2300 587 2365 constituit.

291 2406 382 2471 3535.
426 2407 579 2490 Magnus
592 2408 712 2491 itaque
725 2410 783 2474 ille
798 2418 992 2492 apparatus
1006 2418 1042 2474 et
1055 2409 1188 2487 servor,
1200 2426 1282 2491 quo,
1298 2426 1363 2473 sua
1378 2407 1460 2473 Pro·

232 2514 350 2581 vincia
364 2515 504 2595 relicta,
520 2516 557 2581 in
570 2515 744 2600 Japonem
757 2517 880 2583 venire
894 2517 1023 2596 voluit,
1043 2516 1149 2582 facile
1167 2535 1212 2582 ex
1230 2515 1366 2581 itineris
1386 2515 1461 2579 diu·

233 2622 401 2689 turnitate
421 2621 480 2706 [et]
501 2624 631 2705 exiguo
652 2641 821 2693 successu
835 2626 948 2708 ipsius
958 2625 1178 2690 adventusin
1191 2625 1376 2710 Japonem,
1388 2638 1461 2688 non

235 2749 256 2795 a
271 2729 392 2795 divino
406 2731 532 2813 spiritu
543 2732 652 2797 fuisse
663 2732 856 2814 proiectus,
868 2733 932 2798 sed
943 2752 965 2798 a
975 2733 1121 2815 propria
1134 2734 1313 2797 voluntate
1324 2740 1361 2796 et
1372 2728 1461 2811 J'udi·

235 2837 302 2918 cio,
322 2838 404 2903 licet
419 2839 524 2917 bono,
544 2838 658 2904 videri
672 2850 795 2922 posset
809 2840 831 2906 '.

293 2944 385 3012 3536.
428 2945 582 3028 Reliquit
597 2957 715 3013 autem
729 2947 766 3012 P.
784 2948 952 3013 Vilielam
965 2958 1000 3014 et
1014 2950 1105 3013 duos
1116 2947 1205 3013 alios
1218 2947 1359 3027 fratres,
1371 2954 1410 3010 ut
1424 2947 1462 3011 in

231 3053 339 3118 -vinea
350 3051 537 3136 japonensi
551 3056 748 3120 excolenda
761 3056 850 3122 alios
861 3056 1042 3138 J'uvarent3
1057 3057 1157 3121 etita
1175 3064 1256 3120 octo
1270 3073 1315 3120 ex
1329 3053 1462 3119 nostris

234 3161 406 3244 operariis
420 3159 456 3225 in
470 3178 513 3226 ea
528 3161 674 3243 regione
688 3179 767 3228 esse
782 3172 987 3245 coeperunt.
1011 3163 1091 3246 Ipse
1109 3178 1197 3228 vero
1217 3161 1256 3228 Ρ.
1277 3160 1460 3241 Melchior,

231 3270 312 3335 licet
327 3269 535 3335 saevissime
549 3271 704 3353 quinque
719 3269 856 3336 dierum
869 3279 1078 3354 tempestate
1090 3270 1257 3352 jactatus
1273 3270 1311 3335 in
1324 3268 1461 3334 Indiam

232 3377 419 3443 incolumis
433 3379 605 3459 pervenit.

291 3486 383 3552 3537.
427 3485 511 3551 Post
525 3486 739 3567 legationem
758 3486 938 3569 Pro-regis
956 3486 1077 3553 Indiae
1095 3487 1173 3552 Rex
1186 3486 1303 3568 Bungi
1316 3485 1463 3550 dederat
1554 3554 1556 3557 ,

233 3593 365 3660 nostris
379 3593 552 3676 quasdam
566 3601 651 3659 suas
665 3595 789 3659 domos
804 3613 849 3660 ex
863 3595 970 3676 lignis
981 3596 1078 3660 cedri
1092 3594 1290 3676 coniectae,
1307 3610 1399 3676 quae
1412 3593 1461 3658 in·

234 3713 288 3768 ter
298 3702 509 3784 praecipuas
519 3700 596 3784 ejus
607 3702 703 3767 urbis
715 3711 826 3783 erant,
838 3703 943 3768 simul
953 3720 1034 3767 cum
1045 3702 1222 3783 vectigale
1233 3718 1352 3767 annuo
1362 3702 1461 3783 quln-

234 3810 406 3892 quaginta
420 3809 640 3889 ducatorum,
657 3810 738 3874 licet
753 3827 824 3875 non
839 3809 970 3891 optime
985 3809 1020 3874 id
1041 3810 1245 3875 solvebatur
1266 3827 1289 3874 a
1309 3807 1462 3892 quodam

233 3917 353 3997 nobili,
370 3917 428 3982 cui
441 3917 520 3981 Rex
533 3915 569 3980 id
583 3915 796 3997 iniunxerat.
813 3916 934 3982 Nostri
952 3924 1072 3982 autem
1085 3917 1137 3982 sic
1158 3935 1196 3982 se
1210 3916 1407 3997 habebant,
1423 3924 1462 3981 ut

233 4025 352 4090 oblata
367 4025 604 4105 admitterent,
621 4024 709 4089 nihil
723 4033 842 4090 tamen
857 4025 1054 4106 exigerent.

272 4195 281 4228 ¹
308 4194 455 4241 Voluerunt
465 4195 567 4252 quidem
576 4195 722 4250 perduelles
738 4193 835 4250 Regem
853 4195 937 4250 Buugl
954 4196 1081 4246 occidere.
1093 4202 1119 4241 et
1130 4197 1210 4242 ellum
1220 4196 1290 4240 iilius
1300 4197 1356 4240 ioco
1366 4194 1462 4240 cousti-

231 4273 312 4321 tnere;
329 4273 358 4312 et
371 4268 436 4312 victl
451 4268 618 4323 superatique
633 4267 744 4312 luerunt.
760 4265 827 4312 Vide
844 4267 921 4321 inira,
935 4279 957 4311 n
972 4267 1151 4312 sata-“tinne
1168 4278 1273 4312 cursum
1286 4277 1345 4311 cum
1361 4271 1464 4311 teneret

230 4339 374 4385 christiana
383 4349 427 4384 ree
434 4339 526 4394 Rubri,
536 4345 642 4395 repente
652 4338 744 4395 gruis
754 4345 794 4384 est
808 4347 901 4385 coortu
910 4339 1012 4385 seditio.
1023 4339 1148 4385 Deiecere
1160 4351 1177 4384 ι
1187 4339 1258 4395 Rege
1269 4338 1388 4395 prlmurii
1403 4349 1464 4383 uou-

229 4411 291 4456 nulll
301 4412 362 4455 utel
374 4412 526 4456 molirentur
536 4410 652 4462 exitium.
661 4417 687 4455 et
697 4411 776 4456 alium
786 4411 811 4455 io
822 4411 888 4456 solio
897 4412 1082 4457 collocarent...
1098 4411 1255 4466 Compositis
1272 4410 1363 4455 deiude
1375 4411 1461 4462 rebus,

232 4491 257 4529 et
267 4494 332 4539 pace
342 4483 441 4538 Regem
456 4483 523 4528 inter
533 4493 565 4527 ec
580 4483 726 4538 perduelles
741 4483 950 4537 conciliamus
961 4483 1097 4529 Ecclesiae
1111 4483 1273 4528 ioecuuditee
1283 4483 1403 4537 rediit...„
1412 4480 1462 4527 Οι-

232 4555 346 4607 uauomi,
358 4555 374 4600 i.
385 4567 417 4608 c..
425 4555 468 4600 lib.
480 4565 533 4610 xvr,
545 4565 569 4598 u.
584 4553 619 4600 85.

273 4626 286 4659 ⁸
311 4625 358 4671 iis.
367 4625 485 4679 uranus
494 4626 586 4680 ltaque
596 4626 643 4671 lile
653 4631 806 4681 apparatus
815 4629 841 4670 ei
849 4627 970 4680 fervor...
985 4637 1038 4671 non
1053 4639 1070 4671 a
1086 4629 1178 4673 divim
1187 4626 1388 4684 spiritufuim
1394 4631 1456 4683 pro·

232 4698 342 4754 sectum,
350 4697 399 4742 sed
408 4709 425 4742 a
432 4698 545 4754 propria
555 4697 721 4744 voluntale...
728 4696 881 4753 profectum
892 4697 932 4743 iri
939 4698 1030 4744 videri
1040 4705 1128 4754 pom.
