3642 5350
806 426 870 485 Au.
893 426 963 486 1556
1460 430 1516 489 445

282 575 419 636 curiam
434 572 661 653 Imperatoris
676 572 892 652 mittebatur,
908 572 955 637 ad
970 572 1066 636 illam
1081 588 1153 635 non
1168 574 1343 653 pervenit;
1354 573 1418 638 sed
1429 591 1511 638 cum

282 678 407 743 itinere
422 678 571 743 duorum
586 680 724 743 dierum
737 677 895 757 distaret,
909 679 1017 743 aliam
1030 678 1127 744 viam
1141 679 1246 743 simul
1261 696 1342 744 cum
1357 680 1434 761 ipso
1448 681 1512 746 Le-

281 796 367 865 gato
382 788 565 866 ingressus
580 795 649 863 est,
670 797 709 851 ut
729 784 878 849 Romam
898 786 1047 865 rediret;
1069 796 1104 849 et
1122 786 1219 850 misit
1240 786 1286 851 ad
1307 787 1346 850 P.
1369 786 1512 853 Petrum

281 891 565 974 Ribadeneyram
582 891 618 956 Ρ.
635 893 765 973 Ignatii
776 891 983 973 jussionem,
1000 894 1094 975 quod
1108 894 1279 958 attinebat
1299 894 1345 957 ad
1365 894 1512 959 Provin-

282 1000 407 1064 cialem
431 1000 643 1081 eligendum.
670 997 740 1064 Sed
765 1000 848 1079 quia
873 1000 1006 1081 placuit
1029 1000 1174 1065 divinae
1202 1001 1447 1080 providentiae
1474 1014 1511 1066 et

281 1104 319 1169 P.
336 1107 567 1185 Bernardum,
584 1107 643 1188 qui
659 1107 866 1187 designatus
880 1116 957 1170 erat
971 1106 1217 1185 Prouincialis,
1229 1108 1273 1171 ab
1289 1106 1357 1171 hac
1371 1109 1446 1173 vita
1461 1109 1508 1174 ad

282 1215 473 1295 meliorem,
491 1224 528 1277 ut
541 1230 739 1293 speramus
753 1230 917 1293 evocare,
933 1230 976 1277 ea
991 1213 1191 1293 designatio
1206 1214 1369 1279 effectum
1383 1216 1510 1280 sortita

280 1338 352 1385 non
368 1331 421 1385 est
437 1321 457 1386 ¹.
882 1336 884 1343 ·
1428 1388 1433 1398 ,

343 1428 429 1493 1907.
473 1428 663 1511 Negotium
681 1428 914 1493 extractionis
933 1428 1101 1493 frumenti
1118 1439 1154 1493 et
1173 1429 1350 1493 Abbatiae
1368 1428 1509 1494 Rocha·

278 1536 435 1601 madoris
454 1533 466 1568 ¹
486 1534 523 1599 P.
550 1535 799 1617 Ribadeneyra
821 1533 972 1616 adjuvit;
994 1536 1159 1617 quamvis
1177 1555 1249 1600 non
1270 1537 1443 1601 successit
1462 1554 1509 1602 ex

278 1644 452 1707 sententia
473 1643 568 1723 quod
590 1644 633 1707 de
653 1642 808 1707 Abbatia
827 1643 1032 1723 petebatur,
1054 1660 1136 1707 cum
1154 1643 1190 1707 in
1209 1643 1268 1706 illo
1290 1643 1390 1707 initio
1405 1644 1510 1724 regni

276 1746 354 1815 Rex
368 1749 551 1830 Philippus
566 1750 685 1813 multis
699 1748 894 1829 gratificari
909 1749 1064 1829 deberet,
1081 1750 1139 1813 vel
1154 1749 1246 1831 quod
1262 1750 1508 1815 ministrorum

276 1858 437 1934 mutatio,
454 1873 495 1919 ac
511 1857 721 1937 praesertim
735 1854 1034 1934 Secretariorum,
1050 1855 1146 1919 sacta
1161 1855 1293 1935 fuerat3
1309 1856 1408 1921 etita
1423 1857 1507 1921 fide·

275 1964 319 2027 lis
334 1963 469 2027 amicus
484 1962 682 2041 Societatis,
701 1964 874 2028 Dominus
891 1962 1043 2027 Alexius
1061 1964 1235 2041 Fontana,
1253 1964 1298 2027 ab
1312 1982 1355 2027 eo
1371 1964 1505 2045 labore,

276 2087 379 2150 quem
396 2070 460 2133 sub
475 2070 603 2134 Carolo
618 2070 653 2133 V
668 2070 843 2149 subierat,
858 2070 948 2133 liber
963 2071 1107 2134 relictus
1122 2080 1194 2148 est3
1216 2079 1251 2133 et
1271 2081 1441 2149 tanquam
1462 2071 1506 2135 de

275 2174 344 2241 Dei
358 2194 464 2240 manu
478 2178 548 2241 hoc
562 2177 729 2259 suscepit,
743 2188 777 2241 et
793 2177 838 2241 ad
853 2179 1005 2241 salutem
1018 2179 1158 2242 animae
1174 2195 1259 2242 suae
1274 2178 1390 2258 magis
1401 2194 1506 2258 expe·

275 2282 350 2348 dire
366 2285 515 2348 censuit.

337 2389 425 2453 1908.
468 2389 661 2455 Decretum
677 2400 808 2469 autem,
821 2391 916 2471 quod
929 2390 1064 2456 factum
1080 2400 1133 2454 est
1147 2391 1191 2455 de
1205 2392 1319 2471 prima
1335 2390 1503 2473 Abbatia,

273 2514 364 2579 quae
379 2498 502 2561 similis
517 2508 610 2562 esset
625 2499 728 2562 alteri
739 2496 813 2578 jam
829 2499 948 2561 unitae
962 2497 1122 2576 Collegio
1142 2497 1415 2578 Panormitano,
1429 2498 1504 2579 jam

273 2604 426 2669 diximus
440 2604 452 2637 ⁸
468 2605 629 2686 Pro-regi
644 2604 774 2688 Joanni
789 2607 831 2669 de
846 2606 951 2686 Vega
968 2606 1110 2670 minime
1126 2606 1315 2686 placuisse.

335 2712 424 2776 1909.
466 2713 551 2793 Egit
566 2714 675 2778 etiarn
689 2714 784 2778 idem
798 2713 837 2777 P.
853 2713 1103 2795 Ribadencyra
1123 2713 1166 2777 de
1186 2713 1365 2776 sexcentis
1384 2714 1503 2777 aureis

272 2820 380 2883 annui
394 2821 540 2899 reditus,
554 2837 643 2900 quos
658 2819 885 2901 neapolitana
896 2821 1025 2885 civitas
1039 2820 1084 2883 ab
1099 2819 1315 2901 Imperatore
1326 2818 1456 2884 Carolo
1467 2820 1504 2886 V

168 3003 171 3010 ι
271 2927 516 3006 postulaverat
531 2929 569 2991 in
582 2943 685 2991 usum
696 2925 845 3017 Collegji
856 2927 982 3006 nostri;
995 2939 1030 2991 et
1040 2927 1134 2990 idem
1149 2926 1344 3006 Imperator
1359 2944 1398 2989 se
1412 2928 1505 2991 velle

270 3031 307 3096 id
331 3031 450 3096 facere
475 3032 757 3113 significaverat,
778 3035 861 3114 qaia
886 3043 1006 3097 tamen
1030 3033 1218 3113 promissio
1243 3050 1314 3096 non
1335 3051 1377 3097 eo
1397 3033 1503 3097 modo

269 3137 365 3202 facta
380 3139 507 3214 iuerat,
521 3149 559 3203 ut
570 3140 824 3221 Imperatorem
839 3141 1025 3220 obligaret,
1038 3139 1136 3219 exigi
1149 3148 1188 3203 ut
1202 3140 1415 3219 promissum
1431 3157 1503 3205 non

269 3255 420 3326 poterat.
437 3245 475 3310 Si
491 3257 662 3311 autemut
684 3265 779 3311 nova
799 3247 917 3326 gratia
936 3247 995 3312 vel
1015 3246 1200 3310 concessio
1219 3255 1414 3326 peteretur,
1430 3265 1504 3311 non

268 3368 347 3416 esse
362 3353 458 3416 illam
473 3353 732 3434 impetrandam
746 3353 875 3418 merito
890 3353 1092 3428 timebatur;
1106 3362 1141 3416 et
1153 3353 1319 3434 quamvis
1332 3354 1427 3434 quod
1441 3371 1502 3436 po·

267 3458 334 3522 tuit
348 3460 384 3523 in
398 3477 442 3524 ea
456 3469 557 3540 parte
572 3462 750 3540 praestitit
765 3459 803 3523 P.
820 3459 1082 3542 Ribadeneyra,
1098 3477 1172 3524 non
1191 3469 1244 3524 est
1265 3469 1385 3524 tamen
1405 3460 1501 3541 quod

268 3567 410 3646 petebat
430 3577 679 3647 consequutus.

332 3671 420 3737 1910.
463 3673 613 3754 Accepit
644 3673 738 3738 idem
765 3673 870 3737 Pater
899 3673 1160 3741 declarationes
1188 3672 1502 3750 constitutionum

266 3779 330 3846 sed
350 3781 575 3846 considerata
597 3797 717 3845 rerum
737 3798 780 3844 ac
800 3797 1036 3861 personarum
1058 3778 1133 3859 ejus
1154 3779 1365 3845 Provinciae
1385 3777 1500 3860 dispo·

266 3887 405 3966 sitione,
422 3887 662 3969 despondebat
678 3888 846 3966 animum,
864 3889 959 3968 quod
974 3888 1112 3953 admitti
1125 3897 1159 3951 et
1171 3887 1370 3965 observari,
1383 3894 1422 3948 ut
1433 3901 1501 3976 par

266 4005 358 4070 erat,
381 3995 427 4059 ibi
452 4003 612 4076 possent,
633 4013 677 4060 ac
697 3994 908 4075 praesertim
929 3995 1092 4060 Lov'anii.
1119 3994 1210 4074 Quia
1229 4010 1317 4078 vero
1337 3992 1380 4056 de
1401 3992 1501 4056 indu-

266 4101 378 4166 cenda
395 4096 571 4166 Societate
587 4102 623 4166 in
638 4101 807 4182 Angliam
827 4101 1001 4166 sollicitus
1022 4100 1136 4164 fuerat
1152 4099 1257 4180 Pater
1273 4099 1448 4180 ignatius,
1464 4107 1501 4188 et

264 4224 388 4272 curam
404 4209 497 4273 hanc
514 4209 714 4276 occasionis
728 4208 960 4288 inquirendae
971 4207 1010 4272 P.
1022 4207 1294 4288 Ribadeneyrae
1309 4206 1500 4270 demanda·

262 4327 379 4394 vernt,
409 4334 545 4381 memor
571 4316 713 4398 quidem
738 4325 831 4396 erat;
854 4315 917 4380 sed
937 4333 1019 4380 cum
1037 4315 1076 4379 P.
1104 4314 1308 4380 Bernardus
1337 4313 1501 4392 obiisset,

263 4453 462 4468 ——u—-w—-o

305 4519 314 4552 ¹
334 4511 408 4566 'vide
419 4533 508 4578 supra,
518 4533 543 4566 n.
554 4523 588 4576 52,
599 4523 675 4578 baal,
684 4521 719 4577 00,
729 4522 757 4566 86
766 4523 861 4568 etloca
871 4521 907 4568 lbl
917 4521 1064 4576 designata.

304 4591 327 4626 ⁸·
344 4591 411 4638 Vide
421 4605 508 4651 supra,
519 4605 543 4638 11.
556 4593 617 4649 1879,
627 4601 654 4638 et
665 4595 742 4649 inira,
752 4605 777 4638 11.
790 4593 851 4638 1923.

302 4663 314 4698 ⁸
342 4663 434 4721 Supra,
445 4675 470 4711 11.
484 4665 543 4724 1350.
