3642 5350
802 435 866 494 Art.
888 433 958 494 1556
1240 463 1246 478 ν
1436 437 1490 495 647
1514 487 1517 494 l

263 581 417 663 quodam
428 581 615 665 privilegio
626 589 830 646 nostrarum
841 579 1332 662 litterarumApostolicarum
1345 581 1487 662 utendo,

263 690 394 770 partim
408 689 714 755 confirmationem
738 707 759 752 a
779 688 948 753 tribunali
967 687 1265 753 Poenitentiariae
1285 689 1487 770 obtinendo,

263 794 463 878 huiusmodi
476 796 702 862 fundationes
722 795 850 861 confici
860 805 1043 877 poterant,
1064 797 1230 876 quamvis
1249 795 1287 859 Ρ.
1303 794 1422 861 Natali
1437 797 1488 872 vi·

263 903 413 970 debatur
425 903 564 971 difficile
578 903 780 986 hujusmodi
793 905 944 992 uniones
959 904 1006 969 ad
1020 903 1160 987 praxim
1175 903 1312 971 deduci.

320 1010 414 1076 2781.
457 1010 546 1076 Cum
570 1011 781 1092 Scatonam,
808 1011 867 1076 ubi
891 1011 1103 1091 aegrotabat
1128 1009 1289 1076 Marchio
1314 1010 1488 1092 Villenae,

262 1129 433 1184 evocatus
447 1119 572 1185 fuisset
585 1121 623 1186 P.
640 1120 854 1185 Franciscus
869 1119 1064 1198 Placentia,
1077 1119 1237 1201 Oropesa
1252 1119 1435 1199 transivit,
1452 1128 1490 1184 ut

262 1226 434 1292 Comitem
450 1238 485 1292 et
507 1227 582 1309 eJ'us
601 1228 748 1293 fratrem
766 1228 811 1291 D.
832 1227 1066 1292 Franciscum
1090 1225 1134 1290 de
1149 1226 1282 1291 Tuledo
1303 1243 1426 1292 secum
1447 1245 1490 1291 eo

260 1333 451 1400 deduceret
467 1333 494 1415 ¹3
523 1336 618 1417 apud
640 1353 730 1417 quos
753 1334 859 1400 biduo
881 1342 1123 1399 commoratus
1144 1342 1216 1413 est,
1237 1343 1272 1397 et
1290 1351 1372 1399 cum
1387 1333 1491 1399 simul

261 1440 454 1508 Scalonam
465 1454 667 1524 pergerent,
683 1442 848 1525 quamvis
862 1442 898 1505 in
914 1441 975 1506 via
989 1442 1032 1506 de
1047 1450 1161 1506 morte
1181 1441 1398 1505 Marchionis
1418 1458 1490 1505 cer·

261 1550 370 1614 tiores
383 1549 471 1615 facti
485 1560 616 1631 essent,
638 1551 684 1614 ad
706 1549 989 1614 consolationem
1008 1560 1127 1613 tamen
1149 1545 1431 1612 Marchionissae
1456 1560 1491 1612 et

261 1655 412 1722 filiorum
426 1656 502 1738 ejus
516 1676 558 1722 eo
573 1665 824 1738 pervenerunt.
841 1655 915 1720 Nec
934 1655 1067 1720 frustra
1083 1654 1119 1718 id
1134 1655 1298 1719 effectum
1315 1667 1367 1719 est
1381 1672 1389 1735 ;
1412 1673 1489 1720 exe·

261 1773 364 1830 cutor
378 1766 473 1830 enim
488 1765 633 1830 relictus
646 1774 724 1829 erat
743 1763 946 1828 testamenti
969 1762 1008 1826 P.
1024 1763 1254 1841 Franciscus,
1278 1770 1312 1826 et
1327 1763 1408 1827 licet
1423 1762 1491 1826 hoc

260 1890 390 1938 munus
404 1889 478 1937 non
492 1872 693 1952 admiserit,
709 1872 829 1953 aliqua
843 1879 975 1950 tamen,
989 1888 1081 1952 quae
1092 1869 1138 1934 ad
1150 1869 1306 1935 animam
1317 1870 1488 1934 Marchio·

259 1981 317 2045 nis
330 1980 564 2062 pertinebant,
580 1978 790 2061 exequenda
805 1977 957 2043 curavit.
974 1977 1020 2042 Et
1040 1986 1157 2042 actum
1172 1988 1226 2041 est
1241 1977 1332 2040 inter
1347 1987 1490 2043 caetera

258 2088 304 2152 de
318 2086 476 2167 Collegio
491 2086 747 2166 Belmontensi,
763 2083 865 2166 cuius
878 2085 1040 2149 meminit
1053 2084 1213 2150 Marchio
1229 2092 1311 2148 ante
1327 2095 1487 2164 mortem,

258 2204 294 2261 et
307 2195 345 2259 in
358 2204 570 2259 testamento
586 2204 624 2258 ut
638 2195 848 2275 erigeretur,
864 2192 1061 2258 constituit.
1115 2209 1116 2212 ’

317 2301 408 2366 2782.
451 2302 611 2382 Urgebat
625 2302 733 2366 etiam
748 2300 877 2366 Comes
891 2299 1073 2381 Oropesae
1087 2310 1126 2365 ut
1141 2301 1177 2364 in
1193 2300 1251 2364 illo
1271 2317 1336 2364 suo
1358 2300 1488 2381 oppido

258 2411 354 2475 aliud
382 2410 648 2475 admitteretur:
672 2419 862 2491 utrumque
887 2418 1004 2473 autem
1030 2408 1198 2489 temporis
1224 2425 1392 2474 successu
1423 2407 1488 2472 luit

259 2517 466 2597 admissum,
482 2525 521 2582 ut
535 2535 601 2582 suo
614 2517 693 2582 loco
705 2517 854 2582 dicetur.

317 2624 408 2691 2783.
452 2624 666 2691 Admonitus
679 2624 745 2690 fuit
760 2642 781 2690 a
797 2623 835 2689 P.
848 2622 987 2707 ignatio
999 2625 1036 2691 P.
1052 2623 1266 2689 Franciscus
1277 2641 1349 2689 non
1360 2624 1486 2689 decere

259 2732 473 2799 Societatem
491 2734 636 2813 negotia
651 2733 822 2798 unionum
835 2732 971 2799 Romae
985 2751 1131 2813 curare,
1148 2751 1193 2797 ne
1214 2750 1394 2814 persuum
1413 2734 1486 2814 qui·

259 2842 340 2907 dem
353 2842 624 2907 Procuratorem
639 2842 675 2905 in
689 2841 789 2906 curia
803 2840 1034 2921 residentem,
1050 2850 1084 2905 et
1104 2842 1154 2905 ita
1169 2841 1304 2921 recepit
1323 2839 1361 2903 P.
1377 2840 1486 2905 Fran·

259 2951 387 3028 ciscus,
413 2968 452 3015 se
475 2967 538 3015 eos
559 2949 837 3030 admoniturum,
860 2950 921 3032 qui
940 2950 1089 3030 collegia
1105 2948 1255 3013 fundare
1278 2949 1425 3029 vellent,
1447 2959 1487 3013 ut

259 3058 333 3123 suis
347 3059 513 3139 expensis
527 3067 562 3122 et
581 3074 645 3138 per
664 3074 749 3121 suos
767 3069 1021 3139 procuratores
1040 3056 1242 3138 hujusmodi
1260 3056 1409 3120 uniones
1428 3073 1486 3120 cu·

260 3176 392 3231 rarent.

318 3274 409 3339 2784.
451 3274 506 3339 Ex
519 3274 664 3339 civitate
679 3274 839 3339 Truxillo
859 3273 927 3337 duo
943 3274 1012 3338 viri
1034 3293 1079 3339 ex
1100 3274 1347 3350 nobilioribus,
1370 3276 1430 3356 qui
1451 3284 1486 3338 et

257 3393 417 3449 rectores
435 3393 538 3447 erant
557 3381 621 3461 (sic
635 3392 769 3447 vocant
787 3381 990 3460 senatores)
1006 3381 1043 3445 P.
1061 3382 1294 3447 Franciscum
1309 3382 1484 3463 adierunt,

257 3502 292 3556 et
306 3492 479 3556 instanter
493 3499 532 3555 ut
547 3490 690 3555 domum
705 3490 822 3554 suain
842 3489 989 3554 civitate
1005 3490 1223 3569 admitteret,
1247 3491 1483 3571 postularunt,

258 3607 293 3663 et
307 3600 345 3663 in
358 3598 492 3679 optimo
507 3598 578 3662 situ
593 3598 752 3662 civitatis
766 3598 813 3662 ad
827 3598 970 3677 collegii
984 3598 1241 3662 institutionem
1255 3598 1315 3662 illa
1330 3609 1422 3678 erat,
1440 3598 1485 3662 ad

257 3705 359 3789 cujus
372 3706 668 3771 sustentationem
679 3706 816 3786 prolixe
828 3706 939 3769 multa
951 3706 1224 3786 pollicebantur;
1240 3707 1302 3769 sed
1317 3708 1485 3771 honestas

258 3815 303 3879 ob
318 3831 448 3879 causas
461 3831 529 3879 nec
542 3814 611 3877 hoc
625 3813 831 3894 collegium,
847 3831 914 3877 nec
935 3812 1031 3877 aliud
1044 3812 1087 3877 de
1104 3830 1173 3894 quo
1193 3814 1322 3893 agebat
1341 3814 1485 3895 Episco-

257 3938 324 4002 pus
339 3920 518 4002 Oscensis,
534 3920 578 3985 de
592 3931 920 4001 caesaraugustana
935 3918 1136 4002 [Societate]
1153 3920 1284 4001 optime
1299 3922 1444 3985 meritus
1459 3920 1482 3997 ',

257 4028 414 4093 admissa
428 4042 521 4093 sunt.

314 4136 405 4202 2785.
450 4136 489 4201 ln
503 4138 648 4202 civitate
661 4136 864 4219 Paraguay,
881 4156 972 4219 quae
988 4147 1041 4202 est
1056 4156 1127 4203 non
1140 4140 1266 4219 procul
1284 4156 1304 4201 a
1320 4137 1482 4216 Brasilia,

256 4262 368 4328 prope
381 4245 523 4325 flumen,
540 4244 635 4327 quod
649 4246 693 4308 de
715 4245 881 4321 la,Plata
901 4255 1051 4324 vocant,
1068 4247 1207 4326 aliquos
1223 4264 1267 4309 ex
1289 4245 1420 4309 nostris
1439 4247 1485 4310 ad

257 4353 445 4434 collegium
458 4353 713 4418 instituendum
726 4352 866 4435 hispani
877 4354 1116 4435 postulabant;
1132 4363 1167 4417 et
1182 4354 1346 4434 quamvis
1357 4354 1481 4433 nostri,

296 4560 306 4593 ί
333 4558 401 4603 Vide
411 4570 499 4614 snpra,
509 4559 535 4604 ia
545 4560 593 4603 hoc
603 4560 660 4614 lpao
670 4559 810 4613 volumina,
821 4571 845 4603 n.
856 4558 918 4613 2710,
930 4568 955 4604 ct
967 4562 1024 4604 loca
1034 4560 1069 4605 ibi
1080 4560 1192 4615 signata.

295 4630 308 4663 ¹
333 4630 660 4686 romanarumque
674 4630 830 4685 superfluum
845 4638 885 4675 eat
901 4632 1040 4687 quidquam
1056 4632 1151 4677 addere
1168 4632 1221 4687 llis,
1237 4644 1302 4689 quae
1318 4634 1482 4688 supradicta

255 4712 323 4759 sunt,
333 4714 391 4747 cum
401 4704 433 4747 de
443 4702 692 4758 caesaraugustanis
701 4704 778 4747 rebus
789 4710 920 4757 ageretur.
