<?xml version="1.0" encoding="UTF-8"?>
<!DOCTYPE html PUBLIC "-//W3C//DTD XHTML 1.0 Transitional//EN"
    "http://www.w3.org/TR/xhtml1/DTD/xhtml1-transitional.dtd">
<html xmlns="http://www.w3.org/1999/xhtml" xml:lang="en" lang="en">
 <head>
  <title>
</title>
<meta http-equiv="Content-Type" content="text/html;charset=utf-8" />
  <meta name='ocr-system' content='tesseract 3.04.00' />
  <meta name='ocr-capabilities' content='ocr_page ocr_carea ocr_par ocr_line ocrx_word'/>
</head>
<body>
  <div class='ocr_page' id='page_1' title='image "./vitaignatiiloio00polagoog_0325.png"; bbox 0 0 3642 5350; ppageno 0'>
   <div class='ocr_carea' id='block_1_1' title="bbox 768 362 1575 485">
    <p class='ocr_par' dir='ltr' id='par_1_1' title="bbox 768 362 1575 485">
     <span class='ocr_line' id='line_1_1' title="bbox 768 362 1575 485; baseline -0.004 0"><span class='ocrx_word' id='word_1_1' title='bbox 768 418 833 485; x_wconf 79' lang='lat' dir='ltr'><strong>Aa.</strong></span> <span class='ocrx_word' id='word_1_2' title='bbox 855 418 944 483; x_wconf 78' lang='lat'>1556·</span> <span class='ocrx_word' id='word_1_3' title='bbox 1407 406 1461 483; x_wconf 80' lang='lat'><strong>317</strong></span> <span class='ocrx_word' id='word_1_4' title='bbox 1568 362 1575 375; x_wconf 37' lang='grc' dir='ltr'>Ι</span> 
     </span>
    </p>
   </div>
   <div class='ocr_carea' id='block_1_2' title="bbox 231 562 1460 971">
    <p class='ocr_par' dir='ltr' id='par_1_2' title="bbox 231 562 1460 863">
     <span class='ocr_line' id='line_1_2' title="bbox 233 562 1460 649; baseline -0.002 -15"><span class='ocrx_word' id='word_1_5' title='bbox 233 564 432 648; x_wconf 81' lang='lat' dir='ltr'><strong>diffuderat,</strong></span> <span class='ocrx_word' id='word_1_6' title='bbox 448 576 488 633; x_wconf 90' lang='lat' dir='ltr'><strong>ut</strong></span> <span class='ocrx_word' id='word_1_7' title='bbox 502 562 642 646; x_wconf 87' lang='lat' dir='ltr'><strong>Hacha,</strong></span> <span class='ocrx_word' id='word_1_8' title='bbox 657 584 748 649; x_wconf 89' lang='lat' dir='ltr'><strong>quae</strong></span> <span class='ocrx_word' id='word_1_9' title='bbox 763 567 855 633; x_wconf 91' lang='lat' dir='ltr'><strong>inter</strong></span> <span class='ocrx_word' id='word_1_10' title='bbox 873 565 1084 648; x_wconf 87' lang='lat' dir='ltr'><strong>praecipuas</strong></span> <span class='ocrx_word' id='word_1_11' title='bbox 1096 577 1315 648; x_wconf 88' lang='lat' dir='ltr'><strong>numeratur,</strong></span> <span class='ocrx_word' id='word_1_12' title='bbox 1331 568 1375 632; x_wconf 91' lang='lat' dir='ltr'><strong>de</strong></span> <span class='ocrx_word' id='word_1_13' title='bbox 1388 567 1460 632; x_wconf 84' lang='lat' dir='ltr'><strong>alio</strong></span> 
     </span>
     <span class='ocr_line' id='line_1_3' title="bbox 232 674 1460 757; baseline -0.001 -16"><span class='ocrx_word' id='word_1_14' title='bbox 232 676 393 757; x_wconf 80' lang='lat' dir='ltr'><strong>Collegio</strong></span> <span class='ocrx_word' id='word_1_15' title='bbox 407 674 580 743; x_wconf 86' lang='lat' dir='ltr'><strong>Societati</strong></span> <span class='ocrx_word' id='word_1_16' title='bbox 593 674 762 755; x_wconf 77' lang='lat' dir='ltr'><strong>erigendo</strong></span> <span class='ocrx_word' id='word_1_17' title='bbox 782 674 969 755; x_wconf 79' lang='lat' dir='ltr'>cogitaret,</span> <span class='ocrx_word' id='word_1_18' title='bbox 985 681 1019 738; x_wconf 93' lang='lat' dir='ltr'><strong>et</strong></span> <span class='ocrx_word' id='word_1_19' title='bbox 1038 674 1182 756; x_wconf 88' lang='lat' dir='ltr'><strong>saepius</strong></span> <span class='ocrx_word' id='word_1_20' title='bbox 1197 692 1242 741; x_wconf 84' lang='lat' dir='ltr'><strong>ea</strong></span> <span class='ocrx_word' id='word_1_21' title='bbox 1255 675 1300 739; x_wconf 86' lang='lat' dir='ltr'><strong>de</strong></span> <span class='ocrx_word' id='word_1_22' title='bbox 1318 692 1357 741; x_wconf 93' lang='lat' dir='ltr'><strong>re</strong></span> <span class='ocrx_word' id='word_1_23' title='bbox 1379 692 1460 740; x_wconf 90' lang='lat' dir='ltr'><strong>cum</strong></span> 
     </span>
     <span class='ocr_line' id='line_1_4' title="bbox 231 782 538 863; baseline -0.007 -16"><span class='ocrx_word' id='word_1_24' title='bbox 231 784 364 848; x_wconf 90' lang='lat' dir='ltr'><strong>nostris</strong></span> <span class='ocrx_word' id='word_1_25' title='bbox 378 792 502 863; x_wconf 79' lang='lat' dir='ltr'><strong>ageret</strong></span> <span class='ocrx_word' id='word_1_26' title='bbox 516 782 538 845; x_wconf 87' lang='lat'><strong>¹.</strong></span> 
     </span>
    </p>

    <p class='ocr_par' dir='ltr' id='par_1_3' title="bbox 292 888 889 971">
     <span class='ocr_line' id='line_1_5' title="bbox 292 888 889 971; baseline -0.005 -16"><span class='ocrx_word' id='word_1_27' title='bbox 292 888 337 955; x_wconf 87' lang='lat' dir='ltr'><strong>Et</strong></span> <span class='ocrx_word' id='word_1_28' title='bbox 351 890 441 955; x_wconf 91' lang='lat' dir='ltr'><strong>haec</strong></span> <span class='ocrx_word' id='word_1_29' title='bbox 456 890 500 955; x_wconf 92' lang='lat' dir='ltr'><strong>de</strong></span> <span class='ocrx_word' id='word_1_30' title='bbox 514 888 674 971; x_wconf 75' lang='lat' dir='ltr'><strong>collegio</strong></span> <span class='ocrx_word' id='word_1_31' title='bbox 688 889 889 957; x_wconf 88' lang='lat' dir='ltr'><strong>Bibonensi.</strong></span> 
     </span>
    </p>
   </div>
   <div class='ocr_carea' id='block_1_3' title="bbox 543 1342 1148 1411">
    <p class='ocr_par' dir='ltr' id='par_1_4' title="bbox 543 1342 1148 1411">
     <span class='ocr_line' id='line_1_6' title="bbox 543 1342 1148 1411; baseline 0 -1"><span class='ocrx_word' id='word_1_32' title='bbox 543 1345 607 1411; x_wconf 91' lang='lat' dir='ltr'><strong>DE</strong></span> <span class='ocrx_word' id='word_1_33' title='bbox 628 1342 931 1410; x_wconf 89' lang='lat' dir='ltr'>PROVINCIALI</span> <span class='ocrx_word' id='word_1_34' title='bbox 950 1342 1148 1411; x_wconf 85' lang='lat' dir='ltr'>SICILIAE</span> 
     </span>
    </p>
   </div>
   <div class='ocr_carea' id='block_1_4' title="bbox 482 1616 1207 1707">
    <p class='ocr_par' dir='ltr' id='par_1_5' title="bbox 482 1616 1207 1707">
     <span class='ocr_line' id='line_1_7' title="bbox 482 1616 1207 1707; baseline 0.001 -26"><span class='ocrx_word' id='word_1_35' title='bbox 482 1634 533 1681; x_wconf 81' lang='lat' dir='ltr'><strong>AC</strong></span> <span class='ocrx_word' id='word_1_36' title='bbox 564 1636 692 1682; x_wconf 74' lang='lat' dir='ltr'><strong>lultlo</strong></span> <span class='ocrx_word' id='word_1_37' title='bbox 724 1635 919 1707; x_wconf 65' lang='lat' dir='ltr'><strong>eoLLEGJl</strong></span> <span class='ocrx_word' id='word_1_38' title='bbox 950 1616 1207 1683; x_wconf 76' lang='lat' dir='ltr'>CATANB‘NSIS</span> 
     </span>
    </p>
   </div>
   <div class='ocr_carea' id='block_1_5' title="bbox 228 1964 1460 3560">
    <p class='ocr_par' dir='ltr' id='par_1_6' title="bbox 230 1964 1460 2477">
     <span class='ocr_line' id='line_1_8' title="bbox 293 1964 1456 2048; baseline 0.002 -18"><span class='ocrx_word' id='word_1_39' title='bbox 293 1964 382 2031; x_wconf 84' lang='lat'><strong>1295.</strong></span> <span class='ocrx_word' id='word_1_40' title='bbox 424 1965 462 2032; x_wconf 88' lang='grc' dir='ltr'><strong>Ρ.</strong></span> <span class='ocrx_word' id='word_1_41' title='bbox 496 1965 736 2048; x_wconf 86' lang='lat' dir='ltr'><strong>Hieronymus</strong></span> <span class='ocrx_word' id='word_1_42' title='bbox 768 1965 997 2046; x_wconf 88' lang='lat' dir='ltr'><strong>Domenech‚</strong></span> <span class='ocrx_word' id='word_1_43' title='bbox 1031 1966 1267 2032; x_wconf 78' lang='lat' dir='ltr'><strong>Prouincialis</strong></span> <span class='ocrx_word' id='word_1_44' title='bbox 1300 1965 1456 2047; x_wconf 88' lang='lat' dir='ltr'><strong>Siciliae,</strong></span> 
     </span>
     <span class='ocr_line' id='line_1_9' title="bbox 230 2072 1457 2156; baseline -0.002 -16"><span class='ocrx_word' id='word_1_45' title='bbox 230 2082 370 2156; x_wconf 90' lang='lat' dir='ltr'><strong>praeter</strong></span> <span class='ocrx_word' id='word_1_46' title='bbox 385 2074 728 2140; x_wconf 84' lang='lat' dir='ltr'><strong>administrationem</strong></span> <span class='ocrx_word' id='word_1_47' title='bbox 747 2072 976 2155; x_wconf 86' lang='lat' dir='ltr'>Provinciae,</span> <span class='ocrx_word' id='word_1_48' title='bbox 997 2075 1216 2139; x_wconf 78' lang='lat' dir='ltr'><strong>stabiliendis</strong></span> <span class='ocrx_word' id='word_1_49' title='bbox 1239 2075 1400 2155; x_wconf 81' lang='lat' dir='ltr'><strong>collegiis</strong></span> <span class='ocrx_word' id='word_1_50' title='bbox 1421 2082 1457 2139; x_wconf 89' lang='lat' dir='ltr'><strong>et</strong></span> 
     </span>
     <span class='ocr_line' id='line_1_10' title="bbox 231 2181 1460 2264; baseline -0.001 -18"><span class='ocrx_word' id='word_1_51' title='bbox 231 2181 309 2246; x_wconf 91' lang='lat' dir='ltr'><strong>aliis</strong></span> <span class='ocrx_word' id='word_1_52' title='bbox 323 2182 465 2264; x_wconf 89' lang='lat' dir='ltr'><strong>pietatis</strong></span> <span class='ocrx_word' id='word_1_53' title='bbox 479 2182 644 2262; x_wconf 88' lang='lat' dir='ltr'><strong>operibus</strong></span> <span class='ocrx_word' id='word_1_54' title='bbox 658 2181 822 2245; x_wconf 88' lang='lat' dir='ltr'><strong>vacabat:</strong></span> <span class='ocrx_word' id='word_1_55' title='bbox 839 2190 874 2245; x_wconf 93' lang='lat' dir='ltr'><strong>et</strong></span> <span class='ocrx_word' id='word_1_56' title='bbox 889 2198 971 2245; x_wconf 90' lang='lat' dir='ltr'><strong>curn</strong></span> <span class='ocrx_word' id='word_1_57' title='bbox 984 2182 1132 2245; x_wconf 90' lang='lat' dir='ltr'><strong>multum</strong></span> <span class='ocrx_word' id='word_1_58' title='bbox 1142 2183 1281 2262; x_wconf 84' lang='lat' dir='ltr'><strong>gratiae</strong></span> <span class='ocrx_word' id='word_1_59' title='bbox 1292 2190 1327 2246; x_wconf 90' lang='lat' dir='ltr'><strong>et</strong></span> <span class='ocrx_word' id='word_1_60' title='bbox 1340 2191 1460 2247; x_wconf 83' lang='lat' dir='ltr'><strong>aucto·</strong></span> 
     </span>
     <span class='ocr_line' id='line_1_11' title="bbox 230 2286 1457 2371; baseline 0 -18"><span class='ocrx_word' id='word_1_61' title='bbox 230 2288 345 2355; x_wconf 82' lang='lat' dir='ltr'><strong>ritatIs</strong></span> <span class='ocrx_word' id='word_1_62' title='bbox 360 2289 455 2371; x_wconf 90' lang='lat' dir='ltr'><strong>apud</strong></span> <span class='ocrx_word' id='word_1_63' title='bbox 468 2286 675 2369; x_wconf 87' lang='lat' dir='ltr'><strong>Pro-regem</strong></span> <span class='ocrx_word' id='word_1_64' title='bbox 689 2298 723 2352; x_wconf 90' lang='lat' dir='ltr'><strong>et</strong></span> <span class='ocrx_word' id='word_1_65' title='bbox 737 2287 812 2368; x_wconf 89' lang='lat' dir='ltr'><strong>ejus</strong></span> <span class='ocrx_word' id='word_1_66' title='bbox 822 2287 964 2369; x_wconf 75' lang='lat' dir='ltr'><strong>liberoS,</strong></span> <span class='ocrx_word' id='word_1_67' title='bbox 977 2289 1086 2353; x_wconf 89' lang='lat' dir='ltr'><strong>immo</strong></span> <span class='ocrx_word' id='word_1_68' title='bbox 1098 2288 1192 2370; x_wconf 87' lang='lat' dir='ltr'><strong>apud</strong></span> <span class='ocrx_word' id='word_1_69' title='bbox 1204 2306 1342 2368; x_wconf 78' lang='lat' dir='ltr'><strong>amaea,</strong></span> <span class='ocrx_word' id='word_1_70' title='bbox 1353 2290 1457 2353; x_wconf 82' lang='lat' dir='ltr'><strong>babe-</strong></span> 
     </span>
     <span class='ocr_line' id='line_1_12' title="bbox 230 2396 1274 2477; baseline 0 -16"><span class='ocrx_word' id='word_1_71' title='bbox 230 2404 295 2477; x_wconf 90' lang='lat' dir='ltr'><strong>ret,</strong></span> <span class='ocrx_word' id='word_1_72' title='bbox 311 2414 382 2461; x_wconf 92' lang='lat' dir='ltr'><strong>non</strong></span> <span class='ocrx_word' id='word_1_73' title='bbox 396 2414 522 2477; x_wconf 90' lang='lat' dir='ltr'><strong>parum</strong></span> <span class='ocrx_word' id='word_1_74' title='bbox 536 2396 572 2461; x_wconf 92' lang='lat' dir='ltr'><strong>in</strong></span> <span class='ocrx_word' id='word_1_75' title='bbox 587 2397 745 2477; x_wconf 90' lang='lat' dir='ltr'><strong>utrisque</strong></span> <span class='ocrx_word' id='word_1_76' title='bbox 759 2396 912 2477; x_wconf 82' lang='lat' dir='ltr'><strong>negotiis</strong></span> <span class='ocrx_word' id='word_1_77' title='bbox 926 2406 1111 2477; x_wconf 86' lang='lat' dir='ltr'><strong>praestare</strong></span> <span class='ocrx_word' id='word_1_78' title='bbox 1125 2406 1274 2477; x_wconf 91' lang='lat' dir='ltr'><strong>poterat.</strong></span> 
     </span>
    </p>

    <p class='ocr_par' dir='ltr' id='par_1_7' title="bbox 229 2502 1459 3214">
     <span class='ocr_line' id='line_1_13' title="bbox 292 2502 1458 2585; baseline 0.001 -18"><span class='ocrx_word' id='word_1_79' title='bbox 292 2503 380 2567; x_wconf 86' lang='lat'>1296.</span> <span class='ocrx_word' id='word_1_80' title='bbox 422 2502 471 2569; x_wconf 94' lang='lat' dir='ltr'><strong>Ut</strong></span> <span class='ocrx_word' id='word_1_81' title='bbox 494 2512 612 2569; x_wconf 90' lang='lat' dir='ltr'><strong>autem</strong></span> <span class='ocrx_word' id='word_1_82' title='bbox 636 2502 864 2569; x_wconf 87' lang='lat' dir='ltr'><strong>Messanense</strong></span> <span class='ocrx_word' id='word_1_83' title='bbox 887 2502 1084 2584; x_wconf 82' lang='lat' dir='ltr'><strong>Collegium</strong></span> <span class='ocrx_word' id='word_1_84' title='bbox 1108 2514 1311 2584; x_wconf 83' lang='lat' dir='ltr'><strong>augeretur,</strong></span> <span class='ocrx_word' id='word_1_85' title='bbox 1337 2520 1458 2585; x_wconf 90' lang='lat' dir='ltr'><strong>quam·</strong></span> 
     </span>
     <span class='ocr_line' id='line_1_14' title="bbox 229 2608 1456 2693; baseline -0.002 -15"><span class='ocrx_word' id='word_1_86' title='bbox 229 2611 311 2678; x_wconf 88' lang='lat' dir='ltr'><strong>dam</strong></span> <span class='ocrx_word' id='word_1_87' title='bbox 326 2610 528 2691; x_wconf 88' lang='lat' dir='ltr'><strong>Abbatiam,</strong></span> <span class='ocrx_word' id='word_1_88' title='bbox 544 2627 650 2693; x_wconf 88' lang='lat' dir='ltr'><strong>quam</strong></span> <span class='ocrx_word' id='word_1_89' title='bbox 670 2608 925 2673; x_wconf 81' lang='lat' dir='ltr'><strong>Rochamador</strong></span> <span class='ocrx_word' id='word_1_90' title='bbox 943 2610 1136 2690; x_wconf 89' lang='lat' dir='ltr'><strong>vocabant,</strong></span> <span class='ocrx_word' id='word_1_91' title='bbox 1157 2620 1456 2693; x_wconf 85' lang='lat' dir='ltr'><strong>peropportunam</strong></span> 
     </span>
     <span class='ocr_line' id='line_1_15' title="bbox 230 2717 1455 2802; baseline 0 -18"><span class='ocrx_word' id='word_1_92' title='bbox 230 2719 306 2785; x_wconf 86' lang='lat' dir='ltr'><strong>lore</strong></span> <span class='ocrx_word' id='word_1_93' title='bbox 322 2720 512 2785; x_wconf 84' lang='lat' dir='ltr'><strong>admodum</strong></span> <span class='ocrx_word' id='word_1_94' title='bbox 527 2718 767 2796; x_wconf 86' lang='lat' dir='ltr'><strong>existimabat;</strong></span> <span class='ocrx_word' id='word_1_95' title='bbox 784 2729 819 2782; x_wconf 89' lang='lat' dir='ltr'><strong>cr</strong></span> <span class='ocrx_word' id='word_1_96' title='bbox 834 2735 916 2783; x_wconf 91' lang='lat' dir='ltr'><strong>cum</strong></span> <span class='ocrx_word' id='word_1_97' title='bbox 929 2735 1009 2783; x_wconf 88' lang='lat' dir='ltr'><strong>eam</strong></span> <span class='ocrx_word' id='word_1_98' title='bbox 1024 2717 1185 2800; x_wconf 79' lang='lat' dir='ltr'><strong>Pro-regi</strong></span> <span class='ocrx_word' id='word_1_99' title='bbox 1199 2720 1455 2802; x_wconf 87' lang='lat' dir='ltr'><strong>proposuisset,</strong></span> 
     </span>
     <span class='ocr_line' id='line_1_16' title="bbox 230 2823 1459 2908; baseline -0.001 -16"><span class='ocrx_word' id='word_1_100' title='bbox 230 2823 449 2893; x_wconf 84' lang='lat' dir='ltr'><strong>tantumdem</strong></span> <span class='ocrx_word' id='word_1_101' title='bbox 468 2826 536 2908; x_wconf 91' lang='lat' dir='ltr'><strong>ipsi</strong></span> <span class='ocrx_word' id='word_1_102' title='bbox 554 2826 672 2890; x_wconf 88' lang='lat' dir='ltr'><strong>visum</strong></span> <span class='ocrx_word' id='word_1_103' title='bbox 690 2835 756 2904; x_wconf 90' lang='lat' dir='ltr'><strong>est,</strong></span> <span class='ocrx_word' id='word_1_104' title='bbox 778 2834 813 2889; x_wconf 91' lang='lat' dir='ltr'><strong>et</strong></span> <span class='ocrx_word' id='word_1_105' title='bbox 831 2826 972 2890; x_wconf 84' lang='lat' dir='ltr'><strong>curavit</strong></span> <span class='ocrx_word' id='word_1_106' title='bbox 990 2836 1029 2890; x_wconf 93' lang='lat' dir='ltr'><strong>ut</strong></span> <span class='ocrx_word' id='word_1_107' title='bbox 1053 2826 1184 2891; x_wconf 87' lang='lat' dir='ltr'><strong>Abbati</strong></span> <span class='ocrx_word' id='word_1_108' title='bbox 1196 2825 1269 2907; x_wconf 84' lang='lat' dir='ltr'><strong>jnrn</strong></span> <span class='ocrx_word' id='word_1_109' title='bbox 1290 2827 1377 2906; x_wconf 89' lang='lat' dir='ltr'><strong>seni,</strong></span> <span class='ocrx_word' id='word_1_110' title='bbox 1400 2825 1459 2891; x_wconf 91' lang='lat' dir='ltr'><strong>cui</strong></span> 
     </span>
     <span class='ocr_line' id='line_1_17' title="bbox 230 2931 1457 3014; baseline 0.001 -16"><span class='ocrx_word' id='word_1_111' title='bbox 230 2933 313 3000; x_wconf 86' lang='lat' dir='ltr'><strong>data</strong></span> <span class='ocrx_word' id='word_1_112' title='bbox 327 2935 363 2999; x_wconf 90' lang='lat' dir='ltr'><strong>in</strong></span> <span class='ocrx_word' id='word_1_113' title='bbox 384 2932 629 2999; x_wconf 89' lang='lat' dir='ltr'><strong>commendam</strong></span> <span class='ocrx_word' id='word_1_114' title='bbox 645 2931 720 3014; x_wconf 84' lang='lat' dir='ltr'><strong>jam</strong></span> <span class='ocrx_word' id='word_1_115' title='bbox 738 2933 871 3013; x_wconf 89' lang='lat' dir='ltr'><strong>luerat,</strong></span> <span class='ocrx_word' id='word_1_116' title='bbox 891 2933 1165 3014; x_wconf 87' lang='lat' dir='ltr'><strong>persuaderetur</strong></span> <span class='ocrx_word' id='word_1_117' title='bbox 1186 2942 1224 2998; x_wconf 89' lang='lat' dir='ltr'><strong>ut</strong></span> <span class='ocrx_word' id='word_1_118' title='bbox 1244 2933 1281 2997; x_wconf 91' lang='lat' dir='ltr'><strong>in</strong></span> <span class='ocrx_word' id='word_1_119' title='bbox 1296 2932 1457 2999; x_wconf 80' lang='lat' dir='ltr'><strong>savorem</strong></span> 
     </span>
     <span class='ocr_line' id='line_1_18' title="bbox 230 3039 1457 3123; baseline -0.001 -17"><span class='ocrx_word' id='word_1_120' title='bbox 230 3042 376 3122; x_wconf 78' lang='lat' dir='ltr'><strong>collegii</strong></span> <span class='ocrx_word' id='word_1_121' title='bbox 399 3059 479 3107; x_wconf 91' lang='lat' dir='ltr'><strong>eam</strong></span> <span class='ocrx_word' id='word_1_122' title='bbox 503 3041 719 3120; x_wconf 56' lang='lat' dir='ltr'><strong>resignarem</strong></span> <span class='ocrx_word' id='word_1_123' title='bbox 742 3039 913 3105; x_wconf 89' lang='lat' dir='ltr'><strong>reditibus</strong></span> <span class='ocrx_word' id='word_1_124' title='bbox 933 3039 1085 3119; x_wconf 87' lang='lat' dir='ltr'><strong>interim,</strong></span> <span class='ocrx_word' id='word_1_125' title='bbox 1111 3040 1279 3122; x_wconf 91' lang='lat' dir='ltr'><strong>quamdiu</strong></span> <span class='ocrx_word' id='word_1_126' title='bbox 1305 3042 1457 3123; x_wconf 85' lang='lat' dir='ltr'><strong>viveret,</strong></span> 
     </span>
     <span class='ocr_line' id='line_1_19' title="bbox 230 3148 438 3214; baseline 0.01 -2"><span class='ocrx_word' id='word_1_127' title='bbox 230 3148 401 3214; x_wconf 81' lang='lat' dir='ltr'><strong>fruiturus</strong></span> <span class='ocrx_word' id='word_1_128' title='bbox 416 3158 438 3214; x_wconf 77' lang='grc'><strong>’.</strong></span> 
     </span>
    </p>

    <p class='ocr_par' dir='ltr' id='par_1_8' title="bbox 228 3255 1459 3560">
     <span class='ocr_line' id='line_1_20' title="bbox 290 3255 1459 3338; baseline 0.001 -18"><span class='ocrx_word' id='word_1_129' title='bbox 290 3256 378 3321; x_wconf 88' lang='grc'>1297.</span> <span class='ocrx_word' id='word_1_130' title='bbox 420 3257 523 3322; x_wconf 90' lang='lat' dir='ltr'><strong>Hanc</strong></span> <span class='ocrx_word' id='word_1_131' title='bbox 535 3255 727 3322; x_wconf 81' lang='lat' dir='ltr'><strong>abbatiam</strong></span> <span class='ocrx_word' id='word_1_132' title='bbox 741 3255 937 3337; x_wconf 85' lang='lat' dir='ltr'><strong>Imperator</strong></span> <span class='ocrx_word' id='word_1_133' title='bbox 949 3255 1099 3322; x_wconf 87' lang='lat' dir='ltr'><strong>Carolus</strong></span> <span class='ocrx_word' id='word_1_134' title='bbox 1114 3257 1325 3338; x_wconf 87' lang='lat' dir='ltr'><strong>promiserat</strong></span> <span class='ocrx_word' id='word_1_135' title='bbox 1341 3257 1459 3338; x_wconf 88' lang='lat' dir='ltr'><strong>hospi·</strong></span> 
     </span>
     <span class='ocr_line' id='line_1_21' title="bbox 228 3362 1454 3444; baseline -0.001 -16"><span class='ocrx_word' id='word_1_136' title='bbox 228 3364 290 3428; x_wconf 92' lang='lat' dir='ltr'><strong>tali</strong></span> <span class='ocrx_word' id='word_1_137' title='bbox 304 3362 534 3443; x_wconf 85' lang='lat' dir='ltr'><strong>Messanensi,</strong></span> <span class='ocrx_word' id='word_1_138' title='bbox 550 3363 614 3428; x_wconf 90' lang='lat' dir='ltr'><strong>sed</strong></span> <span class='ocrx_word' id='word_1_139' title='bbox 628 3363 711 3444; x_wconf 90' lang='lat' dir='ltr'><strong>quia</strong></span> <span class='ocrx_word' id='word_1_140' title='bbox 725 3363 834 3427; x_wconf 88' lang='lat' dir='ltr'><strong>aliam</strong></span> <span class='ocrx_word' id='word_1_141' title='bbox 848 3362 1001 3427; x_wconf 81' lang='lat' dir='ltr'><strong>habebat</strong></span> <span class='ocrx_word' id='word_1_142' title='bbox 1019 3364 1172 3444; x_wconf 86' lang='lat' dir='ltr'><strong>unitam,</strong></span> <span class='ocrx_word' id='word_1_143' title='bbox 1188 3374 1239 3443; x_wconf 91' lang='lat' dir='ltr'><strong>et,</strong></span> <span class='ocrx_word' id='word_1_144' title='bbox 1256 3364 1454 3429; x_wconf 87' lang='lat' dir='ltr'><strong>Abbatibus</strong></span> 
     </span>
     <span class='ocr_line' id='line_1_22' title="bbox 229 3469 1457 3560; baseline -0.001 -25"><span class='ocrx_word' id='word_1_145' title='bbox 229 3470 438 3560; x_wconf 90' lang='lat' dir='ltr'><strong>quibusdam</strong></span> <span class='ocrx_word' id='word_1_146' title='bbox 452 3469 638 3550; x_wconf 84' lang='lat' dir='ltr'><strong>defunctis,</strong></span> <span class='ocrx_word' id='word_1_147' title='bbox 655 3485 734 3534; x_wconf 90' lang='lat' dir='ltr'><strong>eam</strong></span> <span class='ocrx_word' id='word_1_148' title='bbox 749 3486 821 3533; x_wconf 90' lang='lat' dir='ltr'><strong>non</strong></span> <span class='ocrx_word' id='word_1_149' title='bbox 837 3469 1096 3550; x_wconf 88' lang='lat' dir='ltr'><strong>applicaverat,</strong></span> <span class='ocrx_word' id='word_1_150' title='bbox 1112 3471 1323 3536; x_wconf 87' lang='lat' dir='ltr'><strong>credebatur</strong></span> <span class='ocrx_word' id='word_1_151' title='bbox 1338 3489 1403 3536; x_wconf 89' lang='lat' dir='ltr'><strong>nce</strong></span> <span class='ocrx_word' id='word_1_152' title='bbox 1419 3472 1457 3534; x_wconf 90' lang='lat' dir='ltr'><strong>in</strong></span> 
     </span>
    </p>
   </div>
   <div class='ocr_carea' id='block_1_6' title="bbox 227 3671 1462 4736">
    <p class='ocr_par' dir='ltr' id='par_1_9' title="bbox 230 3671 1458 3804">
     <span class='ocr_line' id='line_1_23' title="bbox 269 3671 1458 3730; baseline 0 -10"><span class='ocrx_word' id='word_1_153' title='bbox 269 3675 277 3709; x_wconf 79' lang='grc' dir='ltr'>Ι</span> <span class='ocrx_word' id='word_1_154' title='bbox 305 3671 352 3720; x_wconf 74' lang='lat' dir='ltr'><strong>ils.</strong></span> <span class='ocrx_word' id='word_1_155' title='bbox 362 3675 547 3730; x_wconf 72' lang='lat' dir='ltr'><strong>agera-vlae</strong></span> <span class='ocrx_word' id='word_1_156' title='bbox 557 3674 678 3720; x_wconf 76' lang='lat' dir='ltr'><strong>Litterae</strong></span> <span class='ocrx_word' id='word_1_157' title='bbox 687 3674 919 3728; x_wconf 78' lang='lat' dir='ltr'><strong>Quadrlmeslres.</strong></span> <span class='ocrx_word' id='word_1_158' title='bbox 928 3681 947 3719; x_wconf 87' lang='lat' dir='ltr'><strong>t.</strong></span> <span class='ocrx_word' id='word_1_159' title='bbox 957 3685 993 3726; x_wconf 76' lang='lat' dir='ltr'><strong>rr,</strong></span> <span class='ocrx_word' id='word_1_160' title='bbox 1004 3685 1064 3730; x_wconf 66' lang='lat' dir='ltr'><strong>pag.</strong></span> <span class='ocrx_word' id='word_1_161' title='bbox 1073 3675 1120 3728; x_wconf 79' lang='lat' dir='ltr'><strong>tel,</strong></span> <span class='ocrx_word' id='word_1_162' title='bbox 1130 3676 1173 3720; x_wconf 87' lang='lat' dir='ltr'><strong>ubl</strong></span> <span class='ocrx_word' id='word_1_163' title='bbox 1184 3675 1231 3721; x_wconf 86' lang='lat' dir='ltr'><strong>boe</strong></span> <span class='ocrx_word' id='word_1_164' title='bbox 1239 3677 1356 3722; x_wconf 81' lang='lat' dir='ltr'><strong>clelretle</strong></span> <span class='ocrx_word' id='word_1_165' title='bbox 1366 3682 1458 3721; x_wconf 81' lang='lat' dir='ltr'><strong>votum</strong></span> 
     </span>
     <span class='ocr_line' id='line_1_24' title="bbox 230 3747 1108 3804; baseline 0.006 -13"><span class='ocrx_word' id='word_1_166' title='bbox 230 3747 375 3792; x_wconf 85' lang='lat' dir='ltr'><strong>luculenter</strong></span> <span class='ocrx_word' id='word_1_167' title='bbox 385 3747 550 3804; x_wconf 82' lang='lat' dir='ltr'><strong>exprimitur.</strong></span> <span class='ocrx_word' id='word_1_168' title='bbox 1105 3790 1108 3796; x_wconf 91' lang='lat'><em>.</em></span> 
     </span>
    </p>

    <p class='ocr_par' dir='ltr' id='par_1_10' title="bbox 229 3815 1457 3946">
     <span class='ocr_line' id='line_1_25' title="bbox 270 3815 1457 3874; baseline -0.001 -10"><span class='ocrx_word' id='word_1_169' title='bbox 270 3816 283 3851; x_wconf 86' lang='lat'><strong>¹</strong></span> <span class='ocrx_word' id='word_1_170' title='bbox 308 3818 409 3874; x_wconf 70' lang='lat' dir='ltr'><strong>aretela</strong></span> <span class='ocrx_word' id='word_1_171' title='bbox 416 3819 472 3874; x_wconf 77' lang='lat' dir='ltr'><strong>lem</strong></span> <span class='ocrx_word' id='word_1_172' title='bbox 481 3820 546 3864; x_wconf 78' lang='lat' dir='ltr'><strong>been</strong></span> <span class='ocrx_word' id='word_1_173' title='bbox 557 3817 686 3862; x_wconf 77' lang='lat' dir='ltr'><strong>Polencue</strong></span> <span class='ocrx_word' id='word_1_174' title='bbox 696 3828 783 3873; x_wconf 75' lang='lat' dir='ltr'><strong>snpra.</strong></span> <span class='ocrx_word' id='word_1_175' title='bbox 795 3829 855 3874; x_wconf 72' lang='lat' dir='ltr'><strong>peg-</strong></span> <span class='ocrx_word' id='word_1_176' title='bbox 865 3817 914 3872; x_wconf 76' lang='grc'><strong>270,</strong></span> <span class='ocrx_word' id='word_1_177' title='bbox 924 3830 949 3863; x_wconf 86' lang='lat' dir='ltr'><strong>n.</strong></span> <span class='ocrx_word' id='word_1_178' title='bbox 966 3815 1135 3864; x_wconf 74' lang='lat' dir='ltr'><strong>tota-Perre</strong></span> <span class='ocrx_word' id='word_1_179' title='bbox 1150 3819 1182 3863; x_wconf 86' lang='lat' dir='ltr'><strong>de</strong></span> <span class='ocrx_word' id='word_1_180' title='bbox 1195 3818 1246 3863; x_wconf 85' lang='lat' dir='ltr'><strong>bne</strong></span> <span class='ocrx_word' id='word_1_181' title='bbox 1263 3819 1376 3864; x_wconf 74' lang='lat' dir='ltr'><strong>Abbetle</strong></span> <span class='ocrx_word' id='word_1_182' title='bbox 1390 3819 1457 3864; x_wconf 79' lang='lat' dir='ltr'><strong>baec</strong></span> 
     </span>
     <span class='ocr_line' id='line_1_26' title="bbox 229 3888 1316 3946; baseline -0.001 -10"><span class='ocrx_word' id='word_1_183' title='bbox 229 3889 308 3936; x_wconf 78' lang='lat' dir='ltr'><strong>hebet</strong></span> <span class='ocrx_word' id='word_1_184' title='bbox 318 3889 448 3935; x_wconf 78' lang='lat' dir='ltr'><strong>Groettm</strong></span> <span class='ocrx_word' id='word_1_185' title='bbox 457 3889 613 3936; x_wconf 79' lang='lat' dir='ltr'><strong>Buoerrotro</strong></span> <span class='ocrx_word' id='word_1_186' title='bbox 624 3889 786 3938; x_wconf 75' lang='lat' dir='ltr'><strong>eCoarerzo.</strong></span> <span class='ocrx_word' id='word_1_187' title='bbox 797 3888 942 3935; x_wconf 75' lang='lat' dir='ltr'><strong>Meeslne...</strong></span> <span class='ocrx_word' id='word_1_188' title='bbox 952 3890 1094 3943; x_wconf 79' lang='lat' dir='ltr'><strong>deecrltta,</strong></span> <span class='ocrx_word' id='word_1_189' title='bbox 1103 3890 1147 3935; x_wconf 86' lang='lat' dir='ltr'><strong>lib.</strong></span> <span class='ocrx_word' id='word_1_190' title='bbox 1160 3902 1176 3935; x_wconf 85' lang='lat' dir='ltr'><strong>r.</strong></span> <span class='ocrx_word' id='word_1_191' title='bbox 1188 3891 1279 3946; x_wconf 60' lang='lat' dir='ltr'><strong>papa,</strong></span> <span class='ocrx_word' id='word_1_192' title='bbox 1290 3893 1316 3935; x_wconf 89' lang='lat' dir='ltr'><strong>b.</strong></span> 
     </span>
    </p>

    <p class='ocr_par' dir='ltr' id='par_1_11' title="bbox 227 3959 1462 4736">
     <span class='ocr_line' id='line_1_27' title="bbox 268 3959 1458 4019; baseline 0.001 -13"><span class='ocrx_word' id='word_1_193' title='bbox 268 3959 330 4006; x_wconf 77' lang='lat' dir='ltr'><strong>“llel</strong></span> <span class='ocrx_word' id='word_1_194' title='bbox 339 3961 425 4016; x_wconf 73' lang='lat' dir='ltr'><strong>beno,</strong></span> <span class='ocrx_word' id='word_1_195' title='bbox 435 3973 516 4018; x_wconf 82' lang='lat' dir='ltr'><strong>pauco</strong></span> <span class='ocrx_word' id='word_1_196' title='bbox 526 3974 604 4018; x_wconf 76' lang='lat' dir='ltr'><strong>sopra</strong></span> <span class='ocrx_word' id='word_1_197' title='bbox 613 3962 658 4007; x_wconf 75' lang='lat' dir='ltr'><strong>ele</strong></span> <span class='ocrx_word' id='word_1_198' title='bbox 666 3962 707 4006; x_wconf 85' lang='lat' dir='ltr'><strong>del</strong></span> <span class='ocrx_word' id='word_1_199' title='bbox 715 3961 820 4014; x_wconf 85' lang='lat' dir='ltr'><strong>Dromo,</strong></span> <span class='ocrx_word' id='word_1_200' title='bbox 831 3963 947 4006; x_wconf 83' lang='lat' dir='ltr'><strong>verrendo</strong></span> <span class='ocrx_word' id='word_1_201' title='bbox 955 3972 1033 4006; x_wconf 80' lang='lat' dir='ltr'><strong>vareo</strong></span> <span class='ocrx_word' id='word_1_202' title='bbox 1041 3961 1161 4015; x_wconf 79' lang='lat' dir='ltr'><strong>llesslne,</strong></span> <span class='ocrx_word' id='word_1_203' title='bbox 1169 3963 1191 4007; x_wconf 82' lang='lat' dir='ltr'><strong>el</strong></span> <span class='ocrx_word' id='word_1_204' title='bbox 1199 3973 1290 4017; x_wconf 66' lang='lat' dir='ltr'><strong>seorge</strong></span> <span class='ocrx_word' id='word_1_205' title='bbox 1298 3964 1340 4009; x_wconf 85' lang='lat' dir='ltr'><strong>nel</strong></span> <span class='ocrx_word' id='word_1_206' title='bbox 1347 3963 1423 4019; x_wconf 83' lang='lat' dir='ltr'><strong>pleno</strong></span> <span class='ocrx_word' id='word_1_207' title='bbox 1431 3961 1458 4007; x_wconf 89' lang='lat' dir='ltr'><strong>dl</strong></span> 
     </span>
     <span class='ocr_line' id='line_1_28' title="bbox 229 4031 1458 4090; baseline 0.001 -12"><span class='ocrx_word' id='word_1_208' title='bbox 229 4031 391 4090; x_wconf 81' lang='lat' dir='ltr'><strong>Trimoeterl,</strong></span> <span class='ocrx_word' id='word_1_209' title='bbox 406 4033 514 4080; x_wconf 82' lang='lat' dir='ltr'><strong>iecondo</strong></span> <span class='ocrx_word' id='word_1_210' title='bbox 528 4046 575 4090; x_wconf 86' lang='lat' dir='ltr'><strong>per</strong></span> <span class='ocrx_word' id='word_1_211' title='bbox 586 4037 603 4080; x_wconf 85' lang='lat' dir='ltr'><strong>l&#39;</strong></span> <span class='ocrx_word' id='word_1_212' title='bbox 617 4034 769 4080; x_wconf 76' lang='lat' dir='ltr'><strong>ebandum</strong></span> <span class='ocrx_word' id='word_1_213' title='bbox 783 4033 808 4077; x_wconf 86' lang='lat' dir='ltr'><strong>dl</strong></span> <span class='ocrx_word' id='word_1_214' title='bbox 822 4032 954 4087; x_wconf 65' lang='lat' dir='ltr'><strong>gagliardi</strong></span> <span class='ocrx_word' id='word_1_215' title='bbox 969 4033 1031 4087; x_wconf 80' lang='lat' dir='ltr'><strong>vlnl,</strong></span> <span class='ocrx_word' id='word_1_216' title='bbox 1046 4033 1063 4078; x_wconf 86' lang='lat' dir='ltr'><strong>l’</strong></span> <span class='ocrx_word' id='word_1_217' title='bbox 1072 4033 1193 4079; x_wconf 79' lang='lat' dir='ltr'><strong>Abbedla</strong></span> <span class='ocrx_word' id='word_1_218' title='bbox 1207 4033 1239 4078; x_wconf 85' lang='lat' dir='ltr'><strong>de</strong></span> <span class='ocrx_word' id='word_1_219' title='bbox 1250 4032 1351 4079; x_wconf 78' lang='lat' dir='ltr'><strong>Moneri</strong></span> <span class='ocrx_word' id='word_1_220' title='bbox 1362 4032 1458 4080; x_wconf 76' lang='lat' dir='ltr'><strong>Clater-</strong></span> 
     </span>
     <span class='ocr_line' id='line_1_29' title="bbox 229 4105 1460 4162; baseline 0.001 -11"><span class='ocrx_word' id='word_1_221' title='bbox 229 4107 306 4152; x_wconf 78' lang='lat' dir='ltr'><strong>tlenel</strong></span> <span class='ocrx_word' id='word_1_222' title='bbox 316 4107 392 4152; x_wconf 83' lang='lat' dir='ltr'><strong>dette</strong></span> <span class='ocrx_word' id='word_1_223' title='bbox 401 4107 427 4152; x_wconf 88' lang='lat' dir='ltr'><strong>dl</strong></span> <span class='ocrx_word' id='word_1_224' title='bbox 437 4106 524 4152; x_wconf 82' lang='lat' dir='ltr'><strong>Recta</strong></span> <span class='ocrx_word' id='word_1_225' title='bbox 535 4109 670 4162; x_wconf 79' lang='lat' dir='ltr'><strong>Amatore,</strong></span> <span class='ocrx_word' id='word_1_226' title='bbox 681 4106 742 4151; x_wconf 87' lang='lat' dir='ltr'><strong>dore</strong></span> <span class='ocrx_word' id='word_1_227' title='bbox 751 4113 778 4150; x_wconf 83' lang='lat' dir='ltr'><strong>et</strong></span> <span class='ocrx_word' id='word_1_228' title='bbox 788 4105 890 4151; x_wconf 82' lang='lat' dir='ltr'><strong>lubrice</strong></span> <span class='ocrx_word' id='word_1_229' title='bbox 900 4106 927 4150; x_wconf 89' lang='lat' dir='ltr'><strong>dl</strong></span> <span class='ocrx_word' id='word_1_230' title='bbox 943 4105 1105 4150; x_wconf 68' lang='lat' dir='ltr'><strong>aureole-eo</strong></span> <span class='ocrx_word' id='word_1_231' title='bbox 1115 4105 1141 4150; x_wconf 93' lang='lat' dir='ltr'><strong>dl</strong></span> <span class='ocrx_word' id='word_1_232' title='bbox 1151 4105 1231 4162; x_wconf 83' lang='lat' dir='ltr'><strong>Luce,</strong></span> <span class='ocrx_word' id='word_1_233' title='bbox 1241 4105 1323 4152; x_wconf 84' lang='lat' dir='ltr'><strong>conte</strong></span> <span class='ocrx_word' id='word_1_234' title='bbox 1333 4107 1359 4152; x_wconf 90' lang='lat' dir='ltr'><strong>dl</strong></span> <span class='ocrx_word' id='word_1_235' title='bbox 1369 4107 1460 4152; x_wconf 84' lang='lat' dir='ltr'><strong>Peter·</strong></span> 
     </span>
     <span class='ocr_line' id='line_1_30' title="bbox 227 4175 1459 4234; baseline 0.002 -12"><span class='ocrx_word' id='word_1_236' title='bbox 227 4178 312 4232; x_wconf 80' lang='lat' dir='ltr'><strong>alone,</strong></span> <span class='ocrx_word' id='word_1_237' title='bbox 321 4184 349 4223; x_wconf 85' lang='lat' dir='ltr'><strong>et</strong></span> <span class='ocrx_word' id='word_1_238' title='bbox 360 4177 385 4224; x_wconf 81' lang='lat' dir='ltr'><strong>nl</strong></span> <span class='ocrx_word' id='word_1_239' title='bbox 395 4177 505 4234; x_wconf 75' lang='lat' dir='ltr'><strong>Becare,</strong></span> <span class='ocrx_word' id='word_1_240' title='bbox 514 4181 537 4223; x_wconf 83' lang='lat' dir='ltr'><strong>el</strong></span> <span class='ocrx_word' id='word_1_241' title='bbox 546 4189 619 4224; x_wconf 78' lang='lat' dir='ltr'><strong>come</strong></span> <span class='ocrx_word' id='word_1_242' title='bbox 629 4178 651 4223; x_wconf 80' lang='lat' dir='ltr'><strong>al</strong></span> <span class='ocrx_word' id='word_1_243' title='bbox 661 4179 738 4232; x_wconf 70' lang='lat' dir='ltr'><strong>leue</strong></span> <span class='ocrx_word' id='word_1_244' title='bbox 745 4177 771 4220; x_wconf 92' lang='lat' dir='ltr'><strong>in</strong></span> <span class='ocrx_word' id='word_1_245' title='bbox 778 4177 820 4221; x_wconf 84' lang='lat' dir='ltr'><strong>nn’</strong></span> <span class='ocrx_word' id='word_1_246' title='bbox 828 4177 916 4222; x_wconf 82' lang='lat' dir='ltr'><strong>entleo</strong></span> <span class='ocrx_word' id='word_1_247' title='bbox 924 4175 1020 4232; x_wconf 68' lang='lat' dir='ltr'><strong>Elogle</strong></span> <span class='ocrx_word' id='word_1_248' title='bbox 1027 4177 1054 4220; x_wconf 92' lang='lat' dir='ltr'><strong>ln</strong></span> <span class='ocrx_word' id='word_1_249' title='bbox 1062 4184 1138 4221; x_wconf 83' lang='lat' dir='ltr'><strong>certe</strong></span> <span class='ocrx_word' id='word_1_250' title='bbox 1144 4188 1249 4232; x_wconf 86' lang='lat' dir='ltr'><strong>pecore,</strong></span> <span class='ocrx_word' id='word_1_251' title='bbox 1257 4184 1414 4223; x_wconf 71' lang='lat' dir='ltr'><strong>conservato</strong></span> <span class='ocrx_word' id='word_1_252' title='bbox 1425 4179 1459 4224; x_wconf 84' lang='lat' dir='ltr'><strong>de</strong></span> 
     </span>
     <span class='ocr_line' id='line_1_31' title="bbox 227 4247 1460 4306; baseline 0 -12"><span class='ocrx_word' id='word_1_253' title='bbox 227 4247 337 4306; x_wconf 82' lang='lat' dir='ltr'><strong>ilonecl,</strong></span> <span class='ocrx_word' id='word_1_254' title='bbox 348 4249 374 4295; x_wconf 87' lang='lat' dir='ltr'><strong>dl</strong></span> <span class='ocrx_word' id='word_1_255' title='bbox 384 4257 475 4306; x_wconf 77' lang='lat' dir='ltr'><strong>questo</strong></span> <span class='ocrx_word' id='word_1_256' title='bbox 485 4249 641 4296; x_wconf 66' lang='lat' dir='ltr'><strong>tenore-:ln</strong></span> <span class='ocrx_word' id='word_1_257' title='bbox 650 4248 811 4294; x_wconf 72' lang='lat' dir='ltr'><strong>Narbonensi</strong></span> <span class='ocrx_word' id='word_1_258' title='bbox 822 4247 925 4293; x_wconf 83' lang='lat' dir='ltr'><strong>Gelllee</strong></span> <span class='ocrx_word' id='word_1_259' title='bbox 933 4247 1047 4303; x_wconf 61' lang='lat' dir='ltr'><strong>Ratione</strong></span> <span class='ocrx_word' id='word_1_260' title='bbox 1057 4247 1132 4293; x_wconf 83' lang='lat' dir='ltr'><strong>cerel</strong></span> <span class='ocrx_word' id='word_1_261' title='bbox 1142 4247 1224 4293; x_wconf 80' lang='lat' dir='ltr'><strong>mlree</strong></span> <span class='ocrx_word' id='word_1_262' title='bbox 1231 4248 1378 4295; x_wconf 74' lang='lat' dir='ltr'><strong>devotionis</strong></span> <span class='ocrx_word' id='word_1_263' title='bbox 1386 4248 1460 4294; x_wconf 76' lang='lat' dir='ltr'><strong>Ten·</strong></span> 
     </span>
     <span class='ocr_line' id='line_1_32' title="bbox 229 4319 1460 4378; baseline 0 -12"><span class='ocrx_word' id='word_1_264' title='bbox 229 4322 300 4378; x_wconf 81' lang='lat' dir='ltr'><strong>plum</strong></span> <span class='ocrx_word' id='word_1_265' title='bbox 316 4321 364 4367; x_wconf 82' lang='lat' dir='ltr'><strong>snb</strong></span> <span class='ocrx_word' id='word_1_266' title='bbox 379 4323 480 4368; x_wconf 84' lang='lat' dir='ltr'><strong>nomine</strong></span> <span class='ocrx_word' id='word_1_267' title='bbox 499 4321 584 4370; x_wconf 75' lang='lat' dir='ltr'><strong>Divae</strong></span> <span class='ocrx_word' id='word_1_268' title='bbox 603 4321 702 4368; x_wconf 74' lang='lat' dir='ltr'><strong>blerlee</strong></span> <span class='ocrx_word' id='word_1_269' title='bbox 721 4320 822 4365; x_wconf 82' lang='lat' dir='ltr'><strong>Roccae</strong></span> <span class='ocrx_word' id='word_1_270' title='bbox 841 4319 991 4374; x_wconf 72' lang='lat' dir='ltr'><strong>Amatorle,</strong></span> <span class='ocrx_word' id='word_1_271' title='bbox 1010 4326 1038 4364; x_wconf 84' lang='lat' dir='ltr'><strong>et</strong></span> <span class='ocrx_word' id='word_1_272' title='bbox 1057 4319 1153 4364; x_wconf 82' lang='lat' dir='ltr'><strong>Ordine</strong></span> <span class='ocrx_word' id='word_1_273' title='bbox 1170 4319 1335 4366; x_wconf 83' lang='lat' dir='ltr'><strong>cletererenel</strong></span> <span class='ocrx_word' id='word_1_274' title='bbox 1355 4322 1460 4366; x_wconf 79' lang='lat' dir='ltr'><strong>vleltur.</strong></span> 
     </span>
     <span class='ocr_line' id='line_1_33' title="bbox 228 4391 1460 4449; baseline 0.002 -13"><span class='ocrx_word' id='word_1_275' title='bbox 228 4391 363 4448; x_wconf 80' lang='lat' dir='ltr'><strong>Templum</strong></span> <span class='ocrx_word' id='word_1_276' title='bbox 376 4395 478 4449; x_wconf 84' lang='lat' dir='ltr'><strong>quidem</strong></span> <span class='ocrx_word' id='word_1_277' title='bbox 494 4405 586 4439; x_wconf 86' lang='lat' dir='ltr'><strong>nomen</strong></span> <span class='ocrx_word' id='word_1_278' title='bbox 599 4394 678 4438; x_wconf 80' lang='lat' dir='ltr'><strong>hebet</strong></span> <span class='ocrx_word' id='word_1_279' title='bbox 688 4403 706 4438; x_wconf 82' lang='lat' dir='ltr'><strong>e</strong></span> <span class='ocrx_word' id='word_1_280' title='bbox 714 4397 858 4449; x_wconf 74' lang='lat' dir='ltr'><strong>praerupte</strong></span> <span class='ocrx_word' id='word_1_281' title='bbox 872 4403 946 4447; x_wconf 84' lang='lat' dir='ltr'><strong>rupe,</strong></span> <span class='ocrx_word' id='word_1_282' title='bbox 957 4391 982 4436; x_wconf 90' lang='lat' dir='ltr'><strong>ln</strong></span> <span class='ocrx_word' id='word_1_283' title='bbox 992 4402 1045 4446; x_wconf 84' lang='lat' dir='ltr'><strong>que</strong></span> <span class='ocrx_word' id='word_1_284' title='bbox 1058 4398 1099 4435; x_wconf 84' lang='lat' dir='ltr'><strong>eet</strong></span> <span class='ocrx_word' id='word_1_285' title='bbox 1111 4392 1233 4447; x_wconf 87' lang='lat' dir='ltr'><strong>poeltuur,</strong></span> <span class='ocrx_word' id='word_1_286' title='bbox 1247 4400 1326 4449; x_wconf 84' lang='lat' dir='ltr'><strong>etque</strong></span> <span class='ocrx_word' id='word_1_287' title='bbox 1337 4404 1353 4437; x_wconf 83' lang='lat' dir='ltr'><strong>e</strong></span> <span class='ocrx_word' id='word_1_288' title='bbox 1363 4391 1460 4439; x_wconf 78' lang='lat' dir='ltr'><strong>Seuero</strong></span> 
     </span>
     <span class='ocr_line' id='line_1_34' title="bbox 229 4463 1460 4522; baseline -0.002 -12"><span class='ocrx_word' id='word_1_289' title='bbox 229 4464 365 4520; x_wconf 74' lang='lat' dir='ltr'><strong>Aurora,</strong></span> <span class='ocrx_word' id='word_1_290' title='bbox 376 4466 420 4522; x_wconf 76' lang='lat' dir='ltr'><strong>qul</strong></span> <span class='ocrx_word' id='word_1_291' title='bbox 428 4473 455 4510; x_wconf 88' lang='lat' dir='ltr'><strong>et</strong></span> <span class='ocrx_word' id='word_1_292' title='bbox 465 4466 581 4522; x_wconf 74' lang='lat' dir='ltr'><strong>ejusden</strong></span> <span class='ocrx_word' id='word_1_293' title='bbox 591 4465 723 4520; x_wconf 76' lang='lat' dir='ltr'><strong>landetur,</strong></span> <span class='ocrx_word' id='word_1_294' title='bbox 733 4469 760 4508; x_wconf 84' lang='lat' dir='ltr'><strong>et</strong></span> <span class='ocrx_word' id='word_1_295' title='bbox 770 4465 887 4509; x_wconf 78' lang='lat' dir='ltr'><strong>locorum</strong></span> <span class='ocrx_word' id='word_1_296' title='bbox 898 4463 977 4518; x_wconf 81' lang='lat' dir='ltr'><strong>Jnxte</strong></span> <span class='ocrx_word' id='word_1_297' title='bbox 990 4463 1140 4518; x_wconf 66' lang='lat' dir='ltr'><strong>puellarum,</strong></span> <span class='ocrx_word' id='word_1_298' title='bbox 1151 4465 1289 4509; x_wconf 77' lang='lat' dir='ltr'><strong>venenatis</strong></span> <span class='ocrx_word' id='word_1_299' title='bbox 1301 4465 1406 4520; x_wconf 70' lang='lat' dir='ltr'><strong>enoenlb.</strong></span> <span class='ocrx_word' id='word_1_300' title='bbox 1416 4475 1460 4509; x_wconf 82' lang='lat' dir='ltr'><strong>ex·</strong></span> 
     </span>
     <span class='ocr_line' id='line_1_35' title="bbox 229 4533 1462 4593; baseline -0.002 -10"><span class='ocrx_word' id='word_1_301' title='bbox 229 4544 359 4592; x_wconf 63' lang='lat' dir='ltr'><strong>putator</strong></span> <span class='ocrx_word' id='word_1_302' title='bbox 373 4537 471 4593; x_wconf 81' lang='lat' dir='ltr'><strong>exrltlt,</strong></span> <span class='ocrx_word' id='word_1_303' title='bbox 485 4537 519 4583; x_wconf 88' lang='lat' dir='ltr'><strong>ed</strong></span> <span class='ocrx_word' id='word_1_304' title='bbox 533 4537 608 4593; x_wconf 79' lang='lat' dir='ltr'><strong>talne</strong></span> <span class='ocrx_word' id='word_1_305' title='bbox 618 4536 765 4593; x_wconf 82' lang='lat' dir='ltr'><strong>exemplum</strong></span> <span class='ocrx_word' id='word_1_306' title='bbox 775 4533 899 4580; x_wconf 74' lang='lat' dir='ltr'><strong>Dominus</strong></span> <span class='ocrx_word' id='word_1_307' title='bbox 909 4533 1127 4581; x_wconf 71' lang='lat' dir='ltr'><strong>Bartholomaeus</strong></span> <span class='ocrx_word' id='word_1_308' title='bbox 1136 4534 1215 4590; x_wconf 85' lang='lat' dir='ltr'><strong>Luce,</strong></span> <span class='ocrx_word' id='word_1_309' title='bbox 1225 4535 1318 4581; x_wconf 76' lang='lat' dir='ltr'><strong>Conee</strong></span> <span class='ocrx_word' id='word_1_310' title='bbox 1327 4535 1462 4582; x_wconf 78' lang='lat' dir='ltr'><strong>Paternin-</strong></span> 
     </span>
     <span class='ocr_line' id='line_1_36' title="bbox 230 4603 1460 4667; baseline -0.001 -12"><span class='ocrx_word' id='word_1_311' title='bbox 230 4608 278 4663; x_wconf 82' lang='lat' dir='ltr'><strong>nle,</strong></span> <span class='ocrx_word' id='word_1_312' title='bbox 289 4607 406 4667; x_wconf 74' lang='lat' dir='ltr'><strong>eludent</strong></span> <span class='ocrx_word' id='word_1_313' title='bbox 414 4608 524 4656; x_wconf 83' lang='lat' dir='ltr'><strong>nonlnle</strong></span> <span class='ocrx_word' id='word_1_314' title='bbox 533 4607 691 4656; x_wconf 82' lang='lat' dir='ltr'><strong>coenoblent</strong></span> <span class='ocrx_word' id='word_1_315' title='bbox 700 4605 836 4654; x_wconf 73' lang='lat' dir='ltr'><strong>uertente</strong></span> <span class='ocrx_word' id='word_1_316' title='bbox 846 4603 952 4654; x_wconf 80' lang='lat' dir='ltr'><strong>Slelllee</strong></span> <span class='ocrx_word' id='word_1_317' title='bbox 962 4605 996 4653; x_wconf 84' lang='lat' dir='ltr'><strong>ed</strong></span> <span class='ocrx_word' id='word_1_318' title='bbox 1007 4615 1127 4664; x_wconf 70' lang='lat' dir='ltr'><strong>quereum</strong></span> <span class='ocrx_word' id='word_1_319' title='bbox 1137 4606 1250 4666; x_wconf 77' lang='lat' dir='ltr'><strong>lepidem</strong></span> <span class='ocrx_word' id='word_1_320' title='bbox 1257 4608 1374 4655; x_wconf 79' lang='lat' dir='ltr'><strong>extruxit</strong></span> <span class='ocrx_word' id='word_1_321' title='bbox 1384 4607 1460 4660; x_wconf 81' lang='lat' dir='ltr'><strong>Anne</strong></span> 
     </span>
     <span class='ocr_line' id='line_1_37' title="bbox 230 4687 402 4736; baseline -0.017 -8"><span class='ocrx_word' id='word_1_322' title='bbox 230 4691 256 4728; x_wconf 79' lang='lat' dir='ltr'><strong>n.</strong></span> <span class='ocrx_word' id='word_1_323' title='bbox 272 4687 402 4736; x_wconf 61' lang='lat' dir='ltr'><strong>lexeru...</strong></span> 
     </span>
    </p>
   </div>
   <div class='ocr_carea' id='block_1_7' title="bbox 0 0 1826 5350">
    <p class='ocr_par' dir='ltr' id='par_1_12' title="bbox 0 0 1826 5350">
     <span class='ocr_line' id='line_1_38' title="bbox 0 0 1826 5350; baseline 0 0"><span class='ocrx_word' id='word_1_324' title='bbox 0 0 1826 5350; x_wconf 95' lang='lat' dir='ltr'><strong> </strong></span> 
     </span>
    </p>
   </div>
  </div>
 </body>
</html>
