3642 5350
668 470 689 490 ψ
730 428 822 503 'Aa
845 444 914 504 1556
998 464 1002 472 ·
1400 448 1453 545 ras

221 595 328 661 situm
352 574 559 679 parentibus
582 574 795 680 aperuisset,
819 615 890 663 non
905 600 1024 664 solum
1046 599 1079 663 ei
1099 600 1322 688 obstiterunt,
1345 602 1451 683 seda

220 704 353 769 scholis
367 704 475 769 etiam
489 723 532 769 ea
551 705 595 770 de
615 724 725 771 causa
745 715 991 788 removerunt,
1007 708 1084 789 qui,
1101 708 1233 773 nostris
1247 725 1396 788 prorsus
1414 709 1452 774 id

221 813 477 893 ignorantibus
501 814 704 878 naviculam
725 814 980 895 conscendens
1003 815 1153 880 Romam
1173 832 1317 897 versus,
1342 799 1381 883 ut
1404 816 1453 909 ibi

224 912 480 991 admitteretur,
495 912 676 993 profectus
690 920 745 977 est
760 913 782 978 ⁸.
982 914 984 917 ⁴

281 1017 352 1083 604.
395 1017 468 1083 Alii
482 1037 554 1083 non
569 1020 857 1101 admittebantur,
872 1022 955 1086 licet
969 1022 1006 1087 id
1020 1023 1124 1088 valde
1140 1031 1321 1105 optarent,
1332 1007 1452 1088 'donec

221 1144 243 1190 a
258 1127 333 1190 suis
348 1126 554 1208 parentibus
567 1126 772 1193 facultatem
785 1128 1027 1210 impetrarent.
1041 1128 1195 1210 Quidam
1206 1140 1325 1195 tamen
1336 1148 1454 1195 sacer·

223 1234 289 1298 dos
308 1234 475 1299 laudatae
494 1235 647 1299 vitaevet
666 1235 757 1299 alius
777 1236 922 1317 quidam
943 1234 1084 1316 J’uvenis
1109 1237 1287 1302 admissus
1311 1219 1365 1303 est
1386 1238 1452 1303 sub

222 1342 370 1405 aestatis
385 1342 537 1406 initium.
1443 1326 1449 1336 ’

280 1446 353 1513 605.
396 1448 646 1514 Confitentium
662 1458 697 1514 et
718 1452 1054 1517 communicantium
1075 1469 1243 1517 numerus
1262 1460 1297 1517 et
1315 1453 1454 1518 fructus

223 1554 294 1619 hoc
318 1573 413 1621 anno
435 1564 561 1621 auctus
581 1565 649 1637 est;
672 1558 850 1624 ethorum
869 1561 1043 1641 exemplo,
1067 1577 1148 1625 cum
1173 1577 1296 1625 eorum
1319 1560 1396 1624 vita
1417 1569 1453 1644 et

223 1679 342 1726 mores
357 1662 485 1727 mutati
498 1664 534 1728 in
551 1664 677 1728 melius
691 1674 933 1746 cernerentur,
949 1667 1118 1748 colligere
1132 1668 1239 1732 etiam
1253 1685 1292 1751 se
1307 1668 1404 1748 ipsos
1415 1661 1451 1731 et

220 1768 328 1835 aliam
342 1769 485 1836 vivendi
500 1771 673 1837 rationem
688 1770 773 1855 [alii]
789 1773 1035 1853 decreverunt,
1051 1783 1086 1839 et
1101 1775 1136 1839 in
1151 1774 1349 1855 frequentia
1365 1758 1448 1840 conss

220 1876 386 1942 sessionis
405 1887 440 1942 et
465 1879 722 1944 communionis
747 1880 836 1945 alios
860 1880 1107 1964 imitabantur;
1133 1891 1167 1948 et
1192 1882 1356 1964 quamvis
1377 1882 1449 1946 exi·

221 2001 333 2065 guum
357 1995 451 2049 esset
469 1986 650 2067 sacellum,
670 2004 740 2068 quo
754 1988 867 2053 nostri
887 1990 1089 2069 utebantur,
1113 1989 1256 2053 ducenti
1274 1972 1397 2053 tamen
1413 1971 1449 2054 et

222 2092 374 2173 amplius
392 2093 429 2156 in
448 2092 549 2158 festis
570 2093 739 2159 natalitiis
758 2104 793 2159 et
814 2096 933 2178 plures
951 2096 988 2161 in
1007 2096 1096 2161 festo
1116 2080 1378 2161 Purificationis
1399 2114 1454 2161 se·

221 2200 343 2281 quenti
357 2199 487 2266 ibidem
502 2202 783 2267 communicasse
798 2202 1017 2269 dicebantur:
1033 2222 1099 2269 nec
1115 2204 1247 2284 exigua
1261 2203 1350 2268 haec
1364 2204 1451 2268 mul·

221 2307 334 2373 titudo
357 2308 586 2390 censebatur,
616 2324 696 2373 cum
718 2319 801 2374 ante
820 2309 1012 2375 adventum
1032 2319 1236 2375 nostrorum
1256 2308 1453 2375 inauditum

225 2414 310 2496 quid
325 2423 419 2479 esset
433 2414 479 2479 ad
493 2425 717 2481 sacramenta
731 2418 933 2498 frequenter
948 2417 1132 2497 accedere,
1148 2426 1184 2482 et
1199 2416 1354 2499 inhujus
1369 2400 1454 2481 anni

224 2538 420 2604 progressu
432 2523 689 2605 frequentiores
703 2522 740 2587 in
754 2525 829 2589 dies
847 2526 1008 2589 homines
1022 2524 1250 2589 accedebant.

283 2627 355 2694 606.
398 2628 500 2695 Multi
514 2638 633 2696 autem
648 2630 916 2696 admirabantur
934 2641 1076 2697 nostros
1095 2632 1191 2697 nulla
1213 2632 1376 2697 mercede
1395 2650 1453 2696 ex·

228 2737 357 2802 citatos
371 2747 406 2803 et
421 2737 702 2803 confessionibus
717 2747 751 2803 et
770 2740 849 2804 aliis
863 2739 1067 2805 ministeriis
1088 2737 1258 2804 Societati
1277 2726 1455 2805 consuetis

225 2861 371 2926 operam
385 2843 472 2910 dare
492 2851 516 2925 ¹,
531 2862 615 2910 nam
630 2846 810 2910 contraria
826 2846 1044 2911 consuetudo
1063 2863 1175 2927 usque
1194 2847 1284 2910 adeo
1300 2836 1455 2911 invaluess

224 2960 292 3033 rat,
307 2961 431 3017 utnon
446 2953 704 3018 arbitrarentur
718 2955 878 3019 nonnulli
892 2971 931 3019 se
946 2954 1126 3019 absolutos
1144 2971 1238 3032 esse,
1254 2943 1285 3017 si
1299 2940 1451 3035 pecunia

223 3057 442 3124 confessario
457 3061 577 3126 oblata
591 3079 663 3126 non
679 3061 941 3142 intervenisset;
962 3070 997 3125 et
1015 3079 1062 3126 ne
1081 3079 1161 3126 eam
1183 3061 1269 3126 dare
1288 3077 1456 3141 cogeren-

222 3177 293 3248 tur,
309 3167 430 3249 aliqui,
446 3175 572 3233 tenues
586 3168 622 3232 in
637 3169 710 3232 suis
729 3168 974 3247 facultatibuS,
996 3169 1114 3233 rarius
1134 3169 1180 3233 ad
1199 3165 1458 3233 confessionem

221 3274 452 3356 accedebant;
467 3274 555 3339 ethi
570 3275 616 3339 ad
631 3285 773 3341 nostros
788 3277 1004 3358 perlibenter
1019 3263 1249 3341 accedebant.
1430 3283 1433 3288 ’

282 3379 354 3444 607.
399 3380 455 3446 Ab
477 3381 634 3464 aegrotis
655 3383 831 3448 interdum
856 3384 970 3448 nostri
995 3382 1202 3447 sacerdotes
1227 3371 1457 3450 accerseban-

222 3495 292 3568 tur,
308 3495 343 3553 et
358 3488 403 3553 ab
417 3488 473 3553 his
488 3491 612 3569 etiam,
628 3491 688 3571 qui
703 3491 739 3554 in
755 3491 959 3555 triremibus
973 3493 1090 3556 coacti
1105 3492 1354 3558 versabantur.

285 3593 358 3660 608.
401 3594 436 3660 A
454 3596 607 3679 quodam
626 3606 745 3662 autem
770 3597 902 3680 insigni
927 3599 1006 3662 viro
1030 3597 1043 3630 ³
1063 3601 1276 3680 cognomine
1300 3599 1457 3677 Pizarro,

226 3703 288 3784 qui
302 3709 446 3785 propter
460 3703 694 3769 defectionem
710 3704 754 3769 ab
767 3704 985 3787 Imperatore
999 3705 1035 3770 in
1049 3706 1148 3771 India
1168 3705 1260 3770 Peru
1279 3714 1405 3786 captus
1419 3715 1455 3769 et

224 3810 271 3874 ad
299 3809 462 3875 triremes
480 3811 669 3875 damnatus
687 3812 819 3892 fuerat,
840 3812 886 3877 ad
906 3815 1111 3893 generalem
1131 3814 1238 3879 totius
1259 3813 1355 3878 vitae
1374 3818 1455 3878 con*-

223 3916 417 3982 fessionem
432 3917 644 3984 audiendam
658 3917 696 3982 P.
713 3919 845 3984 Loarte
860 3919 1057 3984 accersitus
1070 3920 1137 3986 fuit
1152 3919 1175 3982 ⁴.

285 4023 356 4092 609.
400 4023 567 4108 Ejusdem
582 4043 691 4108 opera
705 4027 849 4107 quidam
864 4028 954 4093 alius
971 4029 1026 4092 vir
1040 4029 1179 4110 nobilis,
1194 4029 1355 4093 Francus
1370 4028 1455 4097 Sau-

252 4269 274 4300 -l
305 4266 552 4321 Videlnfra,n.628.

268 4339 280 4374 ¹
307 4339 353 4385 lla.
363 4340 469 4387 darent.
1101 4366 1104 4372 ·

265 4411 277 4444 ⁸
304 4410 393 4456 Verba
403 4423 469 4466 quae
479 4417 621 4468 sequuntur
632 4423 711 4468 usque
719 4412 753 4455 ad
763 4411 913 4456 damnatus
918 4413 1113 4468 suerataddlta
1122 4422 1182 4460 aunt
1190 4429 1206 4461 a
1214 4417 1329 4463 Polanco
1339 4420 1372 4464 ad
1381 4411 1454 4464 or‘am

224 4483 345 4539 patinae.
355 4481 420 4528 Cum
430 4484 497 4528 eninr
508 4484 533 4528 ln
544 4485 575 4528 ils
584 4484 765 4540 exprimantur
779 4489 806 4527 et
821 4494 963 4537 cognomen
977 4486 1028 4531 vlri
1043 4495 1069 4530 et
1085 4487 1257 4533 damnatlonls
1271 4499 1361 4545 causa,
1376 4493 1459 4536 credi·

223 4557 276 4600 bile
286 4562 326 4599 est
336 4565 368 4598 ea
378 4557 495 4600 consultu
505 4556 577 4610 priua
591 4555 704 4600 tacuisse
715 4555 862 4600 Polancum:
879 4562 996 4613 tempore
1012 4563 1098 4603 autem
1113 4560 1218 4605 evoluto
1234 4567 1280 4607 aut
1295 4573 1323 4606 rc
1336 4563 1391 4620 jam
1404 4567 1459 4613 vul·

223 4633 299 4682 geta,
311 4626 358 4670 illa
368 4626 458 4670 deinde
470 4627 503 4671 ad
511 4638 584 4672 oram
594 4629 737 4684 scripsisse.

265 4698 279 4736 ⁴
306 4697 372 4746 Vide
384 4705 469 4748 tamea
482 4699 551 4748 dicta
564 4700 589 4750 lo
600 4698 722 4750 Litterae
732 4701 964 4760 Qaaartmesrres,
974 4706 994 4750 t.
1005 4714 1041 4758 ιτ,
1051 4714 1111 4767 par.
1122 4705 1170 4767 565,
1180 4707 1300 4761 annona
