3642 5350
767 434 850 497 'Au
871 434 943 497 1556
1420 428 1476 491 313

247 580 378 663 tamen,
395 598 475 647 cum
490 580 813 647 animadverterent
827 578 1025 663 profectum
1037 578 1343 657 scholasticorum,
1355 576 1472 643 venie·

249 689 334 754 bant
349 689 396 754 ad
409 706 493 754 suos
512 688 603 753 filios
617 688 749 754 nostris
770 687 986 768 offerendos,
1003 699 1038 752 et
1058 695 1263 768 separatos
1282 700 1362 749 esse
1380 683 1475 749 dice·

249 797 335 861 bant
346 793 391 860 ad
406 795 525 861 modia
539 796 600 861 illa
610 796 777 861 frumenti
790 795 941 876 singulis
955 794 1058 860 annis
1072 794 1256 874 solvenda,
1273 808 1364 875 quae
1374 791 1471 856 sama

250 903 497 969 mentiebatur.

313 1010 400 1075 1268.
444 1011 489 1076 Et
502 1010 539 1075 id
552 1028 624 1077 non
638 1013 753 1077 solum
767 1012 995 1093 Bibonenses,
1011 1011 1075 1077 sed
1085 1010 1224 1076 externi
1234 1008 1379 1091 quidam
1394 1008 1473 1074 otie-

251 1118 388 1199 rebant;
403 1135 488 1182 nam
502 1118 653 1200 optimus
667 1120 756 1184 odor
766 1118 916 1200 Collegii
930 1120 1001 1184 late
1012 1117 1155 1201 patebat
1170 1127 1204 1182 et
1217 1133 1262 1181 ex
1273 1115 1476 1181 civitatibus

248 1224 392 1303 Xacha‚
414 1224 651 1307 Aggrigento,
672 1226 854 1291 Leontinis
869 1230 890 1305 ¹,
907 1226 1054 1306 Burgio,
1076 1223 1225 1305 Palatio,
1246 1224 1347 1289 multi
1367 1222 1474 1288 studii

248 1331 364 1411 gratia
376 1332 548 1397 Bibonam
563 1332 799 1398 confluebant.
815 1332 859 1397 Et
871 1332 1139 1397 admirabantur
1150 1331 1317 1396 classium
1329 1340 1364 1395 et
1374 1348 1475 1411 prae·

249 1448 435 1520 ceptorum
449 1439 723 1505 distinctionem.

313 1546 401 1612 1269.
443 1546 525 1611 Fuit
557 1556 676 1612 autem
704 1548 860 1613 Bibonae
888 1548 1043 1612 edictum
1069 1548 1299 1630 publicatum,
1328 1544 1476 1627 nequis

249 1654 370 1745 ludum
384 1654 594 1719 litterarium
615 1656 779 1737 aperiret,
804 1673 870 1720 nec
891 1665 995 1721 extra
1014 1654 1211 1736 Collegium
1224 1664 1385 1719 nostrum
1406 1653 1475 1717 alia

250 1762 373 1826 schola
400 1770 589 1843 teneretur,
611 1763 705 1845 quod
728 1779 947 1845 magnopere
966 1762 1170 1828 sacerdotes
1188 1761 1361 1842 quosdam
1382 1776 1474 1824 com·

250 1868 378 1949 movit,
394 1868 454 1949 qui
468 1885 514 1933 ex
527 1866 727 1949 huJ'usmodi
742 1870 962 1935 institutione
976 1887 1041 1934 sua
1057 1870 1156 1933 lucra
1170 1868 1422 1951 percipiebant,
1440 1875 1475 1931 et

250 1975 319 2039 alia
340 1976 536 2041 ministeria
551 1976 618 2041 sibi
634 1994 654 2041 a
670 1976 892 2041 scholasticis
906 1977 1105 2041 exhibenda
1120 1976 1313 2054 curabant;
1329 1974 1392 2039 sed
1406 1992 1475 2038 me·

250 2084 318 2147 rito
343 2101 385 2147 eo
412 2085 649 2149 emolumento
675 2084 807 2165 privati
831 2084 1050 2165 dicebantur,
1077 2084 1188 2166 quod,
1214 2101 1295 2148 cum
1317 2082 1386 2163 ipsi
1410 2099 1475 2147 sua

249 2200 473 2272 reportarent
492 2190 695 2273 commoda,
720 2209 850 2273 pueros
872 2192 1101 2256 nihilominus
1120 2192 1157 2256 in
1179 2191 1297 2255 multis
1317 2190 1475 2272 peccatis

251 2308 285 2362 et
300 2298 502 2378 ignorantia
516 2299 639 2363 vivere
659 2298 919 2379 permittebant.

311 2404 400 2468 1270.
442 2404 637 2470 Duodecim
665 2422 711 2470 ex
735 2406 866 2471 nostris
890 2407 959 2471 hoc
983 2406 1180 2486 Collegium
1201 2406 1398 2471 Bibonensc
1424 2406 1473 2468 in-

249 2512 440 2592 choarunt,
457 2521 492 2576 et
505 2529 615 2593 usque
631 2511 677 2576 ad
692 2512 824 2593 Majum
843 2530 1017 2593 mensem,
1034 2514 1141 2579 immo
1160 2523 1195 2577 et
1208 2514 1369 2598 Junium,
1385 2514 1474 2576 bene
1511 2581 1516 2592 ,

250 2620 454 2700 valuerunt,
474 2620 510 2684 in
529 2616 747 2685 conductitia
767 2620 922 2701 quadam
943 2622 1047 2687 domo
1073 2622 1289 2699 habitantes,
1312 2638 1355 2686 eo
1381 2618 1475 2701 quod

248 2726 406 2792 nondum
433 2726 580 2808 Collegii
612 2727 811 2792 aediticium
843 2729 996 2794 habitari
1024 2729 1207 2794 commode
1241 2745 1346 2810 posse
1379 2725 1473 2791 vide·

249 2842 358 2899 retur.

313 2940 400 3006 1271.
443 2939 552 3007 Sexta
567 2952 686 3009 autem
700 2945 757 3009 die
771 2943 867 3028 Junii
880 2946 918 3010 iu
933 2945 1129 3027 Collegium
1142 2963 1294 3025 novum,
1311 2946 1472 3009 consulto

251 3048 350 3128 prius
365 3057 400 3112 et
414 3050 654 3115 consentiente
665 3052 817 3133 medico,
830 3053 1126 3133 commigrarunt,
1139 3051 1240 3133 quus
1251 3052 1476 3134 pulchritudo

251 3173 293 3218 ea
310 3164 403 3233 erat,
427 3165 464 3219 ut
478 3158 612 3221 nullum
631 3173 670 3221 se
683 3158 816 3223 vidisse
837 3159 1007 3225 fateretur
1026 3159 1064 3223 P.
1080 3160 1305 3226 Eleutherius
1324 3159 1369 3224 ad
1391 3159 1476 3222 illud

248 3279 360 3344 usque
380 3273 519 3345 tempus
533 3265 570 3328 in
584 3262 760 3330 Societate
780 3277 906 3332 nostra
922 3269 953 3333 ei
968 3269 1098 3349 simile,
1113 3287 1179 3333 nec
1194 3268 1339 3350 perinde
1359 3284 1473 3333 amoe-

248 3387 345 3436 num.
363 3369 432 3434 Sed
447 3388 506 3434 res
524 3371 603 3451 ipsa
619 3373 737 3438 docuit
759 3375 876 3440 minus
890 3393 969 3440 esse
987 3378 1127 3440 salubre
1143 3393 1249 3458 quam
1271 3376 1473 3457 pulchrum,

247 3479 372 3542 saltem
386 3495 428 3542 eo
443 3486 618 3559 tempore,
634 3497 703 3560 quo
715 3499 841 3547 recens
855 3483 1056 3549 aedificium
1071 3495 1160 3548 erat.

311 3584 399 3649 1272.
444 3583 640 3665 Quemdam
655 3587 811 3652 Bibonae
823 3587 1004 3670 juvenem,
1021 3591 1165 3656 nomine
1180 3590 1423 3668 Benedictum,
1439 3589 1475 3653 in

249 3690 462 3758 Societatem
478 3691 710 3774 admiserant,
733 3696 791 3777 qui
817 3707 1007 3777 aegrotare
1026 3698 1154 3779 coepit.
1175 3697 1349 3761 Miserunt
1367 3698 1475 3760 etiam

248 3800 413 3865 Xacham
441 3800 629 3881 quemdam
657 3819 701 3865 ex
726 3801 913 3884 iratribus,
940 3804 1164 3887 Alphonsum
1186 3805 1346 3883 nomine,
1373 3812 1411 3867 ut
1439 3804 1476 3866 in

248 3906 458 3988 quibusdam
476 3907 613 3971 balneis
628 3909 843 3987 salubribus,
861 3928 952 3992 quae
966 3912 1014 3977 ibi
1029 3923 1112 3976 sunt
1127 3911 1148 3992 ¹,
1167 3909 1418 3994 [ablueretur],
1442 3919 1477 3974 et

248 4031 328 4079 cum
344 4014 526 4078 dimidiato
541 4015 615 4080 fere
627 4014 721 4097 Majo
733 4035 853 4082 mense
865 4037 907 4083 eo
920 4037 958 4084 se
973 4020 1180 4084 contulisset
1195 4019 1246 4083 sic
1262 4018 1422 4098 affectus,
1436 4026 1477 4082 ut

247 4131 372 4186 neutra
387 4138 495 4186 manu
509 4123 559 4186 uti
573 4133 707 4204 posset,
723 4125 810 4188 liber
825 4135 858 4190 et
874 4127 950 4190 sine
970 4127 1090 4191 dolore
1110 4128 1175 4190 sub
1190 4125 1294 4190 finem
1308 4125 1402 4210 Junii
1418 4124 1476 4190 Bi·

246 4230 376 4294 bonam
393 4227 507 4294 rediit.

309 4335 396 4403 1273.
440 4337 485 4402 Et
499 4336 584 4402 dum
597 4337 745 4404 Xachae
760 4349 976 4423 versaretur,
993 4342 1137 4423 egregie
1148 4359 1187 4406 se
1198 4341 1321 4423 gessit,
1335 4350 1370 4405 et
1381 4341 1473 4405 inter

288 4541 296 4577 ¹
326 4541 392 4588 Vide
400 4553 488 4599 snpra,
500 4547 518 4588 t.
530 4553 564 4598 tv,
576 4556 635 4601 pag.
647 4545 695 4598 224,
706 4553 793 4592 annot.
805 4548 817 4592 t
828 4549 861 4593 ad
874 4549 960 4594 11502.

287 4612 300 4646 ¹
325 4613 453 4660 Thermae
467 4613 636 4672 Salinarum,
650 4629 700 4673 quo
715 4619 815 4665 nornine
830 4621 909 4666 etlam
925 4622 981 4678 ipsa
991 4625 1052 4668 urbs
1063 4622 1179 4679 Sclacca,
1190 4622 1291 4671 balneis
1301 4621 1398 4676 vicina,
1409 4619 1477 4678 apud

248 4693 353 4734 veteres
361 4697 439 4742 saepe
449 4693 488 4732 est
500 4687 641 4744 appellata.
