3642 5350
344 369 399 433 236
796 368 923 431 Castor.
943 368 1020 430 Soc.
1041 368 1111 443 Jns.

410 513 498 579 1128.
539 515 744 581 Accedebat
757 524 793 581 et
807 516 894 581 illud
905 516 1135 595 incommodi,
1147 515 1243 597 quod
1253 533 1296 579 eo
1308 516 1344 580 in
1358 516 1439 579 loco
1454 523 1572 580 esseut

346 632 514 703 structae,
530 622 589 688 ubi
604 632 677 688 tam
692 632 946 705 praeceptores
959 641 1067 704 quam
1086 622 1250 704 discipuli
1264 631 1338 687 tota
1358 630 1495 688 aestate
1509 622 1571 687 mi·

345 748 425 795 rum
439 731 476 797 in
489 731 633 796 modum
647 732 732 796 solis
747 732 876 795 ardore
887 733 1110 797 aestuabant.
1128 730 1231 811 Quod
1246 748 1326 795 cum
1340 730 1570 796 intellexisset

346 836 507 918 Pro-rex,
523 836 670 903 Senatui
680 856 743 920 per
754 839 891 903 litteras
901 838 1097 918 mandavit,
1111 847 1161 919 ut,
1174 839 1205 901 si
1216 838 1299 921 quld
1313 837 1460 903 remedii
1474 837 1570 901 adbi-

345 946 430 1011 bere
444 958 576 1028 posset,
592 946 714 1010 sedulo
729 946 766 1011 id
779 955 933 1011 curaret.

409 1052 497 1117 1129.
540 1052 649 1119 Venit
660 1053 780 1117 statim
791 1050 940 1118 Praetor
951 1071 1031 1119 cum
1042 1052 1187 1135 Senatu,
1197 1072 1241 1118 ac
1253 1054 1398 1119 minima
1409 1070 1571 1135 quaeque

346 1160 534 1241 diligenter
557 1161 835 1240 perlustramut3
861 1161 1022 1242 singulae
1050 1162 1183 1225 classes
1207 1177 1273 1225 sua
1298 1160 1569 1243 epigrammata,

348 1268 408 1332 alii
431 1284 581 1349 graeca,
607 1268 668 1331 alii
691 1268 820 1348 latina;
842 1269 1005 1333 rhetores
1028 1282 1129 1333 suam
1151 1270 1350 1333 orationem
1370 1268 1407 1332 in
1430 1269 1571 1333 laudem

347 1375 579 1457 magistratus
600 1374 809 1455 recitarunt3
836 1392 928 1457 quac
952 1376 1070 1441 omniu
1095 1392 1177 1441 cum
1199 1392 1330 1457 magua
1355 1374 1571 1440 audientium

346 1484 531 1564 voluptate
543 1491 583 1551 et
594 1482 735 1547 actione
749 1482 759 1517 ‘
773 1490 857 1547 sunt
869 1492 1028 1564 peracta.

409 1588 499 1656 1130.
541 1588 1065 1655 Satisbenevoluseratuostrls
1076 1592 1206 1672 alioqui
1214 1590 1373 1672 Praetor,
1384 1600 1419 1657 et
1430 1592 1572 1673 saepius

346 1699 383 1763 in
398 1696 595 1777 Collegium
616 1706 743 1778 sponte
762 1714 828 1762 sua
845 1706 1011 1777 venerat,
1039 1706 1077 1763 ut
1098 1716 1178 1763 cum
1198 1698 1349 1764 Rectore
1368 1699 1412 1764 de
1434 1700 1571 1763 ratione

347 1805 570 1871 sustentandi
583 1820 770 1886 pauperes,
785 1815 821 1869 et
834 1806 1046 1887 praesertim
1065 1806 1104 1871 iu
1122 1807 1285 1871 custodia
1298 1806 1440 1888 publica
1454 1806 1569 1871 deten-

347 1923 415 1993 tos,
432 1923 572 1995 ageret;
587 1922 623 1977 et
636 1913 755 1979 omnia
768 1914 857 1978 satis
875 1914 1006 1978 bonurn
1022 1930 1227 1983 successum
1245 1914 1460 1995 habuerunt,
1481 1930 1572 1996 quae

347 2020 478 2086 Rector
498 2031 738 2103 suggesserat.

408 2128 497 2194 1131.
539 2127 579 2193 In
593 2128 662 2193 hoc
677 2138 798 2193 autem
819 2128 976 2194 adventu
991 2137 1064 2193 tam
1079 2129 1154 2211 ipse
1168 2128 1318 2194 Praetor
1336 2146 1443 2210 quam
1461 2128 1571 2209 magi·

348 2243 482 2303 stratus
494 2252 597 2301 suam
611 2252 757 2318 operam
771 2245 806 2299 et
821 2236 977 2301 studium
992 2235 1147 2301 officiose
1162 2237 1294 2301 nostris
1308 2237 1522 2315 obtulerunt,
1538 2244 1573 2299 et

347 2352 491 2425 sumptu
510 2343 650 2425 publico
667 2360 837 2425 reparare
859 2344 1092 2408 commodiori
1112 2344 1192 2407 loco
1218 2342 1392 2425 quaedam
1412 2340 1572 2407 aedilicia

347 2459 562 2530 statuerunt,
589 2450 649 2516 ubi
671 2451 849 2531 opacitate
872 2460 1064 2531 tectorum,
1085 2452 1221 2516 umbris
1244 2460 1278 2515 et
1298 2468 1466 2516 aurarum
1486 2450 1572 2514 flati-

348 2560 429 2639 bus,
446 2567 566 2623 aestus
580 2558 742 2623 molestia
760 2566 1029 2641 temperaretur.

411 2666 499 2731 1132.
542 2664 754 2732 Scholastici
772 2667 931 2748 plerique
945 2666 1095 2748 singulis
1109 2665 1340 2732 hebdomadis
1358 2666 1571 2733 confiteban-

348 2785 406 2839 tur
429 2782 465 2839 et
488 2773 812 2854 communicabant,
838 2782 874 2838 et
897 2783 1203 2839 sacramentorum
1223 2774 1360 2840 fructus
1379 2775 1415 2840 iu
1435 2792 1573 2840 morum

347 2883 479 2963 pietate
492 2882 670 2962 elucebat,
686 2891 722 2945 et
736 2882 804 2946 hoc
818 2882 1047 2947 observatum
1061 2892 1127 2961 est,
1149 2882 1243 2963 quod
1257 2883 1307 2946 illi
1321 2882 1403 2963 ipsi,
1422 2884 1483 2965 qui
1501 2900 1572 2948 mo·

347 3005 427 3054 rum
449 2989 627 3072 probitate
651 2990 803 3054 caeteris
826 2990 1072 3070 praestabant,
1103 2989 1266 3054 doctrina
1295 2991 1401 3054 etiam
1429 2991 1574 3056 eosdem

347 3097 538 3180 praeirent.
556 3096 729 3176 Quamvis
743 3097 838 3161 enim
856 3098 937 3178 plus
956 3097 1125 3178 temporis
1145 3097 1182 3161 in
1196 3097 1268 3177 his,
1289 3115 1381 3178 quae
1401 3098 1446 3161 ad
1461 3097 1571 3179 prole·

348 3214 445 3270 ctum
460 3205 605 3287 spiritus
623 3201 832 3286 [spectant],
849 3203 1092 3284 impenderent
1106 3222 1212 3285 quam
1233 3205 1309 3284 alii,
1326 3205 1443 3269 minus
1457 3213 1575 3269 tamen

348 3313 384 3376 iu
409 3312 501 3376 ludis
520 3313 636 3376 autin
656 3311 729 3375 otio
751 3310 1011 3391 expendebant,
1029 3319 1063 3375 et
1082 3310 1275 3376 studiosius
1295 3312 1419 3376 litteris
1444 3311 1577 3376 dabant

348 3435 504 3501 operam.

412 3526 501 3591 1133.
544 3525 647 3591 Multi
661 3534 778 3590 autem
794 3543 839 3590 ex
855 3520 1055 3606 hujusmodi
1074 3525 1120 3588 ad
1140 3525 1324 3606 religionis
1338 3534 1469 3591 statum
1484 3527 1574 3608 aspi-

348 3635 491 3714 rabant,
509 3643 543 3697 et
558 3632 700 3714 quidem
719 3633 765 3698 ad
779 3631 996 3698 Societatem
1009 3641 1169 3696 nostram
1191 3632 1411 3698 selectissimi
1433 3634 1572 3716 quique.

348 3739 480 3807 Eorum
505 3749 624 3806 tamen
649 3739 817 3804 admissio
843 3741 1005 3804 consulto
1034 3737 1272 3819 differebatur,
1298 3748 1349 3819 ut,
1366 3757 1435 3821 quo
1459 3740 1576 3820 magis

348 3848 487 3932 probati
506 3846 731 3929 postmodum
753 3845 1037 3927 admitterentur,
1061 3865 1104 3910 eo
1129 3847 1390 3911 constantiores
1413 3848 1576 3913 inanimi

348 3957 531 4039 proposito
545 3965 804 4037 permanerent.

411 4063 500 4130 1134.
541 4062 704 4144 Quinque
719 4073 838 4127 autem
853 4063 975 4127 selecti
987 4061 1137 4144 juvenes
1152 4063 1217 4127 sub
1236 4061 1341 4127 finem
1357 4064 1504 4128 aestatis
1519 4064 1576 4129 ad·

349 4173 447 4240 missi
461 4173 613 4250 luerunt,
630 4168 689 4251 qui
703 4170 763 4234 diu
778 4179 813 4234 et
827 4179 1034 4235 constanter
1049 4169 1085 4234 id
1099 4170 1379 4251 postulaverant,
1396 4189 1487 4236 unus
1502 4183 1578 4237 erat

349 4275 783 4363 panormitaniSenatoris
792 4276 895 4357 lilius;
907 4277 1196 4357 quintus,ultimo
1207 4274 1394 4360 admissus,
1405 4279 1533 4359 viginti
1545 4288 1579 4343 et

390 4560 399 4594 ¹
428 4558 479 4613 Slc;
490 4562 516 4601 et
526 4555 647 4600 fortassis
657 4554 730 4601 deest
740 4565 793 4598 vox
802 4554 966 4608 gratiarum.
977 4551 1024 4598 “Et
1035 4553 1075 4598 clo
1090 4563 1138 4598 con
1153 4560 1228 4600 tanta
1238 4555 1412 4602 admlratlone
1422 4563 1449 4602 et
1458 4559 1579 4610 codltlst·

350 4633 419 4678 tlone
427 4630 453 4675 di
461 4629 565 4682 tutti...„
573 4626 694 4671 Litterae
705 4625 935 4681 quadrimum,
945 4632 964 4672 t.
972 4633 1009 4680 tv,
1017 4635 1079 4680 pag·
1088 4623 1138 4669 bbb.
