3642 5350
345 404 401 473 368
800 406 928 473 Canon.
947 410 1026 475 Soc.
1046 410 1120 489 Jas.

347 566 385 621 ut
399 557 569 639 patientia
584 558 670 639 ipsis
683 559 883 623 exercenda
898 562 1019 624 multis
1033 562 1070 625 in
1086 561 1192 625 rebus
1205 579 1279 625 non
1291 559 1411 643 suerit;
1426 578 1513 627 nam
1523 578 1577 628 re·

346 664 492 743 ligiosos
506 666 640 729 ordinis
654 665 715 731 S.u
735 665 913 731 Dominici
928 668 1023 748 apud
1037 667 1100 733 8³¹¹
1115 667 1334 734 Clementem
1351 670 1576 751 invenerunt,

348 771 409 851 qui
422 772 577 836 nondum
591 774 673 837 inde
687 784 923 853 recesserant,
939 776 1104 857 quamvis
1118 793 1139 837 a
1154 775 1254 856 Rege
1264 794 1328 840 ore
1339 779 1484 858 proprio
1494 779 1579 843 fuis·

348 888 426 942 sent
444 878 625 959 admoniti,
645 899 712 945 nec
729 886 843 946 lectos
860 900 987 953 omnes
1005 891 1066 946 aut
1084 894 1204 947 vestes
1226 885 1345 949 statim
1365 886 1498 951 habere
1517 904 1577 968 po·

348 994 504 1065 tuerunt,
529 987 636 1052 immo
661 990 774 1054 donec
793 1006 910 1053 novae
930 989 1203 1070 conficerentur,
1223 992 1320 1056 domi
1340 1011 1379 1057 se
1397 993 1578 1057 continere

348 1091 556 1159 debuerunt.

418 1204 503 1269 1545.
544 1206 656 1270 Laeto
669 1214 788 1269 tamen
805 1205 922 1269 animo
941 1213 976 1268 et
995 1206 1108 1269 alacri
1127 1223 1251 1270 omnes
1270 1215 1388 1285 erant,
1405 1218 1440 1271 et
1459 1225 1576 1272 move-

347 1316 409 1379 bat
423 1314 544 1378 divina
558 1312 698 1376 bonitas
712 1313 849 1392 aliquos
863 1312 1009 1390 nobiles,
1021 1320 1060 1375 ut
1076 1313 1210 1391 vinum,
1227 1315 1434 1395 cervisiam,
1452 1331 1580 1379 carnes

349 1431 384 1487 et
398 1422 514 1502 pisces
528 1420 575 1483 ad
592 1436 655 1482 eos
675 1420 871 1497 mitterent;
892 1436 958 1483 nec
980 1421 1133 1499 amplius
1153 1438 1276 1485 rumor
1295 1421 1353 1485 ille
1374 1432 1501 1486 contra
1519 1439 1581 1485 no·

348 1539 453 1609 str03,
474 1528 534 1609 qui
552 1527 651 1590 initio
676 1526 900 1591 increbuerat
925 1535 1070 1607 propter
1084 1545 1209 1591 eorum
1229 1529 1433 1608 adventum,
1456 1528 1581 1593 sentie-

349 1639 464 1702 batur.

413 1742 500 1807 1546.
543 1742 653 1807 Immo
681 1742 824 1806 scholas
853 1743 943 1806 satis
968 1742 1137 1807 florentes
1164 1743 1350 1807 habituros
1375 1743 1579 1824 sperabant,

351 1870 431 1916 cum
450 1850 549 1914 multi
567 1868 652 1914 suos
669 1849 761 1914 filios
784 1868 804 1912 a
824 1851 957 1914 nostris
976 1851 1212 1915 instituendos
1232 1851 1410 1929 offerrent,
1432 1852 1540 1915 etiam
1560 1869 1582 1915 a

352 1958 600 2024 remotioribus
614 1958 714 2037 lociS,
731 1975 812 2022 cum
834 1974 1003 2038 magnam
1023 1958 1214 2021 admodum
1236 1958 1519 2039 expectationem
1538 1958 1582 2022 de

351 2066 421 2130 illis
434 2065 639 2130 doctoribus
653 2083 697 2129 ac
712 2066 894 2144 magistris
909 2066 1168 2145 concepissent,
1189 2082 1279 2146 quos
1297 2066 1398 2145 regia
1412 2062 1582 2145 Majestas

353 2170 423 2255 [ex]
439 2173 527 2237 locis
540 2182 613 2237 tam
628 2174 752 2253 procul
767 2191 788 2234 a
803 2172 971 2236 Bohemia
987 2174 1120 2236 dissitis
1133 2174 1359 2237 advocasset.

416 2280 502 2343 1547.
546 2280 717 2360 Quamvis
753 2289 871 2344 autem
905 2281 975 2344 duo
1013 2281 1179 2344 doctores
1211 2280 1391 2359 theologi,
1431 2279 1591 2357 scilicet,

353 2387 419 2453 ΡΡ.
433 2387 609 2452 Henricus
619 2387 819 2469 Blysemius
830 2406 874 2451 ac
885 2387 1042 2468 Joannes
1053 2386 1213 2469 Tylauus
1224 2385 1233 2418 ¹
1246 2396 1281 2451 et
1293 2388 1354 2451 alii
1366 2387 1495 2487 eruditi
1509 2404 1583 2450 ma·

353 2496 455 2577 gistri
467 2505 501 2559 et
515 2496 737 2575 theologicas
748 2505 782 2558 et
794 2495 1062 2576 philosophicas
1073 2496 1242 2559 lectiones
1252 2503 1398 2576 possent
1410 2494 1581 2575 profiteri;

354 2603 545 2667 convenire
571 2602 686 2683 magis
710 2602 811 2666 initio
835 2602 1035 2682 videbatur,
1062 2611 1100 2666 ut
1125 2604 1170 2666 ab
1196 2601 1326 2665 infimis
1346 2603 1583 2667 humanarum

353 2712 551 2776 litterarum
566 2712 738 2775 classibus
748 2711 864 2774 studia
876 2711 1141 2789 inchoarentur,
1155 2726 1236 2774 cum
1247 2711 1417 2791 perpauci
1428 2712 1584 2791 superio·

354 2836 432 2882 rum
446 2818 656 2882 facultatum
672 2818 862 2898 auditoreS,
879 2828 915 2882 et
929 2819 1005 2882 sine
1025 2818 1231 2882 inferiorum
1251 2818 1502 2898 fundamentis,
1527 2836 1584 2883 ac-

355 2926 490 2990 cessuri
504 2924 720 2990 viderentur.
736 2925 867 3006 Magna
888 2928 981 2990 enim
1002 2925 1193 2988 Bohemiae
1214 2925 1428 3004 ignorantia,
1452 2942 1584 3006 magna

356 3035 462 3096 etiam
475 3033 646 3097 librorum
661 3033 808 3112 penuria
827 3042 916 3112 erat;
938 3041 972 3096 et
993 3050 1066 3096 non
1080 3050 1206 3113 parum
1226 3033 1414 3096 molestum
1428 3033 1504 3096 lore
1523 3050 1584 3113 pa·

356 3141 468 3204 tronis
488 3139 637 3220 Collegii
657 3140 856 3218 videbatur,
881 3140 912 3203 si
936 3157 1136 3221 perpaucos
1161 3139 1342 3202 auditores
1369 3139 1414 3202 ad
1439 3139 1583 3204 scholas

357 3257 497 3311 nostras
507 3247 678 3312 accedere
688 3249 872 3326 vidissent3
886 3258 921 3312 et
933 3258 1053 3311 tamen
1064 3249 1233 3329 perpauci
1246 3246 1458 3329 expectandi
1466 3255 1579 3324 erant,

355 3356 385 3418 si
400 3373 421 3418 a
436 3355 676 3435 superioribus
690 3354 918 3418 facultatibus
934 3355 1050 3418 studia
1064 3354 1214 3418 luissent
1229 3354 1408 3419 inchoata.

419 3461 505 3526 1548.
549 3461 630 3526 Non
644 3471 761 3526 autem
777 3461 1004 3525 existimabat
1017 3460 1104 3539 Rex,
1118 3461 1179 3542 qui
1192 3461 1333 3540 Pragae
1347 3470 1432 3526 tunc
1447 3462 1584 3542 aderat,

356 3586 525 3650 magnum
539 3569 702 3632 favorem
716 3570 848 3632 nostris
863 3569 909 3632 ad
930 3568 1072 3632 scholas
1088 3568 1298 3648 aperiendas
1313 3568 1391 3631 dari
1406 3577 1584 3649 oportere;

357 3676 418 3741 sed
433 3677 551 3758 potius
565 3676 822 3739 modestissime
837 3675 953 3740 studia
969 3693 1048 3739 esse
1062 3674 1263 3739 inchoanda
1279 3683 1314 3738 et
1330 3675 1520 3755 humiliter,
1541 3693 1586 3739 ne

357 3784 454 3848 urbis
478 3793 515 3846 et
532 3783 784 3848 Universitatis
809 3783 1001 3862 Pragensis
1026 3782 1135 3846 animi
1155 3782 1392 3860 irritarentur;
1418 3800 1503 3846 nam
1524 3783 1586 3846 vix

358 3891 507 3973 septima
532 3908 617 3971 pars
637 3891 819 3954 hominum
839 3891 1053 3954 catholicam
1073 3890 1283 3969 religionem
1305 3889 1447 3970 Pragae
1466 3906 1587 3971 seque·

359 3999 498 4062 bantur.
605 4001 608 4008 '

419 4105 506 4169 1549.
549 4103 659 4169 Immo
670 4105 1139 4171 licetmodestissimenostri
1150 4105 1395 4186 procederent,
1407 4105 1587 4168 acciderat

358 4223 406 4284 ut,
423 4213 567 4277 Missam
583 4213 784 4277 celebrante
799 4213 837 4278 P.
854 4214 997 4279 Canisio
1012 4217 1048 4276 in
1061 4216 1216 4278 maximo
1232 4211 1349 4290 altari,
1362 4228 1451 4274 saxo
1468 4229 1531 4293 per
1541 4211 1588 4274 fe·

356 4333 513 4386 nestram
527 4321 698 4400 immisso,
715 4324 888 4387 salutatus
904 4324 1019 4404 luerit;
1037 4333 1071 4388 et
1085 4321 1211 4386 deinde
1233 4322 1270 4384 in
1292 4323 1382 4386 sesto
1398 4319 1588 4385 Ascensio·

361 4499 559 4508 .-—-—-

301 4661 304 4668 ,
399 4597 411 4632 ἱ
437 4599 530 4644 Recole
542 4611 606 4655 qnae
618 4599 728 4646 diximus
738 4613 825 4658 snpra,
836 4614 895 4658 pag.
908 4603 941 4657 tt,
951 4615 976 4646 n.
987 4603 1022 4656 ³1,
1032 4609 1119 4647 annot.
1131 4603 1151 4655 1,
1167 4613 1199 4645 ex
1209 4613 1259 4656 qno
1269 4603 1325 4646 loco
1340 4607 1443 4645 constat
1454 4601 1502 4644 hos
1511 4597 1589 4643 fuisse

359 4671 472 4716 omnium
481 4671 586 4728 primoo,
597 4673 639 4728 qul
650 4673 674 4718 ln
686 4673 802 4729 Colleglo
812 4675 928 4721 Romano
939 4675 1087 4730 theologiae
1098 4676 1188 4719 laurea
1199 4674 1287 4718 donati
1298 4678 1367 4718 sunt.
