3642 5350
354 382 408 445 231
818 383 945 445 Cnnou.
967 385 1042 445 Soc.
1064 386 1133 460 Jes.

353 532 499 597 vivendi
513 548 629 613 genus
644 534 881 613 tentabantur,
899 552 921 597 a
935 534 1073 599 ratione
1088 540 1206 597 tamen
1222 532 1365 599 vivendi
1378 534 1584 601 incommu-

352 640 401 721 ni,
416 639 494 704 Deo
509 641 675 721 propitia,
692 658 764 704 non
785 650 1020 705 recesserunt.

412 747 483 812 881.
526 746 566 811 In
590 764 782 829 progressu
807 748 910 829 hujus
936 750 1020 813 anni
1046 749 1190 814 scholae
1204 749 1410 815 imminutae
1428 750 1582 831 suerunt,

352 864 392 921 ut
406 856 479 921 lere
495 855 540 919 ad
554 858 749 937 nonaginta
764 872 836 920 non
850 856 1095 921 ascenderent:
1111 856 1274 922 fortassis
1288 858 1442 939 suspicio
1457 859 1582 939 pestis,

354 964 461 1029 etiam
476 963 544 1028 hoc
560 980 664 1042 anno,
677 964 828 1040 Patavii,
844 964 937 1028 sicut
948 972 982 1028 et
993 964 1165 1045 VenetiiS,
1183 964 1320 1047 aliquos
1332 964 1529 1045 inlicientis,
1546 966 1584 1031 in

354 1089 464 1136 causa
479 1070 559 1151 fuit;
581 1080 616 1134 et
635 1072 799 1151 quamvis
817 1070 996 1135 videretur
1021 1070 1116 1152 Mag.
1142 1072 1285 1137 Emerio
1309 1088 1410 1136 suam
1437 1089 1583 1153 operam

354 1196 426 1245 non
440 1194 519 1242 esse
532 1180 773 1242 necessariam
788 1178 823 1241 in
838 1178 982 1258 scholiS,
998 1178 1091 1259 quod
1107 1178 1181 1259 ejus
1195 1179 1360 1260 discipuli
1374 1180 1431 1243 vel
1446 1180 1492 1245 ad
1503 1180 1583 1245 reli·

355 1287 498 1367 gionem
512 1286 569 1349 vel
585 1288 630 1349 ad
650 1286 720 1349 alia
739 1284 855 1349 studia
875 1302 914 1349 se
936 1286 1098 1351 conferre
1118 1287 1266 1363 veilent,
1289 1296 1324 1351 et
1344 1286 1500 1367 reliquis,
1523 1287 1584 1369 qui

355 1392 542 1458 debiliores
564 1401 681 1472 erant,
703 1392 742 1455 P.
764 1392 934 1474 Aloysius
953 1392 1112 1457 sufficere
1131 1392 1335 1472 videbatur,
1357 1392 1487 1457 Rector
1509 1394 1584 1475 ipso

356 1500 458 1566 aliter
471 1501 661 1580 sentiebat,
685 1511 720 1565 et
741 1501 822 1565 inde
841 1511 994 1565 evocato
1017 1499 1112 1580 Mag.
1139 1500 1281 1565 Emerio
1308 1500 1328 1578 ¹,
1356 1502 1465 1565 alium
1489 1500 1583 1565 simi·

356 1608 426 1675 lem
441 1608 507 1690 ipsi
523 1608 729 1693 mittendum
745 1607 821 1688 ejus
839 1609 919 1676 loco
942 1609 1120 1688 censebat,
1144 1608 1251 1672 immo
1271 1618 1305 1673 et
1325 1608 1466 1674 tertium
1481 1625 1580 1689 prae·

356 1723 535 1798 ceptorem
551 1714 752 1781 addendum
767 1732 845 1779 esse
862 1708 1050 1797 judicavit.

415 1822 486 1889 882.
530 1822 619 1889 Cum
644 1840 861 1903 magnopere
885 1819 1086 1903 indigerent
1110 1822 1155 1887 ad
1178 1822 1372 1887 domestica
1388 1822 1584 1887 ministeria

357 1928 573 2011 coadjutoris
588 1930 736 2011 alicujus
749 1949 857 2013 opera
874 1931 1050 2010 (creverat
1063 1930 1156 1995 enim
1170 1930 1305 1995 familia
1323 1947 1435 2012 usque
1458 1930 1504 1995 ad
1527 1928 1585 1995 de·

358 2056 446 2120 cem,
463 2048 498 2103 et
512 2038 637 2103 deinde
651 2049 803 2121 quatuor
817 2038 932 2103 Roma
947 2040 1064 2103 missis
1080 2048 1114 2101 et
1128 2038 1199 2101 alio
1215 2038 1368 2118 aliunde,
1386 2038 1432 2103 ad
1443 2037 1585 2119 quinde-

358 2148 427 2210 cim
449 2148 721 2227 pervenerunt),
744 2146 1018 2211 Mediolanensis
1044 2145 1187 2227 quidam
1205 2144 1348 2225 J'uvenis
1368 2144 1405 2209 in
1427 2144 1585 2210 Societa-

357 2262 430 2319 tem
443 2254 579 2319 admitti
594 2254 802 2336 postulavit,
819 2270 923 2336 quem
938 2253 984 2317 ad
1003 2251 1127 2317 eadem
1148 2253 1343 2317 ministeria
1363 2251 1586 2334 aptissimum

359 2349 582 2429 invenerunt.
907 2419 913 2433 .

418 2468 491 2534 883.
534 2470 702 2550 Hospites
726 2468 917 2550 aliquando
942 2468 1135 2549 habebant,
1153 2480 1191 2533 ut
1209 2469 1248 2532 P.
1270 2467 1526 2549 Salmeronem,
1542 2484 1588 2532 ex

361 2577 507 2645 Polonia
529 2577 733 2643 redeuntem
758 2576 780 2654 ¹,
804 2585 838 2640 et
862 2576 1107 2655 'duodeviginti
1132 2576 1221 2656 illos,
1248 2578 1309 2658 qui
1333 2575 1587 2657 ingolstadium

364 2686 463 2750 missi
477 2695 559 2751 sunt
573 2684 595 2764 ⁸,
612 2694 752 2766 praeter
766 2685 804 2749 P.
822 2683 1011 2750 Simonem.

419 2791 490 2856 884.
534 2791 696 2874 Quinque
710 2792 760 2855 illi
771 2791 931 2873 juvenes
950 2793 992 2856 de
1007 2793 1134 2874 quibus
1145 2789 1330 2874 superius*
1346 2793 1477 2858 mentio
1490 2792 1588 2856 lactu

363 2911 428 2980 est,
444 2919 467 2964 a
480 2898 519 2964 P.
532 2900 671 2980 ignatio
686 2900 830 2963 admissi
845 2899 999 2979 fuerunt,
1021 2911 1056 2963 et
1076 2917 1206 2980 magno
1228 2917 1309 2966 cum
1330 2898 1507 2965 desiderio
1523 2897 1587 2963 Ro·

361 3025 458 3073 mam
472 3007 593 3072 venire
613 3007 681 3087 ipsi
699 3007 899 3087 cupiebant.
921 3005 990 3072 Sed
1005 3008 1134 3088 partim
1156 3017 1300 3088 propter
1319 3016 1465 3088 pestem,
1490 3005 1590 3087 quus

363 3116 469 3180 timor
488 3114 615 3178 itinera
634 3112 832 3193 claudebat,
853 3115 985 3194 partim
1008 3123 1152 3194 propter
1172 3115 1274 3194 bella,
1295 3132 1387 3196 quae
1404 3114 1540 3180 Romae
1554 3123 1589 3178 et

364 3224 401 3288 in
415 3222 546 3287 ditione
560 3221 742 3286 Ecclesiae
756 3223 986 3301 gerebantur,
1004 3221 1136 3287 differri
1159 3223 1313 3304 oportuit
1329 3239 1451 3288 eorum
1469 3221 1507 3286 in
1525 3220 1590 3288 Ur-

363 3331 443 3394 bem
462 3328 666 3409 adventum,
686 3347 767 3394 cum
782 3330 853 3394 alia
873 3329 1099 3394 Probationis
1113 3329 1261 3410 Domus
1287 3330 1347 3394 ubi
1368 3329 1591 3395 admitteren-

365 3448 434 3516 tur,
451 3438 487 3501 in
502 3427 602 3502 Italia
616 3438 713 3500 nulla
727 3446 831 3501 esset.

423 3543 494 3609 885.
538 3543 680 3608 Interim
694 3544 839 3624 quidam
853 3543 964 3609 frater
983 3545 1086 3624 iliius,
1109 3561 1213 3626 quent
1233 3545 1419 3611 Claudium
1434 3545 1592 3612 nomina·

367 3653 484 3716 vimus
499 3648 521 3728 ⁵,
537 3651 695 3716 animum
709 3651 816 3715 etiam
836 3650 881 3714 ad
900 3651 1116 3716 Societatem
1138 3651 1277 3733 adjecit,
1299 3663 1333 3718 et
1347 3654 1493 3735 quidam
1507 3653 1591 3718 Bar·

366 3757 1591 3840 tholomaeusQuarantotto⁸,etHoratiusejusdemcognominiS,idern

366 3867 600 3948 postularunt3
617 3876 652 3929 et
666 3866 739 3930 sere
755 3883 876 3931 omnes
892 3867 1093 3932 rhetoricae
1108 3866 1240 3932 dabant
1256 3883 1412 3950 operam,
1429 3869 1593 3950 quamvis

367 3986 401 4039 ct
417 3975 556 4055 logicae
574 3975 693 4054 plures
708 3991 831 4039 eorum
846 3975 1067 4040 studuerant.
1083 3973 1152 4039 Sed
1164 3974 1285 4042 dilatio
1302 3976 1526 4042 occasionem
1538 3975 1593 4040 de·

368 4082 419 4147 dit
434 4081 598 4146 daemoni
613 4081 784 4162 quosdam
799 4098 845 4145 ex
859 4081 914 4145 eis
931 4082 975 4145 ab
990 4081 1058 4146 hoc
1078 4083 1260 4164 proposito
1279 4082 1487 4165 abducendi,
1505 4085 1595 4148 inter

408 4287 417 4321 Ι
450 4286 517 4330 Vide
528 4298 615 4342 supra,
626 4292 646 4330 t.
656 4300 682 4339 v,
692 4299 752 4342 pag.
767 4288 811 4338 lul.
823 4299 838 4331 n
858 4287 906 4331 171.

407 4359 419 4392 ²
447 4357 515 4403 Vide
525 4369 614 4414 supra,
624 4369 682 4414 pag.
692 4359 727 4411 21,
738 4371 762 4403 n.
773 4360 808 4403 55.

407 4431 419 4462 ⁵
447 4430 514 4474 Vide
525 4431 600 4479 inira.
612 4431 672 4474 dum
681 4432 713 4475 de
726 4430 930 4486 ingolstadiensi
941 4431 1055 4486 Collegio
1065 4441 1149 4476 sermo
1161 4429 1198 4474 fit.

408 4505 419 4536 ⁴
447 4502 514 4546 Vide
524 4514 614 4557 supra,
625 4515 685 4557 pag.
695 4504 743 4554 tal,
754 4515 779 4546 n.
789 4503 838 4546 819.

408 4574 420 4606 ⁵
446 4573 513 4618 Vide
523 4585 611 4629 supra,
623 4587 683 4630 pag.
695 4576 801 4630 2³1,sub
813 4575 887 4619 linem
897 4586 956 4620 num
975 4575 1023 4618 86¹).

407 4645 420 4680 ⁸
446 4645 547 4692 ilua.
