3642 5350
775 458 838 524 An.
861 459 930 524 1556
1183 553 1188 564 Ι
1416 457 1470 524 689

295 605 387 672 2975.
430 607 488 673 Ad
503 607 633 690 oppida
648 609 755 673 etiam
769 609 909 697 Hispali
924 610 1044 676 vicina
1065 611 1174 694 aliqui
1188 627 1233 674 ex
1252 609 1386 674 nostris
1401 611 1466 674 uti·

236 715 316 779 liter
333 716 407 780 bini
425 716 667 782 mittebantur.
693 717 751 782 Ad
776 719 983 783 comitatum
998 719 1143 783 Nieblae
1163 717 1233 782 duo
1257 719 1357 783 missi
1372 735 1466 782 men-

236 840 311 887 sem
325 825 484 888 nnumin
504 824 708 906 praecipuis
726 823 803 905 ejus
822 827 1030 906 provinciae
1050 827 1209 908 oppidis,
1226 844 1317 908 quae
1333 841 1466 906 magna

149 959 152 962 ⁴
236 932 385 1011 penuria
407 949 526 996 rerum
547 932 796 1014 temporalium
821 951 864 998 eo
889 953 983 998 anno
1008 935 1270 1015 premebantur,
1294 932 1468 998 discurre·

236 1047 331 1119 runt;
346 1050 380 1103 et
395 1056 618 1122 quocumque
632 1059 671 1106 se
686 1042 954 1122 convertebant,
976 1042 1291 1121 concionabantur,
1309 1049 1344 1105 et
1359 1041 1469 1105 multa

236 1146 411 1228 colloquia
435 1148 636 1229 spiritualia
660 1148 849 1229 habebant,
877 1158 913 1212 et
938 1167 959 1214 a
984 1149 1097 1214 variis
1122 1149 1282 1230 peccatis
1307 1148 1469 1212 homines

234 1261 399 1318 avertere
414 1255 617 1320 nitebantur
640 1253 663 1316 ¹.
1280 1259 1286 1273 '

298 1365 390 1429 2976.
434 1361 755 1448 Confraternitates
774 1373 892 1428 autem
912 1364 949 1428 in
967 1362 1253 1444 juramentorum
1274 1363 1469 1430 remedium

235 1475 310 1540 lieri
329 1472 513 1538 curabant.
535 1470 593 1535 Ad
616 1470 652 1535 id
671 1471 778 1536 etiam
802 1471 994 1553 aliquando
1009 1480 1217 1552 praetorum
1232 1471 1360 1553 edicta,
1378 1488 1468 1553 quae

230 1583 374 1669 jurandi
389 1582 537 1647 abusum
551 1580 791 1663 prohiberent,
813 1579 1044 1644 accedebant.

292 1693 384 1757 2977.
427 1690 508 1754 Duo
532 1688 594 1752 alii
604 1719 844 1734 -----
857 1685 870 1717 ’
889 1704 981 1769 quae
997 1703 1069 1750 non
1091 1685 1283 1752 mediocris
1304 1695 1358 1752 est
1375 1687 1468 1752 inter

233 1799 399 1866 Baeticae
414 1797 531 1878 urbes,
548 1795 681 1876 adiere,
698 1804 733 1860 et
752 1795 883 1876 ubique
897 1795 1030 1859 bonum
1045 1793 1193 1859 odorem
1217 1795 1253 1858 ib
1271 1793 1397 1859 itinere
1412 1795 1467 1858 sui

233 1906 491 1990 relinquebant,
514 1902 608 1985 quod
633 1903 679 1966 ad
703 1903 817 1967 vitam
841 1911 876 1966 et
901 1901 1103 1966 doctrinam
1118 1901 1255 1980 attinet,
1279 1911 1314 1965 et
1335 1902 1378 1966 de
1392 1901 1466 1966 suis

234 2013 428 2082 defectibus
442 2012 604 2076 homines
619 2009 868 2089 admonebant,
885 2018 921 2074 et
932 2010 1088 2075 remedio
1101 2009 1147 2074 ad
1163 2009 1361 2091 hujusmodi
1375 2026 1464 2074 mor·

232 2124 298 2187 bos
312 2120 490 2187 curandos
504 2117 755 2200 suggerebant.
773 2115 812 2181 In
827 2118 905 2198 ipsa
923 2124 1042 2182 autern
1065 2117 1209 2181 civitate
1229 2116 1315 2197 Siga
1333 2133 1463 2198 magna

233 2247 314 2295 cum
327 2228 463 2293 laetitia
478 2225 617 2306 excepti
632 2234 726 2305 sunt,
742 2233 781 2288 ut
796 2242 886 2305 quos
900 2222 961 2287 diu
978 2222 1023 2289 ad
1038 2241 1077 2289 se
1092 2225 1183 2289 mitti
1197 2223 1462 2306 concupierant.

232 2334 443 2404 Concionati
457 2342 538 2398 sunt
554 2333 591 2397 in
605 2332 769 2397 omnibus
782 2331 965 2412 parochiis
981 2331 1075 2412 apud
1090 2331 1215 2411 iorum,
1233 2347 1415 2395 carcerem
1430 2340 1465 2396 et

231 2446 326 2525 alibi,
344 2453 377 2508 et
392 2460 531 2524 semper
547 2441 672 2505 aderat
691 2441 859 2521 frequens
876 2438 1100 2517 clericorum,
1117 2437 1288 2503 nobilium
1302 2446 1337 2503 et
1356 2439 1464 2503 etiam

231 2553 481 2633 religiosorum
495 2547 724 2613 auditorium.
740 2545 897 2629 Populus
912 2556 1043 2627 autem,
1059 2546 1137 2610 sive
1152 2545 1254 2610 lestis
1270 2555 1330 2610 aut
1350 2546 1462 2626 profe·

231 2660 297 2725 stis
311 2657 434 2724 diebus
448 2656 758 2733 concionarentur,
775 2671 838 2719 eos
856 2653 1087 2736 sequebatur,
1108 2662 1143 2719 et
1157 2671 1281 2719 eorum
1300 2653 1463 2719 doctrina

232 2768 399 2832 universa
415 2766 544 2830 civitas
559 2773 613 2829 est
628 2772 819 2828 commota.

291 2873 383 2939 2978.
426 2872 618 2936 Multorum
644 2871 887 2937 confessiones
913 2870 1056 2935 auditae
1080 2868 1234 2949 fuerunt,
1251 2868 1461 2934 conciliatae

232 2981 463 3060 concordiae,
485 2977 616 3044 infirmi
635 2980 810 3044 consolati
828 2985 863 3043 et
883 2979 953 3042 alia
975 2976 1177 3058 huiusmodi
1192 2976 1333 3059 pietatis
1352 2993 1460 3059 opera

231 3088 356 3154 effecta
367 3088 520 3167 luerunt3
533 3086 637 3151 ludos
649 3087 757 3150 etiam
767 3086 961 3150 litterarios
973 3085 1180 3165 invisenteS,
1193 3094 1269 3149 tam
1280 3084 1461 3165 magistris

231 3214 337 3279 quam
351 3194 533 3276 discipulis
547 3194 717 3258 salutaria
734 3192 959 3273 documenta,
977 3200 1015 3257 ut
1033 3193 1070 3256 in
1090 3192 1247 3257 moribus
1266 3192 1459 3274 litterisque

230 3303 463 3387 proficerent,
491 3302 691 3366 tradebant.
724 3300 769 3365 Ut
797 3310 916 3365 autem
943 3300 1080 3365 fructus
1105 3318 1176 3364 non
1201 3299 1391 3364 mediocris
1416 3318 1466 3363 ex‘

229 3428 353 3477 eorum
370 3409 574 3493 praesentia
599 3410 823 3490 sequebatur,
843 3408 894 3472 ita
918 3419 1122 3473 nostrorum
1147 3416 1328 3472 recessum
1353 3424 1460 3486 aegre

230 3519 419 3585 admodum
445 3519 543 3583 cives
568 3516 745 3596 ferebant,
769 3527 803 3581 et
828 3515 972 3581 domum
991 3526 1195 3581 nostrorum
1215 3533 1324 3597 penes
1341 3533 1380 3579 se
1399 3514 1458 3578 ha·

228 3631 312 3693 bere
326 3627 527 3710 cupiebant;
543 3636 578 3690 et
592 3623 736 3708 quidam
751 3643 796 3688 ex
819 3624 995 3689 nobilibus
1016 3624 1052 3687 id
1068 3622 1216 3689 curandi
1236 3622 1459 3705 provinciam

231 3735 396 3817 suscepit.

289 3843 380 3908 2979.
424 3842 556 3907 Rector
580 3841 656 3921 ipse
676 3839 824 3920 Collegii
849 3840 1036 3922 aliquoties
1060 3840 1302 3920 Marcbenam,
1328 3848 1458 3918 rogatu

269 4014 278 4045 ¹
307 4012 452 4057 Comitatus
461 4012 578 4065 Nleblae,
589 4010 620 4054 de
630 4022 681 4066 quo
692 4010 734 4055 bic
745 4011 802 4066 agit
813 4010 952 4067 Polancne,
962 4012 1140 4067 “pertenecee
1154 4012 1181 4056 la
1196 4020 1259 4055 casa
1273 4009 1314 4054 del
1329 4008 1413 4065 doque
1426 4008 1458 4053 de

227 4082 328 4128 lledlna
339 4082 470 4128 Silonln..:
481 4096 508 4127 se
519 4094 642 4137 compone
653 4081 684 4125 de
696 4082 723 4126 16
731 4082 847 4136 puebloe,
857 4089 931 4127 entre
942 4084 980 4128 los
990 4094 1039 4139 que
1050 4082 1102 4138 bey
1111 4083 1125 4127 ³
1135 4083 1214 4127 villas
1230 4092 1278 4127 con
1291 4080 1459 4137 jurisdlcclon

225 4156 318 4210 propia
327 4158 341 4198 ε
351 4154 550 4210 independlente
559 4156 591 4199 de
601 4160 658 4199 otro
669 4155 753 4209 loger,
763 4157 780 4198 ί
790 4155 882 4199 saber:
899 4154 1002 4209 Niebla‚
1019 4157 1141 4199 rubeae...
1155 4155 1198 4199 del
1214 4152 1338 4207 condedo,
1353 4152 1460 4207 'frigue-

129 4255 133 4259 Α
225 4238 269 4272 ros
279 4239 296 4282 y
306 4226 440 4272 Valverde
451 4228 494 4272 del
504 4226 652 4280 Camino...„
662 4225 761 4279 llaooz,
773 4226 945 4271 Diccionario
960 4224 1416 4281 geograficoestadisttcolristdrico
1425 4225 1459 4268 de

225 4298 348 4354 Esparla,
356 4304 377 4343 t.
387 4310 434 4352 xrr,
451 4310 511 4354 pag.
528 4298 575 4342 159.
585 4298 652 4343 Vide
667 4297 789 4343 Litterae
803 4297 1044 4351 Quadrlmestres,
1059 4306 1078 4343 t.
1094 4309 1130 4353 tv,
1148 4310 1209 4352 pag.
1223 4298 1264 4342 419
1278 4306 1366 4341 annot.
1380 4296 1401 4350 6,
1414 4297 1458 4341 ubi

226 4382 310 4416 sermo
320 4378 360 4417 eet
371 4371 402 4415 de
412 4370 511 4424 Joanne
522 4371 654 4425 alphonso
665 4370 696 4415 de
707 4368 824 4417 Guzman
834 4372 859 4415 el
870 4370 967 4426 Bueno,
979 4370 1080 4415 Comite
1092 4370 1123 4414 de
1135 4370 1227 4415 Niebla
1242 4378 1269 4414 et
1286 4368 1357 4413 Duce
1374 4368 1412 4413 VI
1427 4369 1458 4413 de

228 4442 331 4489 Medius
342 4443 457 4489 Sidonia.

270 4516 282 4547 ¹
309 4515 338 4560 ln
351 4526 399 4561 ms.
413 4516 487 4561 deest
504 4517 620 4569 verbum,
638 4527 688 4571 quo
705 4517 777 4561 urbis
792 4526 886 4560 nomen
901 4515 1041 4569 indicatam
1060 4516 1128 4561 inire
1144 4526 1208 4560 vero
1219 4516 1310 4560 stntlnr
1324 4516 1459 4570 perspicue

226 4586 292 4641 Siga
302 4588 398 4633 elvltu
407 4589 565 4634 nominatur.
576 4587 730 4643 ornanum,
740 4588 812 4634 Hirr.
822 4588 878 4633 Soc.
888 4588 956 4644 Jes,
965 4589 1009 4633 lib.
1020 4600 1074 4642 xvr,
1085 4600 1109 4632 n.
1120 4588 1156 4641 53,
1167 4587 1232 4632 baec
1248 4586 1337 4631 trudit:
1349 4586 1459 4633 “Marce-

226 4669 296 4713 nern,
306 4658 433 4713 Nieblam,
442 4659 540 4715 sigum.
549 4671 692 4716 novemque
702 4662 757 4705 alla
767 4661 793 4705 ln
804 4660 900 4715 oppida
909 4671 1048 4705 excursam
1058 4661 1092 4705 ab
1102 4659 1185 4704 Sociis
1200 4657 1399 4714 Hispalensibus
1410 4667 1459 4717 est,

227 4730 254 4776 ld
265 4731 334 4777 inter
344 4738 450 4777 caetere
457 4733 616 4788 cnrantlbns,
627 4738 655 4778 ut
665 4733 769 4779 scholae
780 4732 932 4778 catechismi
941 4733 1109 4787 excitarent„

371 4821 411 4879 T.
431 4840 472 4882 vr.
1246 4839 1282 4895 44
