3642 5350
336 388 391 453 382
794 390 922 455 Canon.
942 391 1021 453 Soc.
1040 390 1110 467 Jns.
1155 447 1159 457 .

338 548 413 604 tere
426 547 582 621 possent;
606 547 640 601 et
654 538 704 602 ita
725 539 825 602 multi
840 555 922 601 suos
943 538 1074 601 liberos
1089 538 1286 601 mittebant.
1302 536 1371 618 Qui
1386 536 1480 601 enim
1494 534 1562 600 edi·

338 657 435 713 ctum
448 646 765 727 promulgaverant
785 644 1038 709 Universitatis
1058 644 1250 725 Pragensis
1268 645 1430 724 magistri
1449 652 1562 721 erant,

339 751 514 836 quaejam
539 771 602 817 sua
625 752 815 834 privilegia
839 762 985 833 propter
1009 751 1165 816 schisma
1190 752 1368 817 amiserat.
1392 752 1437 816 Et
1456 752 1563 815 etiam

339 861 432 943 apud
446 860 543 941 ipsos
556 861 694 925 husitas
708 877 834 941 parum
850 859 1072 924 auctoritatis
1086 860 1274 924 habebant.

400 968 488 1033 1604.
532 968 725 1033 Lutherani
744 966 870 1048 majori
891 968 1009 1032 adhuc
1030 968 1112 1032 odio
1137 977 1279 1032 nostros
1304 968 1563 1049 prosequeban-

338 1088 406 1157 tur,
427 1087 463 1139 et
480 1076 546 1140 sibi
564 1085 734 1156 tanquam
753 1073 874 1138 hostes
896 1074 1035 1155 juratos
1055 1092 1141 1140 suae
1161 1086 1280 1139 sectae
1299 1075 1561 1139 existimabant.

338 1183 417 1249 Non
431 1200 556 1263 parurn
571 1183 760 1246 exercebat
771 1182 979 1263 patientiam
993 1181 1030 1245 P.
1045 1182 1209 1247 Canisius
1221 1199 1302 1247 cum
1313 1182 1563 1246 hishominum

339 1291 538 1372 generibus,
555 1306 643 1370 quos
658 1290 694 1354 in
709 1290 898 1371 reprobum
913 1306 1056 1354 sensum
1071 1290 1175 1354 datos
1189 1291 1427 1354 existimabat.

403 1397 490 1462 1605.
533 1398 685 1462 Dolebat
699 1398 756 1461 ille
769 1408 889 1461 tamen
911 1398 1006 1477 quod
1018 1397 1055 1460 in
1069 1398 1225 1461 Bavaria
1240 1398 1347 1461 etiam
1362 1396 1563 1462 communio

340 1507 404 1573 sub
417 1515 566 1586 utraque
577 1505 707 1586 specie,
720 1504 1017 1586 quemadmodum
1032 1514 1067 1567 et
1084 1504 1119 1568 in
1131 1504 1277 1568 Austria
1288 1506 1356 1568 hoc
1368 1505 1445 1586 ipso
1456 1521 1561 1580 anno,

339 1614 515 1696 promissa
534 1630 556 1676 a
574 1612 794 1693 Principibus
819 1622 925 1693 esset;
949 1621 983 1675 et
1007 1613 1089 1693 quia
1112 1620 1213 1675 turca
1232 1611 1455 1690 Hungariam
1472 1612 1563 1675 bello

340 1720 533 1802 premebat,
549 1729 584 1784 et
599 1718 784 1784 Archidux
801 1720 830 1783 F
832 1719 1061 1798 erdinanduS,
1081 1719 1154 1784 dux
1172 1737 1358 1801 supremus
1374 1720 1561 1798 exercituS,

340 1837 463 1892 contra
478 1826 576 1891 illum
590 1827 772 1891 institutus
785 1837 874 1905 erat,
891 1836 925 1890 et
941 1827 978 1889 in
989 1826 1213 1906 Hungariam
1226 1844 1308 1891 cum
1323 1828 1440 1891 multis
1455 1826 1563 1889 homi·

340 1952 423 1999 num
448 1935 600 2000 millibus
623 1932 925 2015 proficiscebatur;
945 1934 982 1997 P.
1004 1934 1178 2013 Canisius,
1195 1936 1255 2016 qui
1270 1952 1380 2016 usque
1399 1934 1445 1998 ad
1458 1934 1563 1997 finem

339 2040 422 2125 J'ulii
436 2042 472 2105 in
486 2041 690 2105 Cathedrali
705 2042 855 2105 ecclesia
878 2058 1001 2105 coram
1020 2042 1099 2121 ipso
1119 2043 1351 2109 concionatus
1370 2040 1496 2119 luerat,
1515 2039 1563 2104 fa·

339 2151 505 2213 cultatem
521 2150 565 2211 ab
578 2167 620 2213 eo
632 2148 790 2212 obtinere
800 2150 924 2229 potuit,
937 2157 976 2211 ut
986 2150 1023 2212 in
1034 2148 1227 2213 Bavariam
1239 2159 1416 2230 pergeret,
1430 2158 1464 2213 et
1474 2150 1563 2212 litte·

340 2274 399 2321 ras
414 2256 522 2320 etiam
535 2255 711 2319 officiosas
725 2255 831 2319 valde
847 2255 892 2318 ad
907 2255 1021 2335 ipsum
1036 2255 1212 2319 Bavariae
1226 2256 1363 2320 Ducem
1378 2256 1484 2320 dedit.

401 2362 488 2427 1606.
532 2362 728 2427 Postulavit
742 2372 860 2427 autern
875 2372 958 2427 ante
973 2380 1152 2427 recessum
1166 2384 1187 2427 a
1203 2363 1241 2427 P.
1258 2364 1396 2444 ignatio
1411 2381 1565 2429 commu·

339 2472 552 2536 nicationem
576 2470 748 2533 honorum
773 2468 961 2533 Societatis
985 2481 1130 2534 nostrae
1149 2488 1213 2551 pro
1235 2470 1389 2535 Domino
1408 2471 1564 2535 Henrico

339 2578 534 2657 Scribonia,
548 2577 757 2658 Praeposito
768 2578 948 2657 pragensi,
962 2578 1019 2641 cui
1031 2578 1075 2641 ab
1087 2577 1187 2642 initio
1196 2578 1394 2659 Collegium
1402 2589 1565 2642 nostrum

339 2687 526 2768 plurimum
545 2687 673 2750 debere
693 2687 821 2766 coepit:
842 2686 905 2749 sed
928 2704 1007 2750 cum
1028 2687 1240 2750 excessisset
1257 2686 1331 2766 jam
1351 2687 1390 2750 P.
1407 2687 1566 2767 ignatius

340 2811 361 2858 a
375 2795 482 2858 rebus
495 2793 670 2872 humanis,
685 2791 725 2873 P.
741 2792 896 2874 Jacobus
910 2792 1055 2873 Laynez
1069 2793 1163 2874 quod
1174 2795 1359 2874 petebatur
1375 2795 1563 2858 concessit.

403 2901 491 2964 1607.
535 2898 615 2964 Non
635 2901 749 2964 solum
769 2909 887 2963 autem
908 2901 967 2962 ille
986 2901 1030 2963 de
1044 2899 1233 2980 Societate,
1255 2902 1317 2965 sed
1337 2903 1382 2965 de
1396 2912 1471 2965 tota
1486 2903 1564 2965 reli·

339 3009 445 3091 gione
460 3007 635 3072 catholica
650 3007 885 3072 benemeritus
902 3008 1091 3073 admodum
1112 3021 1201 3073 erat.

402 3115 490 3182 1608.
533 3114 686 3194 Magnus
700 3124 777 3178 erat
792 3115 884 3178 inter
899 3113 1019 3180 fideles
1034 3117 1232 3181 catholicos
1247 3134 1334 3198 erga
1349 3116 1564 3182 Societatem

339 3233 499 3288 nostram
513 3221 616 3286 lavor
631 3231 665 3285 et
680 3220 890 3300 aedificatio,
903 3224 1060 3287 excitata
1072 3234 1106 3288 et
1118 3235 1223 3289 aucta
1234 3227 1363 3289 mirum
1373 3227 1410 3288 in
1422 3225 1565 3290 modum

340 3330 571 3395 concionibus
591 3328 627 3392 P.
650 3327 795 3408 Canisii,
817 3327 917 3409 cujus
933 3330 1107 3409 doctrina,
1130 3343 1205 3395 tam
1223 3330 1420 3396 Archiduci
1439 3342 1473 3396 et
1488 3333 1566 3396 aliis

339 3425 518 3520 primariis
539 3437 638 3513 viris,
659 3453 765 3516 quam
786 3436 881 3516 apud
900 3441 1068 3517 populum
1084 3439 1298 3504 catholicum
1318 3456 1487 3518 magnam
1507 3437 1565 3502 ad·

339 3545 483 3609 modum
511 3543 756 3607 auctoritatem
778 3543 941 3608 habebat.
969 3544 1054 3624 Ejus
1081 3545 1208 3610 deinde
1228 3547 1266 3609 in
1292 3548 1566 3610 conversatione

339 3651 537 3734 prudentia,
554 3667 624 3731 qua
644 3651 806 3715 omnibus
827 3669 865 3714 se
886 3653 1189 3726 accommodabat,
1213 3664 1248 3716 et
1270 3654 1306 3716 in
1327 3655 1450 3735 primis
1470 3653 1567 3716 vitae

340 3759 540 3840 exemplum
554 3759 715 3822 homines
728 3758 796 3838 ipsi
812 3774 1028 3839 magnopere
1044 3760 1290 3825 conciliabant.

402 3865 489 3929 1609.
533 3864 636 3929 Plebs
660 3865 837 3943 minutior,
861 3883 932 3929 non
957 3869 1072 3930 solum
1097 3867 1353 3932 catholicorum
1378 3869 1566 3933 sedetiam
1596 3938 1599 3943 Α

341 3973 551 4053 husitarum,
568 3991 649 4037 cum
670 3973 778 4054 aliqui
797 3991 842 4037 ex
862 3975 994 4037 nostris
1014 3974 1050 4037 in
1072 3974 1248 4053 publicum
1270 3976 1465 4056 prodirent,
1487 3993 1567 4039 cum

341 4080 575 4145 admiratione
595 4098 657 4144 eos
675 4080 854 4159 videbant,
872 4090 906 4146 et
927 4078 1009 4162 [res]
1026 4082 1200 4160 gerebant
1221 4083 1256 4146 in
1277 4084 1427 4164 publicis
1447 4084 1516 4172 viis
1529 4092 1569 4145 ut

341 4205 402 4252 eos
422 4187 554 4252 diutius
573 4189 908 4269 contemplarentur.
930 4189 975 4252 Et
995 4189 1159 4269 quamvis
1178 4190 1316 4254 husitae
1336 4208 1409 4255 non
1428 4190 1568 4271 ingredi

341 4298 509 4378 templum
528 4305 689 4360 nostrum
708 4306 959 4378 proponerent,
979 4297 1206 4360 nihilominus
1226 4295 1428 4378 frequentes
1447 4298 1493 4362 ad
1507 4297 1569 4363 Sa·

342 4421 405 4468 cra
424 4403 654 4484 accedebant,
675 4413 710 4467 et
730 4403 921 4484 praecipue
947 4420 989 4466 eo
1014 4413 1184 4484 tempore,
1206 4422 1276 4485 quo
1302 4405 1413 4468 nostri
1439 4405 1569 4469 fratres

342 4511 664 4591 communicabant;
691 4519 725 4574 et
744 4511 853 4590 aliqui
872 4529 917 4574 ex
937 4511 1030 4574 italis
1055 4512 1239 4591 operariis,
1265 4511 1324 4593 qui
1349 4513 1385 4576 in
1408 4511 1568 4576 aedificio

341 4619 454 4686 nostri
469 4619 618 4700 Collegii
633 4619 729 4698 (nam
744 4617 914 4683 Bohemia
933 4617 1044 4684 fabris
1059 4619 1225 4683 murariis
1243 4619 1372 4685 italicis
1387 4620 1567 4700 abundat),
