3642 5350
330 419 366 480 Po
787 416 915 478 Canon.
935 415 1013 477 Soc.
1033 417 1104 491 Jas.

333 563 435 627 nibus
446 563 628 644 pugnabat
639 563 686 638 (et
698 563 898 643 exemplum
910 561 1014 642 hujus
1024 562 1221 643 particulae
1233 561 1503 626 Constitutionis
1514 561 1559 625 ad

331 669 536 748 Henricum,
553 668 665 732 Ducis
679 666 918 734 Secretarium
933 678 968 732 et
987 667 1135 748 Collegii
1149 678 1403 748 promotorem,
1420 669 1514 732 misit
1537 667 1560 746 ¹)

332 776 396 840 sed
417 784 680 856 praestaturum
705 792 743 838 se
768 792 822 852 ea,
843 793 935 856 quae
954 773 1038 838 Dux
1059 776 1212 856 petebat,
1233 775 1354 853 libere,
1379 775 1522 857 scripsit
1536 778 1559 839 ¹.

332 881 407 946 Nec
429 882 536 946 etiam
560 881 773 946 Societatem
792 899 813 944 a
833 880 935 946 Duce
958 882 1210 961 obligationem
1232 883 1342 946 ullam
1367 883 1558 963 requirere,

334 989 401 1052 nisi
422 1007 513 1069 quae
534 989 674 1068 ipsimet
694 990 861 1070 placeret.
889 987 1042 1070 Sperare
1066 1005 1105 1052 se
1130 997 1247 1053 tamen
1268 989 1421 1069 scripsit,
1443 988 1560 1053 fructu

335 1097 487 1178 Collegii
502 1106 704 1178 perspecto,
730 1096 879 1160 libenter
901 1112 992 1176 quae
1017 1095 1063 1159 ad
1096 1095 1345 1159 stabiliendum
1366 1095 1562 1175 Collegium

333 1202 561 1283 pertinerent,
578 1200 779 1283 Principem
798 1219 876 1266 esse
898 1201 1087 1281 facturum;
1114 1204 1207 1266 nolle
1228 1219 1267 1265 se
1287 1203 1323 1265 in
1348 1200 1563 1266 Societatem

335 1310 429 1374 hanc
444 1307 735 1373 consuetudinem
756 1309 936 1388 inducere,
955 1310 1107 1388 collegia
1128 1326 1209 1372 curn
1222 1309 1337 1389 pactis
1357 1317 1418 1372 aut
1433 1309 1564 1387 obliga·

335 1416 489 1480 tionibus
503 1416 722 1494 admittendi,
739 1416 835 1497 quod
849 1431 916 1480 nec
930 1433 1012 1479 cum
1027 1414 1125 1495 Rege
1141 1414 1387 1480 Romanorum
1401 1431 1467 1478 nec
1483 1432 1564 1479 cum

336 1523 406 1586 alio
432 1521 594 1604 Principe
624 1531 685 1586 aut
709 1521 895 1586 fundatore
925 1520 1077 1601 alicujus
1104 1522 1246 1602 collegii
1274 1520 1407 1586 iactum
1434 1521 1572 1585 suerat<

337 1629 565 1693 Considerari
583 1628 724 1708 quidem
743 1627 972 1692 fundatorum
988 1629 1232 1704 intentionem,
1249 1638 1289 1692 ut
1304 1629 1337 1691 ei
1352 1645 1390 1692 se
1405 1627 1565 1693 Societas

336 1736 591 1814 accommodet,
605 1736 668 1798 sed
678 1753 744 1798 nos
758 1735 850 1798 nolle
865 1736 1026 1814 obligare
1041 1735 1087 1798 ad
1101 1751 1144 1798 ea
1157 1736 1363 1814 ministeria,
1380 1753 1472 1816 quae
1483 1751 1564 1816 gra·

337 1844 394 1922 tia,
413 1855 557 1923 propter
572 1845 686 1906 solum
701 1841 834 1905 Christi
849 1859 1019 1920 amorem,
1033 1858 1200 1906 exercere
1210 1844 1387 1921 volumus,
1400 1842 1565 1923 quamvis

338 1950 549 2013 sustentatio
571 1949 702 2012 nostris
727 1948 931 2012 necessaria
953 1948 1170 2028 admittatur,
1193 1958 1228 2012 et
1244 1949 1327 2029 quia
1347 1947 1508 2013 Societas
1527 1949 1565 2011 li·

338 2058 511 2120 bertatem
526 2056 678 2120 retinere
693 2057 769 2119 vult
789 2065 839 2131 ut,
861 2055 892 2119 si
914 2055 1067 2119 fructum
1088 2055 1199 2119 divini
1214 2056 1373 2136 obsequii
1389 2075 1434 2119 ex
1449 2056 1567 2136 aliquo

338 2164 417 2226 loco
431 2179 503 2226 non
518 2161 647 2242 capiat,
664 2179 767 2225 suum
782 2163 1017 2226 ministerium
1032 2162 1068 2225 in
1083 2163 1191 2225 alium
1208 2162 1410 2226 transferat.

399 2267 450 2331 67.
493 2267 716 2332 Fundatores
736 2267 854 2346 etiam,
881 2267 964 2332 licet
990 2266 1124 2331 reditus
1147 2276 1338 2348 perpetuos
1367 2269 1568 2350 relinquant

339 2375 561 2455 (praesertim
576 2374 607 2437 si
622 2375 692 2438 sint
707 2373 915 2455 Principes),
929 2374 960 2437 si
971 2374 1116 2437 videant
1127 2373 1162 2436 id
1177 2392 1250 2437 non
1261 2375 1457 2454 observari,
1471 2375 1567 2456 qnod

339 2484 376 2545 in
400 2481 664 2546 fundationibus
683 2482 912 2546 intendebant
932 2482 1000 2562 ipsi
1018 2494 1081 2544 aut
1098 2497 1222 2544 eorum
1241 2492 1497 2557 antecessores,
1518 2481 1567 2545 ia·

340 2589 405 2652 cile
421 2605 525 2669 posse
540 2589 735 2652 dissolvere
750 2587 844 2669 quod
859 2589 904 2651 ab
919 2589 971 2652 eis
991 2587 1190 2651 institutum
1204 2586 1331 2652 fuerat.
1348 2589 1391 2653 Et
1406 2589 1473 2664 has
1488 2605 1569 2652 cau-

341 2713 402 2759 sas
416 2695 562 2774 addidit,
579 2706 724 2775 propter
739 2712 828 2777 quas
842 2697 950 2759 nollet
964 2712 1046 2759 cum
1065 2695 1180 2775 pactis
1200 2696 1281 2758 ullis
1298 2696 1495 2775 Collegium
1509 2696 1569 2758 ad·

341 2803 493 2866 mittere.
510 2800 644 2865 Obtulit
659 2812 778 2866 autem
793 2820 830 2865 se
845 2820 907 2865 eos
923 2802 1126 2876 missurum,
1142 2818 1232 2882 quos
1248 2795 1417 2882 Princeps
1431 2812 1569 2883 expete·

340 2910 412 2989 bat,
430 2909 576 2987 scilicet,
595 2910 683 2973 duos
698 2910 862 2973 doctores
877 2910 1089 2989 theologiae,
1100 2917 1136 2972 et
1149 2908 1353 2988 linguarum
1364 2909 1568 2988 magistros

340 3016 400 3096 qui
415 3015 637 3079 scholasticis
649 3014 816 3095 juvandis
830 3016 866 3080 in
881 3015 1007 3079 litteris
1025 3032 1069 3078 ac
1089 3015 1246 3078 moribus
1261 3025 1445 3094 vacarent,
1472 3015 1565 3079 inter

340 3139 432 3204 quos
448 3122 555 3186 etiam
570 3123 799 3186 concionator
814 3121 953 3185 iuturus
968 3131 1056 3185 erat.

398 3228 450 3291 68.
494 3228 615 3293 Mense
630 3245 716 3308 ergo
730 3228 900 3311 Januario
916 3227 1020 3309 hujus
1034 3230 1117 3292 anni
1136 3230 1226 3293 haec
1248 3228 1390 3309 scripsit
1410 3226 1448 3293 P.
1470 3226 1573 3308 igna-

344 3336 416 3399 tius
431 3336 613 3416 praedicto
629 3336 797 3414 Henrico;
820 3352 905 3398 nam
925 3332 1019 3399 Dnci
1038 3336 1194 3400 breviter
1212 3352 1421 3416 responsum
1442 3345 1506 3399 est.
1527 3334 1572 3399 Et

343 3442 490 3520 addidit,
514 3442 543 3506 si
564 3441 715 3505 ecclesia
735 3442 867 3505 nostris
886 3459 959 3505 non
980 3442 1127 3505 daretur
1147 3444 1260 3506 libera
1280 3443 1327 3506 ad
1349 3452 1573 3506 sacramenta

348 3550 582 3614 ministranda
608 3559 642 3613 et
661 3550 810 3613 verbum
829 3547 897 3612 Dei
916 3549 1201 3630 proponendum,
1224 3551 1398 3614 minorem
1419 3549 1574 3615 fructum

385 3792 393 3825 Ι
423 3791 561 3845 Colligitur
571 3801 602 3833 ex
614 3790 655 3834 his
664 3789 698 3833 ed
709 3788 848 3833 Henrlcum
859 3787 1034 3840 Schwelclrer,
1044 3789 1123 3834 Ducis
1134 3788 1265 3835 Bavarlae
1277 3789 1460 3844 Secretarinm,
1469 3791 1574 3835 missam

344 3864 423 3909 tuisse
434 3874 492 3907 cnm
501 3863 607 3916 litteris,
617 3872 681 3917 quas
696 3860 777 3905 hebes
787 3862 812 3904 in
824 3860 920 3904 cartas
929 3861 963 3905 de
974 3861 1030 3904 San
1040 3860 1160 3915 ignatio,
1169 3869 1188 3905 t.
1200 3872 1236 3916 vt,
1247 3873 1307 3916 pau.
1317 3861 1408 3906 titiis
1416 3871 1442 3905 et
1454 3874 1514 3917 pap.
1525 3862 1575 3906 103·

344 3935 392 3989 107,
406 3935 572 3990 particulam,
590 3942 656 3987 quae
671 3932 818 3975 continetur
834 3932 859 3974 ln
875 3930 962 3975 Const.
975 3932 1031 3976 Soc.
1045 3932 1113 3987 Jes„
1126 3941 1196 3987 part.
1208 3944 1244 3985 tr,
1255 3944 1313 3987 cap.
1323 3934 1343 3987 7,
1355 3932 1369 3985 ξ
1379 3935 1425 3976 ult.
1436 3942 1462 3977 et
1475 3934 1520 3986 Fa,
1530 3933 1574 3977 ubl

343 4006 433 4061 egitur
443 4006 474 4049 de
484 4004 692 4059 obligationibus,
704 4014 770 4057 qnae
781 4004 805 4046 ln
817 4002 966 4047 fundatione
978 4002 1151 4057 Colleoeiornm
1161 4006 1254 4059 suscipi
1266 4016 1316 4047 non
1326 4004 1428 4049 debent.
1436 4004 1533 4048 Verum
1542 4005 1576 4048 ad

345 4078 427 4132 ipsum
439 4076 585 4129 lienrlcurn,
596 4088 647 4120 una
658 4086 715 4119 cum
725 4074 820 4129 ignatii
831 4074 865 4117 ad
875 4073 1008 4118 Barariae
1018 4074 1117 4118 Ducem
1127 4075 1224 4118 litteris
1233 4075 1380 4127 (Cartasde
1391 4074 1446 4117 San
1457 4073 1579 4129 Ignacio,

345 4156 364 4193 t.
375 4160 411 4203 vt,
421 4160 480 4203 pap.
490 4148 583 4193 att-ns
592 4155 619 4191 et
629 4159 689 4203 pag.
700 4146 786 4195 99-103)
796 4146 901 4190 missurn
909 4152 958 4198 est,
967 4153 996 4189 ut
1007 4146 1072 4190 Ducl
1087 4148 1262 4200 exhiberetur,
1277 4153 1467 4200 transumptum
1484 4147 1578 4208 capitis

345 4220 422 4276 primi
432 4228 541 4275 quartae
552 4220 635 4274 partis
646 4219 794 4263 earumdem
806 4218 1041 4270 constitutionum,
1049 4220 1116 4274 quod
1127 4226 1167 4263 est
1178 4217 1219 4261 De
1230 4218 1360 4262 memoria
1370 4218 1494 4261 habenda
1505 4218 1576 4263 Fun·

345 4293 472 4335 datorum
492 4294 517 4334 et
532 4291 598 4335 bene
618 4291 651 4333 de
671 4290 795 4343 Collegir's
814 4292 981 4333 mertiorum.
997 4290 1026 4333 Id
1041 4291 1110 4334 enlm
1127 4300 1249 4344 expresse
1266 4290 1393 4333 asseritur
1410 4290 1435 4333 ln
1455 4290 1578 4334 Historia

347 4375 394 4409 nte.
406 4362 514 4415 Collega
521 4361 757 4416 ingolstadiensis,
765 4364 881 4417 nbl,post
891 4364 1036 4416 exemplum
1045 4364 1195 4406 litterarum
1203 4360 1299 4415 ignatii
1308 4361 1341 4404 ad
1349 4361 1455 4416 Ducem,
1467 4363 1580 4407 habetur

347 4436 415 4481 illius
431 4436 526 4488 capitis
541 4442 740 4489 transumptum.
755 4434 792 4478 nic
807 4437 1020 4487 superscriptum:
1038 4434 1153 4481 Puncta,
1168 4436 1302 4487 quatenus
1317 4432 1451 4487 obligetur
1460 4434 1580 4480 Societas

346 4507 414 4563 Jesu
419 4504 617 4563 fundatoribus
625 4516 656 4549 ac
666 4506 883 4561 benefactoribus
893 4510 962 4557 suis,
972 4508 1056 4548 ettam
1067 4506 1167 4558 absque
1176 4504 1230 4547 utto
1238 4507 1317 4559 patto
1327 4513 1352 4548 et
1363 4507 1580 4561 stipulatione.-

353 4578 525 4623 Transmissa
537 4588 591 4621 una
602 4588 662 4621 cnm
674 4577 775 4620 litteris
785 4576 848 4621 Καὶ.
857 4576 949 4620 Patria
960 4576 1071 4629 Ignatii,
1081 4575 1233 4626 Generalis,
1241 4574 1285 4618 20.
1294 4574 1370 4629 thrr.i
1379 4588 1404 4621 a.
1416 4578 1494 4622 1556.

389 4650 401 4683 ¹
427 4647 560 4703 Nimirum,
572 4650 768 4705 praestaturum
779 4660 806 4692 se
817 4648 897 4692 libere
908 4648 975 4703 quod
985 4647 1045 4692 Dux
1054 4648 1168 4702 petebat.
