3642 5350
787 442 850 502 Aa.
872 443 944 502 1556
1416 444 1470 506 695

239 584 308 649 tios
320 584 515 667 cqnstituit3
524 550 612 652 nam
623 586 666 651 de
678 587 841 667 ingressu
853 605 919 652 suo
930 590 966 653 in
977 587 1203 669 Societatem,
1217 608 1263 655 an
1274 590 1468 671 expediret,

240 691 370 757 dubius
386 693 494 757 animi
509 702 597 758 erat.
1345 698 1349 704 '

300 797 391 865 3007.
435 800 529 865 Inter
552 803 705 867 novitios
730 812 847 868 autem
873 806 909 868 in
934 804 1140 870 ministeriis
1165 803 1355 871 humilibus
1376 822 1470 872 com·

241 908 374 972 morari
398 908 578 989 cupiebat;
605 918 639 975 et
664 911 898 991 potissimum,
921 928 1003 977 cum
1022 912 1240 979 mechanicis
1260 913 1470 994 quibusdam

241 1013 366 1080 officiis
380 1014 507 1080 darent
520 1033 677 1097 operam,
694 1019 746 1083 eis
760 1018 886 1083 adesse
901 1019 1061 1101 optabat.

299 1120 390 1187 3008.
434 1123 524 1188 Cum
549 1123 583 1188 id
602 1141 689 1205 ergo
710 1143 731 1189 a
750 1125 966 1191 Provinciali
991 1127 1231 1209 impetrasset,
1259 1145 1340 1195 cum
1363 1130 1470 1196 Patre

241 1230 432 1312 Gonzalez,
445 1231 609 1310 Rectore,
622 1233 658 1297 in
674 1234 800 1299 itinere
811 1234 895 1299 dum
906 1233 1232 1317 Caesaraugustam
1244 1237 1323 1318 iret,
1336 1236 1468 1304 Cordu-

239 1339 305 1404 bae
319 1339 355 1403 in
367 1340 549 1421 praedicta
564 1341 669 1407 domo
684 1342 820 1424 aliquot
835 1342 911 1407 dies
926 1353 1178 1424 commoratus,
1191 1344 1300 1409 animi
1312 1346 1366 1410 sui
1378 1346 1470 1411 aedi·

240 1446 440 1513 ficationem
455 1447 510 1513 his
524 1449 655 1529 verbis,
673 1449 855 1530 recedens,
872 1449 1082 1532 explicavit:
1098 1449 1137 1517 Si
1146 1451 1257 1533 quies,
1270 1452 1394 1533 inquit,
1410 1453 1469 1517 illa

240 1554 360 1633 animi,
387 1574 494 1638 quam
519 1556 606 1621 mihi
631 1556 942 1638 Caesaraugustae
967 1559 1168 1624 habendam
1192 1561 1372 1641 proposui,
1397 1578 1469 1625 non

240 1662 421 1758 obtigerit,
435 1664 524 1729 satis
538 1665 660 1746 aperte
675 1642 851 1731 Dominus
866 1665 934 1730 hoc
946 1666 1152 1748 spectaculo
1169 1684 1226 1733 me
1236 1667 1367 1748 docuit,
1385 1668 1469 1750 quid

240 1786 297 1834 me
312 1771 431 1837 lacere
451 1781 625 1853 oporteat.

299 1877 390 1944 3009.
433 1879 561 1947 Postea
587 1878 789 1947 Cardinalis
810 1889 845 1946 et
859 1880 1165 1965 Archiepiscopus
1189 1883 1469 1948 Tarraconensis

239 1986 394 2065 effectus
411 2005 546 2054 mernor
559 1986 663 2070 hujus
678 1989 899 2071 probationis
914 1989 1052 2069 domuS,
1070 1990 1177 2054 aliam
1191 1990 1228 2054 in
1243 2006 1309 2055 sua
1323 1991 1468 2056 civitate

240 2113 333 2160 anno
351 2095 429 2161 1574
442 2097 595 2161 instituit
608 2113 653 2161 ac
668 2097 818 2162 dotavit.

299 2200 392 2269 3010.
434 2202 519 2285 Ejus
535 2212 652 2269 autem
668 2206 747 2269 loco
769 2206 908 2287 Hispali
928 2204 1099 2270 successit
1119 2206 1295 2271 Dominus
1312 2206 1468 2272 licentia·

239 2322 296 2377 tus
311 2310 463 2377 Ovando
479 2309 500 2392 ¹,
518 2313 578 2395 qui
593 2330 672 2377 cum
688 2310 927 2379 salmanticae
940 2322 1145 2378 nostrorum
1159 2330 1267 2395 opera
1282 2313 1319 2378 in
1334 2313 1467 2379 conses-

238 2420 396 2485 sionibus
419 2428 454 2484 et
479 2419 721 2501 spiritualibus
736 2421 923 2502 colloquiis
948 2438 1034 2485 usus
1055 2420 1191 2496 suisset,
1214 2420 1334 2486 statim
1356 2431 1394 2485 ut
1408 2422 1465 2487 Hi·

237 2528 364 2608 spalim
390 2528 570 2609 pervenit,
597 2528 807 2592 benevolum
834 2545 938 2594 suum
963 2528 1121 2593 animum
1144 2544 1233 2608 erga
1253 2526 1467 2595 Societatem

238 2635 446 2712 declaravit;
462 2642 497 2699 et
511 2642 652 2701 nostros
671 2636 917 2717 speculatores
931 2652 1010 2701 esse
1029 2635 1234 2717 spirituales
1253 2634 1408 2701 civitatis
1431 2644 1467 2702 et

238 2743 462 2823 coadjutores
483 2760 568 2808 suos
587 2743 623 2807 in
643 2741 719 2823 eius
740 2743 916 2824 spirituali
934 2743 1029 2808 bono
1048 2743 1208 2808 curando
1222 2760 1301 2808 esse
1316 2744 1408 2808 velle
1421 2746 1464 2810 si·

237 2850 439 2932 gnificabaq
458 2860 492 2915 et
507 2851 557 2915 ita
571 2851 607 2916 in
622 2849 699 2916 dies
713 2851 829 2932 magis
844 2869 923 2915 eam
939 2868 1060 2917 amare
1076 2851 1204 2932 coepit,
1221 2852 1386 2934 quamvis
1399 2851 1465 2918 Ar·

238 2958 485 3041 chiepiscopus
499 2959 722 3040 Hispalensis
736 2957 747 2990 ¹
762 2976 874 3039 usque
889 2959 935 3024 ad
951 2959 987 3024 id
1007 2967 1146 3041 tempus
1165 2977 1236 3024 non
1249 2975 1467 3041 magnopere

236 3067 370 3132 nostris
383 3066 489 3132 rebus
503 3065 653 3146 faveret,
670 3084 775 3148 quem
790 3066 835 3131 D.
856 3066 1052 3132 Cervantes
1074 3067 1130 3132 sui
1152 3066 1466 3132 officii'admonere

235 3173 348 3238 voluit
372 3174 408 3238 in
429 3175 496 3238 hoc
515 3173 592 3255 ipso
613 3174 750 3252 itinere,
775 3173 869 3257 quod
889 3174 1044 3238 diximus
1070 3191 1194 3262 versus
1220 3172 1465 3256 Caesaraugu-

236 3290 328 3346 stam
342 3282 553 3346 institutum.

293 3386 384 3452 3011.
428 3386 526 3451 Haec
542 3395 658 3452 autem
675 3385 751 3467 eJus
766 3389 905 3452 Vicarii
924 3388 1171 3453 benevolentia
1193 3390 1465 3470 occupationem

236 3495 368 3560 nostris
380 3493 572 3572 assiduam,
586 3503 620 3558 et
632 3496 729 3559 velut
740 3512 891 3559 messem
904 3495 1028 3559 auxilii
1039 3495 1250 3574 animarum,
1259 3496 1464 3577 praebebat;

236 3603 346 3682 etita,
362 3603 444 3666 licet
460 3601 496 3666 in
511 3602 741 3666 concionibus
756 3603 864 3682 aliqui
875 3601 1090 3668 Societatem
1101 3612 1261 3668 nostram
1271 3604 1465 3684 suggillare

237 3709 456 3786 viderentur,
473 3709 543 3772 alia
560 3709 698 3773 ratione
714 3709 899 3788 DominuS,
915 3709 1008 3790 quod
1024 3710 1060 3774 hi
1075 3709 1262 3776 detrahere
1277 3710 1464 3776 molieban-

235 3826 303 3894 tur,
325 3817 590 3898 compensabat.

294 3923 385 3988 3012.
429 3921 657 4002 SacerdoteS,
688 3925 748 4005 qui
779 3926 814 3989 id
840 3927 1011 4007 temporis
1044 3925 1183 4006 Hispali
1215 3927 1463 4006 versabantur,

234 4042 375 4114 praeter
396 4031 434 4095 P.
463 4033 643 4096 Gonzalez
664 4041 767 4096 erant
786 4032 910 4096 Patres
935 4032 1098 4114 Baptista
1119 4031 1291 4112 Sanchez,
1310 4034 1466 4117 Joannes

234 4137 368 4205 Suarez
382 4148 417 4205 et
432 4137 590 4204 Didacus
615 4137 745 4220 Lopez.
772 4139 905 4204 Ibidem
930 4141 1046 4205 fuerat
1067 4149 1103 4204 et
1127 4139 1165 4203 P.
1190 4138 1322 4206 Paulus
1336 4139 1361 4220 ³,
1384 4140 1466 4206 inde

275 4343 284 4378 ¹
312 4342 425 4397 joannes
435 4342 553 4389 Ovando.
564 4341 687 4390 Litterae
697 4344 931 4398 Quaarrmesrm,
940 4349 960 4388 t.
970 4355 1007 4396 π,
1018 4355 1079 4399 Μ.
1089 4344 1139 4391 9511,

273 4417 285 4449 ²
311 4414 463 4460 “Femando
474 4417 505 4460 de
516 4416 621 4468 valdee,
634 4416 729 4472 Oblspo
739 4419 769 4462 de
780 4417 857 4468 Elna,
869 4416 966 4460 Orense
976 4429 994 4472 y
1005 4415 1113 4460 Ovledo:
1124 4427 1158 4462 no
1168 4417 1265 4462 reaidlo
1274 4427 1321 4472 por
1328 4428 1371 4461 rer
1379 4416 1466 4472 lnqui-

233 4487 303 4534 sldor
319 4489 448 4541 general..
464 4487 504 4530 La
520 4487 632 4538 Fornax,
649 4488 721 4533 Hist.
737 4489 784 4534 ecl.
802 4491 835 4533 de
851 4487 973 4543 maana,
989 4493 1009 4531 t.
1023 4499 1049 4539 v,
1066 4499 1128 4542 pag.
1144 4488 1193 4532 557.
1211 4487 1279 4532 Vide
1295 4499 1383 4543 supra,
1401 4493 1421 4532 t.
1438 4499 1465 4542 r,

233 4571 293 4615 pag.
303 4559 353 4611 112,
362 4571 387 4604 n.
399 4558 460 4609 1188.
472 4565 559 4604 annot.
569 4560 592 4612 ες
603 4565 629 4604 et
641 4572 702 4615 paq.
711 4562 760 4615 159,
771 4573 795 4606 n.
805 4561 865 4605 1245.

273 4633 286 4665 ⁸
311 4631 424 4685 Joannes
434 4631 539 4684 Paulus,
549 4633 609 4676 olim
621 4633 742 4678 Alvarez.
756 4633 792 4676 Dc
803 4633 860 4686 hoc,
871 4633 1036 4687 caeterisque
1047 4632 1089 4677 hle
1102 4631 1261 4685 memoratis,
1272 4633 1332 4678 vide
1347 4631 1465 4678 Litterae

235 4703 465 4758 Quadrimestres,
475 4703 582 4760 hujusce
595 4705 662 4749 nnnl.
