3642 5350
744 407 809 466 Au.
831 407 900 468 1656
1392 405 1436 470 Bi

262 554 334 618 262.
378 553 583 617 Invaluerat
596 553 665 616 hoc
681 571 786 631 anno,
811 554 902 617 sicut
921 563 956 617 et
977 555 1013 617 in
1027 553 1106 616 aliis
1119 553 1243 618 Italiae
1259 553 1358 632 lociS,
1375 570 1436 616 an·

202 679 319 726 nonae
334 662 496 742 penuria,
513 670 658 741 eratque
672 677 868 741 pauperum
882 671 916 724 et
929 648 1193 741 aegrotantium
1203 677 1335 740 magna
1345 661 1437 732 mul·

204 768 327 845 titudo,
351 769 444 831 nullo
464 785 552 848 pene
571 768 728 831 subsidio
748 768 945 847 sublevata;
972 768 1041 830 illis
1065 776 1184 830 autem
1202 775 1284 847 post
1298 775 1435 830 nostro·

206 893 284 938 rum
298 875 491 939 adventum
506 891 578 937 non
592 877 708 938 solum
724 874 903 955 praedicta
924 873 1210 952 confraternitas,
1235 873 1298 938 sed
1320 874 1437 938 omnis

205 983 346 1058 civitaS,
364 981 488 1045 eadem
504 982 563 1044 illa
579 980 766 1044 charitatis
781 997 890 1060 opera
906 990 944 1044 ut
960 989 1154 1056 exerceret,
1176 981 1211 1044 in
1226 989 1299 1044 tres
1314 989 1435 1060 partes

208 1089 397 1153 distributa
412 1099 477 1152 est.
491 1088 546 1152 Ex
556 1089 706 1168 singulis
719 1088 821 1151 binae
833 1098 1018 1151 matronae
1033 1088 1181 1168 nobiles,
1199 1095 1315 1151 aetate
1329 1103 1435 1166 gran·

201 1197 282 1272 des,
298 1207 333 1260 et
350 1196 523 1259 charitate
534 1213 621 1276 prae
637 1195 789 1259 caeteris
805 1194 1075 1258 commendatae
1088 1195 1222 1258 electae
1233 1203 1327 1271 sunt,
1344 1210 1436 1275 quae

204 1303 429 1366 contributas
444 1319 489 1365 ex
505 1321 570 1365 sua
584 1319 724 1384 quaque
740 1301 834 1365 tribu
850 1302 1097 1380 eleemosynas
1113 1300 1235 1380 egenis
1249 1300 1316 1364 sibi
1338 1299 1434 1364 attri-

207 1410 299 1473 butis
314 1419 348 1473 et
363 1411 462 1473 senio
478 1411 535 1472 vel
551 1410 674 1472 morbo
686 1408 949 1488 languentibus
963 1425 1027 1488 pro
1040 1406 1210 1488 cujusque
1225 1406 1433 1486 indigentia,

202 1517 469 1595 distribuerent,
491 1533 582 1597 quae
602 1515 720 1580 omnia
740 1514 973 1596 magistratus
996 1514 1206 1578 auctoritate
1227 1513 1436 1578 confirmata

205 1623 362 1686 luerunt.

267 1729 338 1792 263.
382 1728 601 1794 Submiserat
615 1731 751 1794 interea
765 1737 916 1792 naturae
930 1729 1107 1791 humanae
1126 1727 1239 1791 hostis
1260 1729 1435 1808 impuram

204 1837 401 1918 quamdam
422 1847 457 1900 et
483 1836 674 1900 obscenam
697 1835 930 1915 comoediam,
957 1851 1063 1915 quam
1085 1833 1253 1913 juventus
1280 1851 1437 1898 macera·

211 1944 319 2008 tensis
335 1944 371 2006 in
383 1960 513 2022 magna
529 1942 733 2006 celebritate
747 1942 844 2006 urbis
859 1952 984 2004 actura
999 1949 1087 2004 erat.
1103 1939 1279 2021 Impedire
1294 1940 1437 2021 quidem

207 2051 322 2114 nostri
346 2067 425 2112 eam
451 2050 627 2112 actionem
650 2049 871 2127 studuerunt,
898 2047 961 2112 sed
985 2064 1067 2110 cum
1092 2042 1235 2127 propter
1259 2047 1438 2128 impensas

207 2175 282 2221 non
304 2174 449 2237 parvas,
477 2174 566 2237 quas
588 2154 661 2235 jam
687 2156 961 2235 insumpserant,
983 2154 1076 2235 quod
1092 2155 1277 2233 optabant,
1295 2156 1438 2218 omnino

208 2283 282 2328 non
307 2265 517 2340 obtinerent,
540 2281 585 2326 ne
606 2273 726 2326 tamen
750 2271 873 2325 auctor
899 2260 1060 2324 diabolus
1081 2261 1332 2342 triumpharet,
1360 2279 1438 2324 ora·

209 2371 341 2435 tionem
357 2370 595 2451 quadraginta
616 2370 787 2433 horarum
808 2369 886 2448 ipso
909 2369 966 2432 die
985 2368 1198 2448 faciendam,
1215 2385 1284 2448 quo
1300 2385 1439 2432 comoe-

207 2479 269 2541 dia
284 2486 362 2541 erat
377 2476 587 2554 exhibenda,
604 2477 716 2540 nostri
731 2476 972 2540 instituerunt.
989 2474 1047 2537 Ad
1062 2474 1155 2538 hanc
1171 2484 1292 2537 autem
1310 2475 1440 2540 oratio·

211 2603 292 2648 nem
307 2594 427 2648 tantus
440 2585 571 2647 civium
587 2583 702 2647 iactus
718 2594 771 2646 est
787 2600 994 2660 concursus
1017 2591 1115 2644 tanta
1132 2591 1439 2646 sacramentorum

210 2694 458 2773 frequentatio,
475 2702 512 2755 ut
527 2702 599 2756 tres
613 2692 727 2755 nostri
748 2690 964 2770 sacerdotes,
989 2690 1047 2771 qui
1069 2690 1151 2754 huic
1165 2690 1361 2753 ministerio
1376 2708 1439 2753 va·

210 2802 352 2879 cabant,
378 2817 398 2861 a
419 2799 534 2879 prima
555 2798 637 2861 luce
657 2814 768 2877 usque
790 2798 834 2861 ad
854 2799 1001 2861 multam
1019 2805 1160 2859 noctem
1183 2797 1246 2860 vix
1260 2797 1438 2863 tantillum

212 2908 276 2971 otii
290 2908 335 2971 ad
351 2908 468 2970 cibum
483 2905 694 2987 capiendum
708 2906 767 2968 vel
781 2904 1030 2985 respirandum
1040 2904 1171 2967 habere
1187 2914 1343 2983 possent.

270 3014 340 3077 264.
385 3013 450 3077 Rei
470 3022 588 3076 autem
607 3012 750 3075 novitas
770 3010 815 3075 ad
836 3011 1108 3074 admirationem
1127 3022 1162 3072 et
1182 3012 1350 3089 pietatem
1367 3012 1440 3075 ani-

211 3139 290 3187 mos
305 3122 533 3191 vehementer
549 3119 753 3197 commovit,
771 3127 805 3182 et
820 3118 976 3193 externi,
994 3117 1053 3197 qui
1067 3117 1149 3179 illac
1165 3117 1232 3180 iter
1252 3117 1439 3197 habebant,

211 3231 258 3290 ob
272 3229 452 3308 geminum
477 3227 596 3307 populi
614 3242 827 3290 concursum
852 3241 957 3305 quem
976 3223 1252 3303 conspiciebant,
1270 3225 1359 3287 duas
1373 3225 1441 3291 sibi

212 3336 328 3400 videri
352 3334 529 3411 civitates,
557 3336 706 3398 alteram
733 3333 778 3397 ad
808 3349 946 3410 scenas,
973 3333 1122 3394 alteram
1143 3328 1188 3393 ad
1204 3334 1336 3411 templa
1361 3349 1441 3396 con-

212 3442 388 3521 fluentem,
407 3441 671 3522 praedicabant;
691 3439 753 3503 sed
764 3439 935 3520 majorem
950 3456 992 3501 ac
1008 3438 1188 3518 potiorem
1202 3447 1339 3517 partem
1358 3439 1429 3513 civi

214 3550 297 3612 tatis
310 3548 378 3612 sibi
394 3548 556 3612 Christus
571 3546 778 3611 vindicavit.

272 3655 343 3719 265.
386 3654 478 3717 Hinc
494 3663 612 3717 autem
627 3654 663 3717 in
679 3652 893 3719 Societatem
908 3666 1066 3720 nostram
1089 3666 1163 3722 tam
1179 3657 1310 3739 populi,
1334 3672 1441 3735 quam

214 3763 444 3843 magistratus
464 3771 498 3825 et
520 3760 778 3825 Gubernatoris
802 3760 995 3841 Marchiae,
1023 3764 1204 3844 singulare
1231 3762 1386 3827 studium
1408 3772 1442 3825 et

209 3869 441 3932 observantia
457 3878 510 3931 est
525 3876 729 3931 consecuta.
752 3868 961 3932 Praedictus
985 3880 1105 3934 autem
1127 3870 1354 3935 Gubernator
1368 3886 1442 3942 uon

215 3976 326 4039 solum
343 3992 433 4056 quae
449 3994 470 4037 a
485 3975 616 4038 nostris
632 3984 713 4039 acta
727 3974 868 4038 fuerant
891 3978 1149 4057 comprobavit,
1172 3978 1235 4041 sed
1255 3977 1445 4058 diligenter

214 4100 252 4145 se
267 4095 511 4161 executurum,
536 4100 627 4162 quae
649 4082 761 4146 nostri
780 4093 1047 4164 suggesserant,
1076 4085 1122 4148 ad
1146 4085 1386 4167 blasphemias
1406 4085 1440 4148 in

211 4188 326 4253 Deum
353 4198 387 4252 et
410 4188 572 4268 SanctOS,
600 4199 634 4253 et
659 4190 705 4253 ad
725 4192 968 4270 circulatores
996 4192 1056 4273 qui
1077 4192 1220 4274 plurimi
1239 4192 1444 4257 Maceratac

212 4314 295 4360 cum
329 4312 462 4376 magno
496 4297 616 4377 populi
644 4296 773 4360 damno
803 4299 1061 4378 versabantur,
1095 4299 1328 4363 eliminandos
1355 4316 1445 4379 pro·

217 4404 321 4467 misit.

274 4510 364 4595 266ΙΙ
391 4508 464 4574 Sibi
478 4511 585 4575 etiam
605 4512 818 4577 xenodochii
843 4530 967 4577 curam
987 4513 1154 4589 suturam,
1171 4524 1207 4577 et
1222 4513 1268 4577 ad
1282 4514 1442 4582 sancien-

217 4618 298 4681 dum
314 4620 408 4682 inter
423 4618 560 4698 aliquos
575 4620 673 4683 cives
688 4636 824 4701 pacem,
841 4638 947 4702 quam
962 4633 1107 4703 propter
1121 4623 1368 4706 nonnullorum
1383 4620 1443 4685 ab·

373 4730 411 4789 T.
429 4748 473 4787 rr.
1275 4736 1292 4791 6
