3642 5350
349 449 404 511 700
811 446 939 509 Canon.
958 444 1036 509 Soc.
1055 445 1125 521 Jns.

348 595 386 660 P.
398 594 631 660 Franciscum
643 593 735 657 datis
746 604 913 659 constare
923 601 1076 676 poterat,
1091 608 1243 675 cumque
1253 592 1291 657 in
1300 608 1409 657 manu
1419 588 1576 673 ejusdem

348 701 465 768 Patris
479 702 586 767 situm
601 718 680 765 esse
695 700 917 766 existimaret
931 709 970 764 ut
990 699 1160 780 Princeps
1178 717 1260 764 eum
1274 698 1320 763 ad
1338 699 1406 764 hoc
1425 698 1576 764 officium

345 818 524 890 evocaret,
539 817 726 890 postquam
745 808 834 872 vidit
854 810 964 873 alium
981 825 1024 872 eo
1043 807 1079 871 in
1098 807 1212 872 officio
1230 806 1410 887 constitui,
1429 806 1574 887 indigne

344 927 383 982 ut
396 916 548 998 videtur,
563 915 692 995 ferens,
709 934 754 980 ex
769 915 987 981 amicissimo
1002 914 1232 980 adversarius
1242 914 1360 979 iactus
1373 923 1440 981 est.

402 1022 495 1088 3065.
536 1022 827 1103 compatiebatur
851 1022 890 1087 P.
915 1022 1146 1087 Bustamante
1163 1031 1238 1087 tam
1259 1022 1382 1087 intime
1402 1022 1571 1103 penuriae

343 1131 491 1213 Collegii
505 1128 667 1210 Romani,
685 1130 778 1212 quod
796 1130 999 1193 universale
1019 1127 1217 1210 Collegium
1235 1129 1407 1210 vocabat,
1431 1137 1469 1194 ut
1489 1146 1571 1193 cum

342 1239 479 1305 litteras
504 1237 654 1303 Romam
679 1238 833 1301 mitteret
857 1236 903 1302 ad
925 1237 1139 1319 quingentos
1165 1253 1295 1301 aureos
1317 1236 1354 1300 in
1377 1236 1571 1301 subsidium

342 1346 591 1427 accipiendos,
614 1344 793 1409 fatebatur
817 1344 854 1408 in
880 1343 1045 1408 omnibus
1073 1343 1348 1409 christianorum
1376 1343 1572 1425 provinciis

340 1454 475 1519 nullum
494 1454 592 1534 pium
612 1469 702 1534 opus
720 1468 816 1532 esse,
838 1451 896 1516 cui
918 1451 1113 1517 subsidium
1135 1452 1251 1532 magis
1269 1452 1468 1533 deberetur,
1492 1459 1526 1516 et
1540 1452 1572 1515 si

339 1560 513 1643 potuisset
527 1560 597 1625 duo
613 1560 673 1624 illa
687 1560 798 1624 millia
811 1560 1034 1639 ducatorum,
1052 1577 1143 1642 quae
1163 1559 1468 1642 Archiepiscopus
1481 1558 1569 1623 Gra·

339 1668 499 1733 natensis
524 1667 570 1732 ad
595 1668 735 1732 initium
760 1666 912 1732 aedificii
936 1666 1095 1747 dederat,
1121 1667 1218 1733 licite
1241 1666 1392 1732 Romam
1417 1668 1568 1746 mittere,

339 1774 433 1840 haud
448 1774 552 1839 dubie
566 1774 602 1839 id
616 1774 776 1855 fecisset;
797 1784 833 1837 et
846 1774 994 1857 optabat
1007 1773 1122 1839 bonus
1142 1792 1264 1854 senex,
1286 1783 1326 1838 ut
1345 1774 1421 1839 suis
1442 1774 1568 1839 litteris

338 1890 499 1961 testatur,
515 1880 680 1946 venditus
691 1881 738 1945 ad
748 1891 888 1963 tempus
900 1881 992 1946 inter
1002 1898 1207 1963 saracenos,
1224 1900 1270 1946 ex
1283 1899 1371 1947 suae
1385 1881 1568 1945 servitutis

336 1990 463 2070 pretio,
479 1987 606 2054 debitis
618 2006 660 2053 ac
675 1988 880 2053 necessitati
895 1988 981 2053 dicti
996 1987 1151 2068 Collegit
1160 1988 1363 2053 subvenire.

395 2094 487 2160 3066.
531 2095 620 2161 Cum
638 2095 677 2160 P.
697 2095 914 2161 Franciscus
933 2096 977 2160 de
997 2095 1156 2177 Collegio
1179 2096 1316 2160 Baezae
1336 2095 1565 2175 admittendo,

336 2203 431 2285 quod
445 2202 484 2268 P.
498 2203 605 2267 Avila
617 2202 800 2283 offerebat,
814 2211 950 2285 ageret,
963 2220 1039 2268 rem
1050 2203 1090 2268 P.
1102 2202 1337 2284 Bustamanti,
1352 2202 1567 2269 Provinciali

337 2309 516 2391 Baeticae,
533 2311 720 2392 commisit,
737 2311 797 2392 qui
811 2311 966 2377 Baezam
981 2311 1107 2387 iturus,
1124 2312 1223 2392 prius
1235 2311 1474 2376 Giennensem
1487 2311 1566 2394 Epi·

336 2434 501 2498 scopum,
524 2418 588 2505 sub
609 2416 709 2499 cujus
729 2418 902 2482 dioecessi
923 2417 1062 2483 Baezae
1081 2417 1211 2483 civitas
1231 2427 1297 2499 est,
1314 2417 1414 2483 adire
1434 2418 1565 2483 debuit.

336 2523 424 2589 Erat
452 2524 484 2587 is
519 2524 717 2607 Episcopus
748 2523 794 2590 D.
830 2522 988 2590 Didacus
1024 2526 1186 2605 Tabera,
1223 2542 1334 2606 nepos
1367 2524 1567 2591 Cardinalis

334 2630 380 2697 D.
405 2630 554 2714 Joanuis
580 2631 624 2697 de
649 2632 804 2713 Tabera,
832 2633 889 2696 cui
915 2632 1106 2715 aliquando
1131 2631 1169 2697 P.
1197 2632 1428 2698 Bustamante
1457 2634 1565 2699 inser·

335 2739 463 2803 vierat.

390 2845 483 2911 3067.
527 2846 693 2913 Pervenit
708 2864 794 2928 ergo
805 2848 845 2912 29
861 2847 996 2930 Aprilis
1007 2848 1194 2930 Giennam,
1206 2857 1242 2914 et
1253 2859 1416 2914 amanter
1427 2851 1473 2914 ab
1484 2851 1564 2933 Epi·

333 2971 443 3036 scopo
458 2963 639 3035 exceptus,
656 2972 727 3019 non
742 2955 825 3020 alibi
845 2973 953 3036 quam
971 2956 1068 3020 domi
1088 2973 1174 3021 suae
1195 2957 1374 3022 divertere
1388 2959 1562 3040 permisit;

332 3069 368 3126 et
382 3078 463 3125 cum
477 3061 580 3142 signa
595 3079 727 3142 magna
741 3063 1021 3144 benevolentiae,
1040 3081 1111 3145 qua
1131 3064 1170 3128 P.
1192 3065 1423 3130 Bustamante
1442 3066 1561 3148 dilige·

333 3169 405 3248 bat,
423 3165 664 3252 [significavit]
681 3170 842 3235 dubitare
860 3189 899 3236 se
919 3189 966 3234 an
985 3172 1128 3253 patroni
1146 3171 1156 3204 ¹
1177 3172 1325 3252 Collegii
1344 3175 1482 3238 Baezae
1502 3191 1561 3254 po·

246 3324 249 3332 .
332 3277 483 3340 tuissent
496 3276 752 3342 institutionem
766 3276 965 3342 fundatoris
979 3279 1016 3342 in
1028 3295 1135 3360 opere
1147 3280 1207 3343 illo
1221 3281 1422 3360 immutare;
1439 3281 1562 3346 funda-

330 3392 388 3448 tor
402 3383 497 3447 enim
511 3383 557 3448 ad
572 3401 763 3465 puerorum
779 3385 978 3450 doctrinam
994 3396 1028 3450 et
1043 3386 1225 3468 orphanas
1240 3389 1377 3468 puellas
1392 3391 1429 3453 in
1444 3390 1563 3454 matri·

331 3490 449 3554 monio
470 3491 697 3556 collocandas
717 3493 808 3556 bona
828 3493 888 3557 illa
908 3493 1117 3575 reliquerat,
1141 3513 1186 3560 ex
1208 3496 1335 3577 quibus
1350 3496 1503 3562 lectores
1526 3506 1562 3562 et

330 3597 536 3677 collegiales
551 3599 643 3662 illius
659 3598 808 3678 Collegii
818 3600 1119 3665 sustentabantur.

387 3702 478 3768 3068.
522 3704 698 3770 Evocavit
720 3721 807 3786 ergo
829 3707 1028 3788 Episcopus
1051 3709 1169 3774 Baeza
1193 3711 1284 3791 illos,
1305 3711 1366 3793 qui
1385 3712 1560 3792 praedicti

328 3809 477 3892 Collegii
492 3829 616 3877 curam
630 3824 877 3894 susceperant;
900 3815 1066 3895 cupiebat
1085 3817 1179 3881 enim
1198 3817 1415 3900 Episcopus,
1431 3820 1483 3884 sic
1498 3819 1556 3885 So·

325 3919 446 3984 cietati
461 3919 657 4000 Collegium
672 3920 757 3984 illud
773 3922 957 4003 applicari,
974 3931 1013 3986 ut
1028 3921 1105 4004 ejus
1119 3942 1359 4008 successores,
1372 3927 1467 4008 quod
1481 3927 1558 4009 ipse

325 4023 471 4105 faceret,
488 4027 656 4091 infectum
672 4044 743 4091 non
754 4028 955 4093 redderent.

384 4131 476 4198 3069.
520 4133 609 4198 Cum
633 4150 720 4215 ergo
735 4134 786 4199 illi
809 4136 1003 4213 venissent,
1026 4138 1062 4203 id
1083 4140 1314 4206 constitutum
1336 4151 1391 4206 est
1412 4144 1507 4224 quod
1521 4144 1559 4207 in

325 4248 513 4305 contractu
533 4249 568 4305 et
587 4241 812 4321 expeditione
833 4242 982 4308 Romam
1002 4245 1111 4310 missa
1130 4249 1314 4329 apparuit,
1336 4250 1396 4314 ubi
1414 4260 1559 4332 propter

326 4346 495 4427 adjuncta
510 4365 619 4412 onera
635 4357 669 4412 et
684 4349 821 4414 reditus
836 4368 907 4414 non
924 4351 1115 4418 admodum
1137 4371 1288 4435 magnos
1310 4357 1356 4420 ad
1372 4375 1557 4423 numerum

324 4455 562 4536 collegialium
576 4457 860 4538 sustentandum,
876 4468 1021 4538 praeter
1040 4461 1139 4526 illam
1159 4463 1311 4545 primam
1324 4466 1557 4532 intentionem

365 4696 374 4731 ¹
404 4697 450 4746 Μι.
458 4703 616 4756 patronum.
