3642 5350
377 427 414 500 50
838 439 966 500 Chaos.
989 439 1055 501 Soc
1086 443 1156 515 jes.

376 588 447 650 lum
469 586 514 650 ad
534 587 714 666 negotium
743 587 926 666 cogendae
949 586 1261 668 CongregationiS,
1288 588 1350 650 sed
1369 587 1415 651 ad
1440 576 1609 651 omnimo-

376 695 458 758 dam
473 693 660 759 Societatis
676 694 1018 758 administrationem
1033 712 1071 759 se
1083 694 1301 774 extenderet,
1313 707 1363 772 ut,
1383 713 1423 758 re
1434 695 1607 774 discussa,

375 800 509 864 Romae
524 802 756 865 constitutum
770 799 886 864 suerat
901 805 924 864 ¹.

438 908 507 970 142.
553 907 702 989 Scripsit
717 917 835 972 autem
849 907 888 972 P.
906 907 1076 973 Vicarius
1091 919 1193 973 sexta
1209 910 1264 974 die
1280 909 1433 990 Augusti
1445 909 1607 974 omnibus

375 1015 656 1080 Prouincialibus
676 1017 719 1080 de
744 1016 841 1078 obitu
867 1013 905 1079 P.
926 1013 1056 1096 ignatii
1075 1028 1109 1080 et
1129 1017 1173 1080 de
1187 1018 1243 1080 sui
1259 1018 1430 1081 electione
1450 1019 1486 1080 in
1500 1015 1605 1081 Vica-

373 1125 477 1202 rium,
494 1141 601 1204 quam
615 1123 681 1203 ipsi
698 1123 896 1186 detractare
913 1141 983 1186 non
998 1125 1157 1196 licuerat;
1175 1133 1210 1188 et
1225 1125 1371 1188 vocavit
1386 1142 1448 1188 eos
1461 1125 1506 1188 ad
1521 1125 1605 1188 novi

372 1229 567 1311 Praepositi
584 1227 768 1294 Generalis
783 1229 1003 1308 electionem3
1020 1240 1054 1293 et
1068 1233 1231 1311 quamvis
1247 1229 1355 1312 [post]
1371 1232 1527 1313 quinque
1546 1233 1606 1294 vel

372 1355 436 1400 sex
461 1354 600 1400 menses
622 1336 723 1416 juxta
753 1337 1032 1401 Constitutiones
1061 1337 1073 1368 ¹
1104 1335 1242 1418 [electio
1276 1338 1354 1402 lieri
1381 1333 1548 1420 deberet],
1575 1339 1606 1401 si

371 1444 445 1508 lieri
470 1455 602 1524 posset,
630 1454 668 1506 ut
688 1443 880 1508 Novembri
905 1462 1026 1508 mense
1049 1442 1061 1475 ⁸
1086 1445 1122 1507 in
1147 1445 1285 1508 ltaliam
1312 1446 1552 1526 pervenirent,
1569 1446 1605 1509 id

371 1551 577 1614 tentandum
598 1567 675 1614 esse
696 1552 739 1613 ob
759 1551 917 1615 rationes
938 1553 1075 1631 aliquas
1095 1552 1278 1631 censebat,
1303 1553 1365 1615 sed
1385 1570 1464 1616 cum
1480 1561 1602 1633 postea

370 1659 658 1723 animadversum
684 1667 778 1720 esset
797 1658 905 1722 breve
920 1659 1025 1721 nimis
1045 1675 1124 1722 esse
1145 1656 1321 1740 [tempus],
1345 1677 1425 1722 cum
1441 1676 1603 1740 praeser-

369 1766 433 1828 tim
448 1766 574 1828 itinera
591 1765 635 1828 ab
650 1765 821 1844 Hispania
838 1773 872 1828 et
887 1763 1108 1845 Portugallia
1123 1767 1159 1829 in
1176 1765 1316 1829 ltaliam
1336 1767 1503 1846 impedita
1516 1767 1602 1829 mul-

370 1873 414 1936 tis
429 1872 691 1936 difficultatibus
705 1881 835 1950 essent,
853 1871 949 1950 (nam
969 1873 1132 1936 induciae
1155 1874 1245 1936 inter
1266 1871 1383 1951 Reges
1401 1873 1601 1954 Philippum

369 1988 402 2042 et
417 1979 610 2042 Henricum
625 1978 742 2042 iactae
757 1979 856 2042 initio
871 1977 974 2058 huJus
988 1980 1084 2056 unni,
1100 1981 1288 2042 occasione
1301 1980 1393 2058 belli,
1411 1979 1505 2058 quod
1520 1997 1601 2043 cum

368 2083 512 2149 Summo
528 2084 697 2148 Pontifice
716 2085 792 2149 Rex
812 2083 994 2166 Philippus
1008 2103 1134 2165 gerere
1154 2099 1300 2149 coactus
1320 2086 1398 2165 luit,
1419 2087 1599 2150 invalidae

258 2278 263 2288 ι
365 2191 437 2272 jam
453 2193 578 2271 erant),
594 2201 825 2273 prorogatum
845 2203 898 2255 est
924 2203 1062 2272 tempus
1087 2193 1133 2256 ad
1149 2204 1323 2257 aestatem
1350 2203 1554 2274 sequentem
1576 2192 1599 2265 ⁴,

368 2310 405 2362 ut
428 2300 472 2362 ad
494 2299 623 2363 festum
643 2298 802 2363 Paschae
824 2299 906 2363 anni
933 2300 1124 2379 sequentis,
1149 2301 1207 2362 vel
1226 2318 1296 2363 non
1322 2301 1431 2364 multo
1452 2311 1543 2380 post,
1565 2302 1601 2364 in

368 2407 506 2470 ltaliam
521 2408 698 2470 venirent.

430 2514 497 2577 143.
541 2513 595 2578 De
611 2517 689 2578 loco
703 2524 821 2577 autem
837 2513 1035 2578 dubitatum
1055 2523 1119 2592 est,
1141 2525 1175 2577 et
1198 2513 1345 2578 Genuae
1372 2517 1430 2578 vel
1454 2515 1599 2579 Laureti

366 2622 553 2687 videbatur
570 2621 779 2704 quibusdam
795 2620 1119 2702 Congregationem
1135 2622 1257 2685 haberi
1273 2639 1395 2702 posse:
1412 2621 1519 2703 aliqui
1540 2639 1597 2686 au·

366 2740 448 2808 tem,
463 2728 673 2817 ¹prrtcsertim
690 2730 840 2807 hispani,
858 2730 1055 2806 Avenione,
1070 2740 1107 2792 ut
1120 2730 1213 2792 inter
1232 2730 1298 2791 has
1314 2730 1518 2808 provincias
1528 2747 1597 2793 me·

365 2836 471 2913 diam,
500 2827 669 2916 optaban't
686 2834 707 2899 ³.
732 2836 775 2899 Et
800 2854 881 2899 cum
901 2835 1066 2899 Summus
1086 2834 1262 2913 Pontifex,
1286 2836 1417 2917 alioqui
1435 2835 1491 2898 vir
1510 2836 1596 2917 opti·

364 2960 443 3006 mus
464 2954 498 3005 et
518 2944 577 3023 qui
597 2940 784 3006 Societatis
809 2952 954 3005 nostrae
979 2942 1140 3005 homines
1165 2944 1286 3021 magni
1309 2943 1473 3021 faciebat,
1495 2943 1597 3007 aliter

364 3051 494 3113 sentire
510 3050 552 3113 de
567 3049 775 3130 quibusdam
792 3050 925 3112 nostris
946 3048 1267 3113 constitutionibus
1286 3050 1467 3113 videretur
1489 3050 1539 3128 (ut
1554 3047 1597 3112 de

364 3156 475 3218 choro
488 3156 638 3219 tenendo
651 3154 674 3233 ¹⁵,
689 3166 722 3217 et
736 3156 778 3218 de
790 3155 1007 3235 Praepositis
1023 3155 1259 3219 Generalibus
1271 3157 1317 3219 ad
1329 3168 1469 3237 tempus
1480 3167 1514 3220 et
1525 3173 1596 3219 non

364 3266 541 3343 perpetuis
565 3262 759 3339 faciendis),
786 3262 953 3343 expedire
980 3262 1168 3325 videbatur
1195 3281 1266 3326 non
1291 3263 1356 3327 sub
1386 3261 1461 3343 eius
1484 3264 1597 3327 oculis

404 3538 413 3570 ¹
442 3540 513 3582 “Aca
524 3540 546 3581 el
558 3539 648 3582 doctor
658 3538 758 3582 Mndrid
770 3551 787 3595 y
799 3540 822 3582 el
833 3546 947 3582 maestro
960 3538 1073 3583 Polaneo
1085 3542 1173 3583 tenlan
1183 3539 1298 3583 lamblen
1306 3540 1368 3583 toda
1379 3540 1404 3584 lu
1416 3540 1553 3585 sutorldsd
1563 3540 1594 3584 de

361 3614 467 3653 nuestro
479 3609 571 3655 Padre.
581 3622 628 3663 qne
639 3622 708 3653 esen
719 3610 812 3663 glorla.
821 3621 887 3663 pers
897 3621 929 3653 en
940 3610 1000 3653 todo
1011 3611 1035 3653 lo
1046 3621 1094 3664 qne
1105 3612 1264 3654 occurrlesse
1274 3623 1306 3654 en
1319 3614 1344 3655 le
1355 3610 1508 3665 Compsam
1518 3624 1536 3668 y
1545 3622 1595 3667 por

360 3684 400 3724 ias
420 3679 631 3734 indisposiclones
647 3682 678 3723 de
693 3689 798 3725 nuestro
815 3680 899 3725 Psdre
911 3683 938 3725 ls
953 3682 1133 3736 practicus-ao.
1150 3681 1216 3725 Pero
1226 3693 1273 3737 por
1288 3692 1320 3726 no
1334 3683 1372 3726 les
1382 3694 1492 3737 perezer
1505 3693 1594 3727 neces·

359 3751 430 3795 seris
439 3762 487 3804 por
497 3760 579 3803 agorn
590 3752 615 3793 la
628 3752 664 3793 tsl
676 3752 838 3804 anctortdnd,
854 3752 927 3796 dizen
939 3764 987 3807 que
998 3764 1030 3796 no
1041 3755 1137 3797 usardn
1148 3753 1225 3807 della,
1236 3755 1258 3797 sl
1269 3766 1302 3798 no
1316 3755 1473 3799 succidiesse
1486 3766 1556 3808 caso,
1567 3756 1593 3799 sl

360 3823 420 3875 quel
428 3834 460 3865 no
468 3833 495 3866 se
503 3822 622 3877 pudiesse
631 3822 856 3867 sufficientemente
866 3836 977 3878 proveer
986 3825 1017 3867 de
1026 3832 1085 3868 otrs
1099 3835 1228 3879 manera„
1240 3825 1357 3884 Licinius,
1365 3826 1423 3871 Vic.
1432 3826 1593 3882 Gen.,l·’rsn·

358 3898 428 3937 ciseo
440 3893 551 3947 Borgiae
562 3894 599 3936 6.·
612 3894 721 3948 Augusti
739 3892 800 3937 lobi.

398 3966 409 3997 Ι
436 3964 482 4008 “El
494 3967 589 4019 tlempo
600 3976 648 4019 que
659 3976 686 4008 se
697 3965 762 4008 dara
778 3976 843 4020 pars
860 3974 1010 4022 ayontsrse.
1027 3968 1127 4011 curado
1143 3978 1170 4011 se
1186 3968 1221 4011 ha
1237 3969 1267 4012 de
1279 3976 1381 4014 trsctsr
1390 3970 1421 4013 de
1433 3972 1459 4014 is
1469 3971 1592 4025 eleccion,

356 4041 433 4081 seran
444 4048 515 4080 ctsco
526 4040 602 4081 ossis
610 4048 688 4080 ssssss
699 4038 775 4081 desde
787 4040 812 4081 la
822 4039 884 4082 data
896 4039 926 4082 de
937 4040 976 4082 las
988 4040 1069 4083 letrss
1079 4039 1120 4082 del
1135 4040 1218 4093 aviso,
1229 4041 1385 4095 puniendose
1395 4044 1504 4097 elargsr
1514 4044 1538 4088 el
1554 4046 1592 4087 tal

356 4110 492 4153 terminos
503 4109 663 4161 necesidsd.,
675 4108 760 4152 Consi.
768 4109 817 4165 (ed.
829 4108 927 4154 hintrlt.
940 4110 1007 4164 18⁹2),
1019 4123 1044 4165 p.
1056 4122 1110 4165 vrrs,
1124 4122 1182 4166 cap.
1199 4124 1223 4165 v,
1235 4114 1258 4156 2.

401 4178 413 4211 ⁸
440 4178 561 4234 Ejusdem
572 4180 631 4223 anni
644 4180 704 4224 155⁶.

395 4250 407 4282 ⁴
434 4250 539 4293 Rectius
550 4250 669 4295 fortassis
678 4252 838 4296 scriberetur
853 4252 895 4296 hic
910 4262 1096 4308 persequens.
1111 4255 1234 4310 “despnes
1248 4266 1276 4299 se
1292 4256 1327 4299 ha
1341 4256 1442 4301 mirsdo
1453 4270 1502 4313 qne
1522 4259 1591 4302 seria

355 4334 416 4379 mny
428 4322 508 4365 dinen
519 4332 561 4364 ser
571 4324 619 4365 aci
628 4324 665 4367 los
676 4324 706 4366 de
715 4323 840 4377 Portugal
852 4327 950 4379 parnei
963 4324 1151 4380 Novlembre,y
1162 4328 1200 4370 asi
1212 4328 1288 4370 hasta
1296 4328 1322 4370 ia
1330 4328 1480 4381 primavers
1489 4333 1592 4374 noserit

354 4399 483 4437 menester
493 4393 567 4435 venir
577 4392 610 4435 V.
621 4392 666 4447 R,
677 4394 813 4449 Polancns,
825 4404 859 4438 ex
873 4406 939 4439 com.
950 4395 1038 4440 Patris
1053 4397 1162 4450 Vicarii,
1177 4397 1248 4441 Patri
1265 4396 1342 4442 Petro
1354 4399 1384 4442 de
1400 4398 1587 4454 Rivsdenelra,

272 4472 274 4479 ·
355 4464 383 4508 29
394 4463 576 4517 angustiosa.

392 4534 404 4567 δ
432 4534 575 4577 Meminisse
592 4539 704 4587 oportet,
723 4546 772 4589 qno
788 4535 853 4580 haec
870 4537 1052 4592 intelligentur
1072 4540 1222 4594 sincereque
1241 4542 1410 4597 accipiantur,
1428 4543 1589 4588 Avenioncns

354 4605 433 4649 lulsse
443 4612 503 4647 tunc
514 4606 561 4648 sub
572 4604 703 4651 Pontlhcls
711 4606 815 4651 ditione.

390 4674 402 4709 θ
429 4677 496 4721 Vide
507 4688 593 4732 supra,
605 4684 623 4720 t.
634 4690 660 4728 v,
671 4688 731 4731 pag.
742 4678 776 4733 83,
789 4690 812 4723 n.
823 4678 858 4733 53,
870 4685 896 4722 et
910 4680 935 4723 in
947 4681 995 4724 hoc
1006 4688 1025 4725 t.
1037 4693 1071 4734 cr,
1081 4694 1134 4737 pag
1160 4684 1183 4739 8,
1193 4697 1217 4728 n.
1231 4686 1263 4728 15.
