3642 5350
812 449 876 512 Au.
897 449 967 513 into
1449 448 1503 513 ‘2125

276 600 469 685 aliquando
494 617 569 682 sex,
591 601 698 666 immo
719 609 756 665 et
774 601 897 665 decem
918 616 960 663 ea
981 600 1215 681 susciperent;
1243 608 1278 664 et
1299 600 1391 666 inter
1414 600 1503 665 alias

278 709 446 775 meretrix
460 708 636 791 quaedam
657 708 703 772 ad
724 708 983 773 amarissimam
1004 708 1313 789 compunctionem
1335 715 1370 772 et
1390 709 1502 772 vitam

277 834 378 883 snam
393 815 591 882 deflendam
601 833 665 898 per
676 833 719 881 ea
730 823 825 879 mota
837 823 903 891 est,
920 826 967 894 et,
983 813 1077 878 faeta
1092 816 1254 895 generali
1266 814 1502 894 confessione,

278 926 390 990 vitam
405 924 566 992 mutavit.

337 1030 409 1096 837.
451 1032 504 1097 flii
531 1038 651 1097 autem
678 1031 762 1095 boni
790 1030 860 1095 viri
895 1048 1011 1095 novae
1044 1030 1335 1111 congregationis
1367 1031 1505 1113 praedi·

279 1148 358 1204 ctae
374 1138 396 1218 ¹,
411 1138 581 1204 facultate
594 1140 739 1203 obtenta
753 1157 775 1202 a
789 1137 944 1202 Domino
956 1137 1090 1218 Priore,
1105 1138 1139 1201 in
1152 1139 1304 1220 quadam
1316 1156 1362 1202 ex
1373 1140 1504 1203 nostris

279 1246 411 1311 scholis
425 1245 472 1311 ad
485 1264 551 1311 sua
569 1243 690 1309 divina
710 1244 824 1308 officia
846 1245 1030 1309 recitanda
1052 1244 1321 1326 conveniebant,
1343 1255 1420 1310 eta
1445 1263 1506 1310 no-

279 1354 367 1419 stris.
377 1350 543 1433 adjuvari
556 1370 595 1417 se
610 1351 847 1432 postulabant,
864 1352 900 1415 in
916 1368 958 1415 eo
972 1353 1097 1415 saltem
1117 1361 1153 1415 ιιι
1176 1352 1303 1434 aliquis
1322 1370 1367 1416 ex
1388 1351 1505 1418 Socie-

280 1470 363 1540 tate,
379 1477 463 1525 cum
476 1476 561 1525 suos
575 1459 746 1525 creabant
760 1457 940 1536 officiales,
956 1458 1042 1539 ipsis
1057 1457 1213 1537 adesset,
1234 1458 1298 1523 sed
1316 1458 1355 1524 P.
1372 1458 1506 1525 Caesar

279 1567 317 1632 id
331 1585 403 1633 non
416 1569 532 1632 solum
543 1566 774 1647 judicandum
785 1582 864 1629 esse
872 1562 1053 1645 judicabat
1066 1562 1088 1645 ⁸,
1104 1567 1167 1630 sed
1179 1566 1391 1631 auctoritate
1406 1585 1506 1649 prae·

279 1675 344 1741 lati
355 1673 550 1756 spiritualis
563 1684 599 1738 et
612 1672 839 1754 reipublicae,
856 1672 963 1737 immo
984 1681 1022 1736 et¹
1037 1663 1147 1754 ip'sius
1167 1672 1323 1737 Dominii
1345 1674 1505 1754 indigere

280 1778 517 1861 existimabat,
534 1798 616 1845 cum
627 1779 701 1862 jam
715 1780 763 1845 ad
776 1790 918 1845 centurn
944 1790 978 1845 et
1001 1781 1270 1862 quinquaginta,
1287 1790 1324 1845 ut
1339 1782 1503 1858 diximus

281 1906 450 1955 numerus
463 1887 683 1955 ascenderet.
700 1888 745 1953 Et
759 1904 797 1953 se
812 1889 1056 1953 consulturum
1071 1906 1149 1953 esse
1163 1888 1201 1953 P.
1215 1887 1392 1967 Ignatium
1403 1890 1505 1973 dixit,

282 2014 328 2062 an
342 1996 526 2079 expediret
540 1997 578 2061 in
591 1995 723 2061 nostris
737 1996 872 2059 scholis
885 2012 948 2061 eos
963 1994 1188 2077 congregari.

341 2104 414 2169 838.
456 2103 534 2187 Ipse
548 2112 667 2168 autem
679 2101 782 2167 Prior
793 2120 858 2185 pro
869 2121 933 2167 sua
946 2103 1077 2185 pietate
1093 2102 1224 2186 recepit
1237 2120 1275 2167 se
1287 2116 1505 2189 curaturum,

282 2224 320 2279 ut
339 2212 550 2277 auctoritate
568 2209 658 2275 lllm¹
679 2209 836 2275 Dominli
862 2209 1034 2275 Venetiae
1059 2218 1094 2274 et
1119 2210 1349 2311 Patriarchne
1372 2212 1384 2245 ³
1407 2232 1506 2296 prae·

281 2321 377 2386 dicta
392 2320 625 2401 congregatio
645 2318 913 2401 approbaretur.

340 2427 412 2491 839.
455 2426 525 2491 Sed
539 2427 578 2491 P.
595 2426 754 2507 ignatius
769 2426 906 2490 censuit
921 2426 1054 2490 nostris
1068 2426 1104 2491 in
1119 2425 1252 2491 scholis
1279 2444 1340 2492 eos
1362 2447 1431 2494 non
1451 2430 1507 2495 de-

281 2537 365 2601 bere
382 2536 609 2615 congregari,
631 2550 697 2597 nec
717 2542 859 2598 nostros
878 2550 1002 2597 eorum
1017 2534 1249 2598 caeremoniis
1263 2536 1435 2601 interesse
1450 2538 1506 2603 de-

281 2644 382 2722 bere;
406 2650 442 2707 et
466 2642 515 2706 ita
539 2640 578 2706 P.
605 2640 740 2706 Caesar
758 2649 814 2706 est
831 2650 1014 2706 executus,
1038 2640 1082 2705 Et
1099 2650 1137 2706 ut
1158 2658 1239 2707 cum
1264 2641 1508 2711 aedificatione

283 2753 423 2817 illorum
437 2750 619 2814 bominum
639 2748 750 2829 fieret,
772 2749 861 2813 satis
876 2746 1008 2828 iustam
1032 2750 1256 2814 occasionem
1277 2753 1388 2832 postis
1407 2771 1508 2834 prae·

285 2859 371 2936 buit,
385 2875 477 2940 quae
494 2857 656 2938 grassari
672 2855 746 2936 jann
765 2866 849 2922 tunc
870 2855 1032 2922 Venetiis
1053 2856 1259 2939 incipiebat,
1282 2867 1317 2922 et
1337 2859 1386 2923 ita
1407 2860 1508 2926 Prior

283 2965 448 3047 ipse,qui
461 2963 667 3030 facultatem
680 2964 779 3045 prius
793 2973 1030 3041 concesserat,
1051 2964 1233 3030 admonuit
1258 2965 1296 3028 Ρ.
1318 2965 1509 3034 Caesarem

287 3083 325 3138 ut
339 3074 419 3138 illos
432 3073 545 3142 bonos
566 3072 665 3136 viros
684 3089 755 3135 non
774 3070 993 3153 permitteret
1012 3072 1173 3153 sequenti
1195 3073 1251 3136 dic
1274 3073 1450 3140 dominica
1473 3077 1508 3141 in

284 3180 445 3260 Collegio
459 3189 582 3246 nostro
602 3177 833 3259 congregari;
853 3177 889 3242 in
910 3187 1091 3260 posterum
1114 3180 1220 3244 aliam
1245 3180 1432 3247 honestam
1451 3201 1509 3246 cx·

284 3288 516 3367 cusationem,
532 3303 577 3351 ne
591 3287 642 3350 illi
655 3287 959 3366 perturbarentur,
975 3298 1188 3367 accepturus
1202 3285 1225 3352 ⁴.

343 3394 415 3460 840.
459 3394 561 3475 Quod
586 3395 621 3458 in
641 3393 780 3472 exiguis
805 3393 973 3474 Collegiis
998 3392 1160 3459 accidere
1181 3397 1281 3476 solet,
1308 3397 1345 3460 in
1371 3397 1511 3463 Veneto

284 3504 391 3568 etiarn
406 3503 475 3567 hoc
490 3519 584 3565 anno
599 3500 741 3576 accidit,
756 3509 795 3564 ut
809 3499 946 3579 novitii,
962 3501 1021 3581 qui
1042 3501 1180 3566 radices
1195 3502 1231 3566 in
1250 3505 1440 3569 vocatione
1456 3504 1514 3570 fir·

285 3628 363 3678 mas
376 3628 449 3674 non
471 3618 632 3689 egerant,
656 3607 768 3673 variis
790 3607 1044 3672 tentationibus
1065 3608 1304 3690 agitarentur;
1327 3619 1362 3674 et
1385 3612 1511 3693 aliquis

286 3719 393 3783 etiarn
408 3734 530 3782 eorum
546 3716 712 3780 recedere
727 3715 773 3780 ab
789 3714 949 3778 instituto
964 3714 1184 3796 decreverat,
1201 3717 1365 3798 quamvis
1386 3729 1511 3798 postea

286 3825 463 3890 stabilitus
477 3832 542 3888 cst.
558 3822 652 3886 Inter
666 3821 732 3884 hos
747 3829 824 3885 erat
840 3822 910 3899 ille,
927 3822 986 3902 qui
1002 3821 1099 3886 Patri
1111 3820 1245 3887 Simoni
1257 3821 1396 3902 adjutor
1408 3825 1513 3889 datus

285 3932 413 4011 fuerat,
429 3948 533 4012 quern
547 3929 715 3994 Ferraria
734 3927 869 4008 fugisse
883 3927 1040 3993 diximus
1061 3927 1083 4009 ⁵,
1110 3940 1144 3993 et
1164 3931 1456 4011 comprehensum
1477 3942 1513 3997 et

286 4039 412 4105 deinde
427 4057 449 4102 a
463 4036 640 4102 Societnte
655 4035 838 4101 dimissum
856 4035 976 4100 fuisse.

326 4205 336 4240 ¹
364 4204 557 4251 limmat&

325 4278 337 4309 ¹
364 4277 416 4333 Sic,
425 4288 473 4322 nec
483 4287 587 4322 tensum
599 4275 666 4322 satir
680 4276 805 4332 capimus,
815 4281 843 4320 et
853 4276 1015 4331 suspicamur
1026 4276 1096 4322 allud
1107 4279 1215 4323 verbum
1229 4279 1286 4323 loco
1302 4277 1377 4324 istius
1387 4279 1514 4335 judtcnn·

285 4350 350 4395 dura
362 4351 442 4396 scribi
452 4359 584 4406 oportere.

325 4421 337 4454 ¹
363 4422 430 4468 Erat
441 4423 463 4466 ir
475 4421 643 4466 ¹‘Vincentius
652 4420 758 4474 Dledns,
769 4421 863 4465 nobilis
872 4420 997 4474 Venetus,
1008 4421 1034 4466 in
1048 4420 1150 4467 Veneta
1161 4419 1302 4478 Republica
1312 4423 1422 4479 publicis
1440 4425 1516 4469 susti·

285 4495 375 4540 uendit
385 4494 535 4539 muneribus
544 4493 712 4546 clarissimus,
723 4491 935 4538 Patriarcbalem
949 4494 1036 4539 enuit
1045 4493 1078 4538 ad
1088 4494 1174 4539 renem
1186 4505 1253 4539 anno
1264 4493 1323 4550 155⁶,
1335 4495 1375 4540 dle
1385 4495 1412 4540 24
1422 4495 1521 4552 (Gnarus

285 4565 321 4620 ab)
331 4565 472 4620 januarii...
481 4564 610 4620 Uonmr,
619 4565 638 4609 1.
651 4576 683 4619 e.,
695 4570 713 4608 t.
726 4577 751 4620 v,
762 4564 810 4610 col.
821 4564 882 4610 1317.

326 4639 339 4671 ⁴
365 4638 416 4692 Sic,
429 4636 581 4686 allaturus?

268 4740 271 4745 >
326 4709 339 4746 ⁸
365 4710 459 4766 Supra,
471 4719 533 4769 pre.
545 4709 592 4765 196,
603 4721 629 4756 a.
638 4709 687 4756 717.

430 4797 469 4858 T.
490 4814 533 4858 vt.
