3642 5350
342 375 398 434 420
801 371 931 434 Chaon.
950 372 1027 432 Soc.
1047 371 1118 446 Jns.

344 520 508 601 quamvis
533 518 650 583 adhuc
675 530 883 600 compatre
909 518 1090 599 decrepito
1116 518 1125 549 ¹
1151 517 1190 581 P.
1218 518 1379 583 Chatena
1403 528 1579 598 maneret3

344 626 627 691 confessionibus
652 628 759 690 etiarn
784 626 982 704 audiendis,
1006 634 1042 688 et
1066 642 1236 690 sanorum
1255 636 1291 689 et
1312 626 1578 705 aegrotantium

345 734 556 798 afflictorum
593 732 829 797 consolationi
864 732 923 809 (P.
957 732 1167 796 Leonardus
1199 731 1408 814 praecipue)
1441 732 1579 803 dabant

344 858 502 921 operam.

408 946 497 1012 1804.
539 948 621 1013 Fuit
633 958 753 1013 autem
764 949 909 1030 quidam
920 948 1102 1024 sacerdos
1115 950 1208 1011 inter
1219 948 1320 1027 alios,
1332 947 1504 1025 infirmus,
1514 948 1577 1029 qui

344 1073 426 1119 cum
440 1072 591 1135 corpore
605 1066 640 1121 et
654 1057 774 1121 animo
787 1058 880 1121 male
895 1055 1043 1120 affectus
1056 1063 1166 1136 esset;
1183 1064 1369 1137 postquam
1389 1054 1578 1119 confessus

344 1176 409 1241 est,
430 1164 506 1245 ipse
527 1164 648 1227 statim
668 1163 1001 1231 cumadmiratione
1019 1181 1092 1226 non
1111 1164 1284 1227 mediocri
1300 1179 1436 1240 eorum,
1451 1162 1512 1243 qui
1530 1162 1578 1226 de

343 1269 456 1350 ipsius
476 1272 591 1334 salute
615 1271 863 1351 desperabant,
890 1272 1017 1335 melius
1037 1271 1170 1333 habere
1193 1271 1319 1351 coepit.
1341 1270 1433 1334 Aliis
1453 1270 1577 1349 etiam,

344 1379 406 1459 qui
421 1377 531 1442 variis
546 1377 799 1443 tentationibus
814 1379 1056 1458 agitabantur,
1071 1377 1229 1442 subsidio
1242 1377 1320 1441 fuit.

342 1591 453 1655 Paulo
468 1591 518 1655 IV
532 1608 756 1670 concessum,
773 1592 1039 1672 promulgatum
1053 1593 1189 1668 fuisset,
1206 1592 1366 1672 plurimis
1381 1609 1464 1655 cum
1477 1608 1580 1670 egre-

342 1700 403 1778 gio
428 1698 546 1763 fructu
571 1709 834 1763 sacramentum
860 1700 1098 1779 poenitentiae
1123 1709 1158 1763 et
1184 1700 1443 1763 communionis
1463 1700 1580 1771 nostri

343 1805 600 1882 ministrarunt,
618 1806 708 1870 inter
724 1804 837 1887 [quos
855 1804 1081 1887 invenerunt]
1097 1808 1235 1887 aliquos
1247 1806 1454 1887 desperatos
1464 1807 1575 1871 homi·

343 1931 419 1991 nes,
435 1914 564 1993 quibus
578 1914 701 1976 divina
717 1914 857 1977 bonitas
872 1931 937 1994 per
950 1912 989 1977 P.
1005 1915 1233 1978 Leonardum
1248 1914 1426 1992 subvenit,
1448 1921 1487 1977 ut
1506 1931 1574 1978 me·

343 2020 411 2083 lius
426 2020 593 2100 deinceps
605 2020 786 2084 haberent.

407 2126 496 2189 1806.
540 2127 691 2208 Quidam
710 2127 776 2191 fuit
795 2126 938 2207 juvenis
961 2128 1049 2191 bene
1076 2128 1218 2207 doctuS,
1245 2128 1307 2191 sed
1333 2146 1355 2190 a
1380 2128 1581 2193 lutheranis

343 2233 525 2307 seductus,
547 2235 650 2298 etita
671 2252 693 2297 a
713 2235 829 2298 studio
849 2236 1051 2315 theologiae
1070 2245 1106 2299 et
1127 2245 1222 2299 statu
1236 2234 1451 2299 sacerdotali
1471 2234 1577 2298 vehe-

344 2350 481 2405 menter
500 2340 733 2420 abhorrebat,
754 2352 789 2405 et
809 2342 1015 2422 parentibus
1029 2341 1242 2406 maledicere
1261 2350 1440 2421 coeperat,
1461 2341 1578 2421 quiin

344 2448 470 2512 studiis
484 2448 601 2528 ipsum
616 2448 779 2512 aluerant
797 2458 835 2511 ut
855 2449 900 2511 ad
921 2460 1052 2511 statum
1073 2449 1264 2513 sacerdotii
1285 2449 1520 2529 adducerent;
1541 2458 1576 2517 et

343 2564 495 2618 mortem
509 2555 577 2618 sibi
591 2556 675 2618 olim
690 2564 889 2635 optaverat.
913 2554 983 2619 Sed
998 2572 1079 2619 cum
1094 2556 1301 2620 consulendi
1315 2555 1579 2636 confitendique

344 2662 462 2741 gratia
477 2662 513 2725 111
529 2658 567 2724 P.
584 2660 811 2726 Leonardum
824 2662 1023 2740 incidisset,
1041 2679 1105 2727 cor
1126 2660 1200 2742 ejus
1215 2683 1237 2727 a
1258 2662 1414 2728 Domino
1429 2680 1581 2743 prorsus

344 2771 567 2832 immutatum
592 2777 665 2845 est,
692 2779 726 2833 et
751 2770 867 2849 coepit
891 2770 1092 2850 theologiae
1113 2770 1268 2833 studium
1283 2780 1318 2834 et
1337 2771 1575 2835 sacerdotium

344 2875 500 2939 maxime
525 2877 702 2950 venerari,
730 2885 764 2938 et
790 2877 917 2939 crebro
941 2877 1095 2954 rediens,
1121 2877 1312 2940 confitendi
1337 2877 1466 2956 gratia,
1491 2886 1580 2941 suos

345 2983 453 3046 ctiam
468 2982 729 3046 comburendos
742 2983 852 3046 libros
867 2984 1068 3047 haereticos
1086 2985 1213 3047 attulit.

409 3087 498 3152 1807.
541 3089 721 3152 Mensibus
742 3090 849 3152 etiam
865 3091 1174 3173 consequentibus,
1193 3108 1305 3172 usque
1320 3092 1366 3155 ad
1381 3090 1577 3172 praedicto·-

346 3213 436 3272 rum,
452 3197 513 3276 qui
528 3195 641 3258 Roma
656 3197 756 3260 missi
770 3197 922 3274 fuerant,
940 3198 1144 3276 adventum,
1161 3199 1395 3279 plurimorum
1406 3196 1579 3277 juvenum

346 3301 587 3366 confessiones
608 3301 644 3366 P.
667 3303 875 3368 Leonardus
894 3305 1049 3381 audivit,
1070 3306 1130 3386 qui
1150 3307 1261 3369 vitam
1281 3307 1318 3368 in
1337 3305 1462 3368 melius
1484 3322 1577 3368 com·

345 3417 537 3485 mutarunt;
554 3418 589 3472 et
603 3410 711 3490 aliqui
731 3412 842 3475 exeis
858 3412 903 3475 ad
918 3413 1066 3476 consilia
1084 3411 1217 3476 Christi
1231 3413 1404 3493 capienda
1420 3411 1580 3481 animum

345 3512 562 3593 adjecerunt,
579 3527 613 3578 et
628 3518 733 3580 simui
744 3536 825 3582 cum
837 3520 978 3582 animae
988 3520 1141 3583 sanitate
1153 3520 1278 3583 melius
1288 3519 1407 3598 etiam,
1421 3517 1517 3600 quod
1531 3516 1577 3582 ad

346 3639 477 3703 corpus
497 3624 634 3700 attinet,
655 3624 847 3703 habebant,
869 3643 960 3706 quos
979 3643 1042 3706 per
1057 3636 1323 3690 sacramentum
1343 3625 1581 3689 confessionis

346 3727 468 3792 divina
497 3729 637 3792 bonitas
663 3732 699 3794 in
728 3741 876 3814 utroque
904 3733 1046 3797 homine
1076 3733 1245 3814 juvabat,
1276 3732 1442 3796 adhibitis
1470 3731 1579 3800 etiam

346 3833 383 3898 P.
401 3837 580 3900 Leonardi
593 3837 827 3903 familiaribus
842 3841 1040 3922 colloquiis

410 3940 499 4006 1808.
541 3941 627 4007 Post
640 3944 832 4010 adventum
844 3945 991 4010 Parrum
1001 3947 1160 4025 Henrici,
1173 3947 1311 4012 Costeri
1326 3958 1362 4011 et
1377 3948 1486 4029 Rezii,
1498 3968 1581 4032 par·

346 4049 410 4113 11111
425 4049 545 4125 latine,
563 4051 691 4129 partim
707 4054 913 4130 germanice
934 4053 1002 4118 duo
1017 4056 1169 4134 priores,
1184 4053 1362 4118 Henricus
1381 4055 1581 4138 dominiciS,

346 4155 475 4219 Rezius
490 4155 590 4219 festis
605 4156 739 4238 diebus,
756 4160 791 4222 in
807 4161 932 4224 eodem
949 4161 1081 4241 templo
1097 4161 1305 4224 concionari
1319 4171 1529 4243 coeperunt;
1545 4172 1581 4230 et

346 4274 495 4342 uterque
517 4262 691 4343 frequenti
719 4267 894 4331 auditorio
919 4277 955 4331 et
980 4285 1061 4331 cum
1086 4285 1218 4347 magna
1242 4265 1318 4346 eius
1339 4268 1584 4338 satisfactione

347 4369 555 4434 concionari
569 4372 754 4452 pergebat.
1061 4363 1064 4367 ’

386 4541 394 4569 ¹
424 4535 489 4580 l'ide
500 4550 566 4592 quae
577 4538 665 4586 dehoc
673 4551 744 4594 sene,
752 4543 859 4597 eiusque
868 4541 920 4587 tilio
929 4543 957 4586 P.
967 4542 1160 4598 catenasum
1169 4544 1289 4596 diximus,
1298 4551 1317 4588 t.
1326 4555 1431 4600 πῆραι.
1441 4546 1490 4600 209,
1498 4545 1582 4603 affl,

344 4614 433 4654 annot.
442 4609 463 4660 8,
472 4615 499 4652 et
510 4616 529 4654 t.
542 4623 567 4664 v,
578 4622 638 4666 pag.
648 4613 697 4667 275,
706 4625 730 4658 n.
739 4613 788 4666 760,
799 4625 887 4658 annot.
897 4615 920 4669 ⁶,
930 4615 973 4659 nbi
984 4614 1055 4658 dicta
1064 4617 1098 4659 ab
1108 4615 1214 4659 Hansen
1224 4616 1406 4661 refutavimus.
