3642 5350
704 455 941 517 ,41111556
982 482 986 486 ·
1420 455 1474 515 luo

252 626 255 631 ·
304 600 374 665 367.
416 600 641 665 Gubernator
656 601 798 683 quidem
811 601 1035 667 Lauret'anus
1055 604 1151 667 nullo
1169 602 1276 666 modo
1294 602 1470 683 probabat

243 707 312 772 hoc
335 708 538 788 eonsilium,
565 707 659 790 quod
684 717 802 773 tamen
828 708 1081 775 Recinatenses
1110 709 1214 773 avide
1242 710 1408 791 amplecti
1437 718 1471 773 et

244 817 375 895 magno
390 814 522 879 affectu
536 812 755 880 Societatem·
764 826 924 881 nostram
939 818 1104 899 prosequi
1117 817 1338 884 videbantur.

249 932 253 938 ·
306 921 375 985 368.
419 922 630 987 Hortensius
645 924 840 989 Androtius
856 942 919 1005 per
933 925 1108 1006 quaedam
1128 927 1205 988 loca
1225 924 1408 989 Marchiae
1422 924 1471 987 di·

243 1029 350 1093 tionis
363 1027 385 1106 ¹,
400 1030 611 1109 praesertim
633 1029 822 1109 Camerini,
844 1032 1040 1112 perutiliter
1062 1032 1286 1106 versabatur,
1308 1041 1343 1095 et
1357 1031 1394 1094 in
1409 1047 1473 1111 op·

245 1136 328 1216 pido
344 1152 408 1201 suo
425 1136 628 1201 Montechio
652 1136 729 1217 ejus
750 1138 937 1203 conversio
962 1148 996 1201 et
1019 1140 1165 1202 mutatio
1191 1138 1354 1203 miraculi
1368 1140 1473 1219 plena

246 1242 434 1308 videbatur
449 1240 470 1309 ¹.
488 1243 776 1311 concionabatur
790 1246 825 1309 in
845 1246 984 1326 plateis,
1005 1244 1099 1327 quod
1118 1264 1200 1310 cum
1221 1246 1363 1309 fecisset
1378 1244 1473 1326 apud

246 1349 312 1415 S.⁰¹
322 1350 532 1415 Severinum
546 1352 743 1433 aliquoties,
757 1352 921 1415 canonici
931 1369 1013 1417 eum
1024 1353 1070 1416 ad
1081 1362 1291 1434 suggestum
1305 1370 1473 1416 conscen·

246 1458 401 1523 dendum
415 1466 450 1521 et
464 1459 499 1521 in
515 1464 580 1525 sua
594 1459 746 1523 ecclesia
758 1459 1048 1547 ¹pontionandum
1067 1468 1271 1539 coegerunt.
1289 1459 1334 1523 Et
1350 1457 1475 1538 maiori

247 1566 354 1631 etiam
369 1563 707 1645 radmirationiejus
735 1565 954 1647 praedicatio
977 1577 1061 1631 tunc
1086 1567 1172 1644 luit,
1200 1577 1234 1631 et
1262 1584 1410 1649 prorsus
1439 1567 1474 1629 in

248 1672 409 1739 Mareliia
422 1672 636 1739 'existimatio
648 1671 835 1738 Societatis
850 1681 950 1739 tanta
964 1683 1042 1738 erat
1057 1684 1095 1737 ut
1110 1674 1208 1738 credi
1222 1674 1283 1737 vix
1298 1674 1419 1754 possit.

309 1779 380 1843 369.
424 1780 513 1845 Cum
527 1782 619 1844 bella
638 1782 983 1862 circumstreperent,
1000 1781 1181 1860 cogitabat
1193 1780 1417 1845 Gubernator
1432 1779 1476 1843 de

249 1888 495 1953 sacerdotibus
509 1896 543 1951 et
558 1890 689 1952 nostris
705 1898 739 1952 et
754 1888 912 1952 externis
931 1889 1001 1952 alio
1021 1889 1211 1966 mittendiS,
1233 1896 1268 1951 et
1288 1888 1330 1951 de
1345 1888 1475 1968 praesi-

248 1994 308 2059 dio
323 1996 471 2059 militirm
497 1996 543 2059 ad
560 1995 735 2077 'oppidum
757 1995 842 2063 illud
865 1994 1125 2060 defendendum
1151 1995 1359 2059 adducendo
1374 1994 1397 2074 ⁸,
1414 1995 1477 2059 sed

249 2103 375 2167 melius
388 2102 605 2183 praesidium
620 2104 656 2167 in
671 2102 710 2167 B.
727 2103 890 2183 Virginis
904 2104 1123 2184 protectione
1138 2104 1293 2184 positum
1314 2111 1401 2182 erat;
1420 2102 1477 2169 hic

254 2221 373 2276 tamen
393 2211 563 2275 tumultus
578 2211 724 2275 bellicus
739 2211 989 2275 tractationem
1004 2210 1145 2291 collegii
1159 2209 1392 2275 recinatensis
1410 2210 1478 2273 dis·

253 2318 398 2399 sipavit.
646 2322 652 2333 ’

312 2424 382 2488 370.
419 2424 546 2489 'Nostri
564 2424 681 2490 *etiam
710 2425 873 2489 militaris
897 2425 1067 2507 praesidii
1092 2426 1171 2489 loco
1197 2424 1418 2489 orationibus
1443 2434 1478 2487 et

251 2534 415 2614 eorporis
429 2533 723 2614 castigationibus
734 2550 864 2613 magna
876 2551 956 2597 cum
968 2534 1154 2597 devotione
1170 2532 1385 2614 etlacrymis
1397 2549 1478 2613 ope·

253 2644 331 2705 ra'm
351 2640 541 2722 dederunt,
563 2650 598 2706 et
621 2640 708 2724 nibil
726 2648 873 2723 prorsus
893 2640 1107 2706 incommodi
1130 2658 1175 2706 ex
1198 2640 1290 2704 bello
1311 2640 1478 2721 oppidum

250 2750 338 2814 illud
351 2751 472 2815 sensit.
597 2754 599 2762 “

311 2857 383 2921 371.
426 2857 616 2923 comitissa
631 2857 806 2939 quaedam
821 2875 866 2921 ex
876 2856 1010 2922 ditione
1020 2856 1132 2921 Ducis
1142 2856 1271 2920 Urbini
1280 2856 1477 2921 Lauretum

252 2964 400 3029 veniens
414 2965 452 3030 Ρ.
469 2961 712 3046 Raphaelem⁴
729 2965 938 3028 nominatim
958 2966 994 3028 in
1012 2965 1271 3028 confessarium
1291 2962 1477 3046 [elegerat]

190 3086 194 3094 ·
252 3072 346 3154 quod
363 3071 516 3136 Ducissa
538 3072 663 3136 Urbini
679 3073 783 3136 valde
803 3072 918 3153 ipsum
937 3072 1232 3150 commendassem
1248 3070 1409 3135 sedsscum
1423 3072 1480 3134 ille

252 3189 327 3244 turn
341 3178 487 3244 Laureti
502 3197 573 3242 non
587 3189 692 3259 esset,
707 3197 779 3243 non
790 3179 958 3259 exiguam
969 3179 1248 3242 consolationem
1259 3179 1479 3259 spiritualem

252 3287 298 3350 ab
313 3287 382 3351 alio
397 3287 431 3351 el
445 3287 629 3367 assignato
646 3287 795 3368 accepit.

314 3395 394 3472 372.Ι
410 3415 414 3421 ·
428 3394 517 3458 Cum
543 3405 661 3458 autem
681 3394 725 3458 ab
746 3395 922 3458 accersito
942 3395 1095 3460 Rectore
1116 3397 1342 3477 postulasset,
1363 3406 1400 3459 ut
1415 3395 1480 3459 sibi

256 3503 379 3566 liceret
394 3501 438 3566 ad
453 3501 649 3582 Collegium
670 3502 861 3566 videndum
881 3504 1033 3583 ingredi,
1054 3504 1270 3585 prohibitum
1290 3504 1480 3568 esseintel-

254 3609 342 3673 lexit
366 3608 569 3673 mulieribus
594 3618 797 3673 nostrorum
819 3611 1051 3690 collegiorum
1072 3611 1221 3687 aditum;
1246 3620 1280 3673 et
1303 3612 1480 3690 repulsam

249 3734 328 3780 'non
344 3717 459 3780 solum
473 3709 647 3797 patienter
663 3717 725 3780 sed
739 3733 819 3783 cum
836 3718 1082 3782 aedificatione
1097 3721 1187 3782 tulit.

266 3827 268 3832 '
316 3825 386 3888 373.
430 3823 589 3904 Quidam'
601 3823 645 3888 de
665 3823 842 3889 Societate
866 3845 904 3889 se
924 3843 1003 3890 esse
1023 3829 1205 3905 simulans,
1228 3827 1322 3907 apud
1342 3825 1406 3890 81⁰
1425 3825 1483 3890 Se·

255 3934 420 3998 verinum
446 3949 525 3996 curn
536 3931 792 4014 superpelliceo
812 3941 846 3996 et
858 3935 948 3996 stola
963 3935 998 3997 in
1011 3945 1184 4014 suggestu
1195 3935 1481 4014 praedicaveram

254 4037 447 4122 positiones
463 4040 569 4104 etiam
585 4039 816 4121 disputandas
829 4057 1041 4121 proponens
1058 4043 1223 4105 doctores
1238 4050 1272 4106 et
1291 4042 1484 4120 magistros

252 4149 303 4214 ad
317 4147 495 4212 certamen
515 4145 750 4229 provocabat:
770 4149 958 4227 pecuniam
977 4150 1102 4229 etiam,
1124 4149 1335 4213 vestimenta
1354 4157 1390 4211 et
1413 4149 1483 4212 alia

300 4431 307 4462 l
336 4429 385 4473 Ubl
395 4441 441 4472 nos
452 4429 564 4473 ditionis
574 4429 718 4484 scribimus,
729 4439 775 4474 ms.
786 4429 865 4474 lubet
874 4429 1015 4483 dioecesis·
1026 4440 1117 4474 verum
1126 4442 1176 4474 non
1186 4441 1237 4474 una
1248 4437 1287 4474 est
1303 4431 1329 4474 in
1340 4430 1483 4476 Anconita-

255 4512 292 4546 na
302 4498 417 4545 llarcula
428 4501 561 4545 dioecesls.
862 4509 864 4514 ·

297 4573 310 4606 ²
336 4571 402 4616 Vide
413 4582 499 4626 supra,
510 4583 571 4628 pag.
581 4573 603 4627 7,
615 4585 639 4618 n.
652 4574 687 4620 10.

262 4643 275 4676 ¹:
298 4645 320 4677 ε’
338 4641 427 4686 sermo
436 4647 477 4686 est
487 4639 536 4685 nob
545 4641 600 4697 lum
609 4643 641 4686 de
652 4641 789 4690 Camerino
800 4652 845 4691 aut
856 4646 1011 4702 Montecblo,
1022 4647 1067 4691 sed
1078 4647 1108 4691 de
1117 4647 1246 4694 laureto.

299 4719 311 4749 ⁴
337 4712 496 4770 Raphuelem
506 4711 620 4760 Rleram.
669 4725 671 4734 ·
740 4713 762 4734 '·
813 4725 814 4728 ’
1052 4726 1054 4729 ·
