3642 5350
758 434 824 497 Art.
845 434 916 495 1556
1365 458 1372 477 ·
1396 430 1452 495 723

220 582 336 647 stlana
351 580 514 646 doctrina
528 579 605 646 lieri
619 586 700 664 post
715 580 897 645 meridiem
918 578 1090 656 solebant,
1113 593 1194 643 cum
1213 593 1346 659 magna
1360 578 1452 645 utili·

220 698 295 755 tate
307 690 500 755 multorum
513 688 741 754 continuatae
755 686 908 769 fuerunt,
925 687 1056 770 partim
1071 705 1093 751 a
1107 687 1147 753 P.
1162 686 1355 752 Melchiore
1370 686 1450 754 Cot·

221 805 278 875 ta,
301 798 432 877 partim
451 812 473 861 a
493 795 533 861 P.
548 794 673 865 Marco
687 794 864 877 Georgio,
879 796 941 878 qul
960 812 1067 861 casus
1084 796 1325 861 conscientiae
1346 796 1453 878 expli·

222 904 339 985 cubat,
360 916 441 971 cum
463 902 635 969 Melchior
654 904 691 969 in
712 903 793 970 aliis
817 902 915 969 urbis
940 903 1080 985 templis
1102 902 1393 983 concionabatur;
1421 912 1456 967 et

222 1028 355 1094 magna
373 1028 458 1093 pars
477 1011 693 1092 auditorum,
714 1012 774 1093 qui
789 1011 877 1077 satis
890 1010 1095 1093 frequentes
1113 1018 1233 1089 erant,
1249 1019 1285 1076 et
1304 1010 1456 1076 aliorum

221 1136 296 1187 non
307 1118 412 1201 pauci
426 1118 576 1201 singulis
591 1118 771 1185 mensibus
784 1117 1061 1198 confitebantur;
1077 1118 1186 1183 immo
1199 1118 1309 1200 aliqui
1325 1124 1457 1183 octavo

221 1242 363 1309 quoquc
377 1223 463 1310 [die]
474 1225 513 1293 id
526 1224 749 1306 factitabant,
761 1234 796 1291 et
807 1224 890 1291 Sal*
905 1224 1131 1291 Eucharistia
1143 1223 1407 1304 reficiebantur;
1420 1234 1457 1289 et

221 1333 386 1415 quamvis
405 1332 621 1401 confessarii
637 1332 764 1402 salisa
784 1331 1008 1398 scholasticis
1030 1332 1309 1414 occupabantur,
1331 1347 1454 1413 aegro·

223 1442 373 1507 tantium
388 1448 507 1507 tamen
524 1438 771 1509 confessiones
782 1448 824 1509 et
838 1440 989 1509 auorum
1007 1440 1116 1505 etiarn
1136 1441 1324 1521 generales
1339 1438 1457 1505 audie·

223 1548 320 1612 bant:
336 1548 443 1629 longe
458 1556 578 1613 tamen
592 1546 751 1629 pluribus
766 1546 995 1615 satistaemm
1003 1554 1109 1627 esset,
1125 1546 1156 1611 si
1170 1547 1291 1628 plures
1304 1544 1457 1612 fuissent

225 1654 392 1737 operarii.
409 1654 471 1719 Eis
490 1664 621 1735 autem,
639 1654 699 1737 qui
713 1655 759 1719 ab
777 1655 846 1719 hac
867 1654 942 1719 vita
957 1653 1200 1734 discedebant,
1218 1653 1335 1735 magis
1350 1672 1458 1737 quam

226 1762 306 1827 aliis
320 1778 422 1827 suam
436 1778 582 1843 operam
597 1778 670 1826 non
683 1761 807 1826 deesse
821 1760 1085 1843 permittebant.

285 1867 377 1933 3126.
420 1868 460 1933 ln
470 1870 601 1951 templo
613 1876 732 1969 autem
743 1876 878 1948 nostro,
890 1876 1033 1950 praeter
1045 1868 1340 1949 pomeridianam,
1350 1870 1458 1935 etiam

227 1977 401 2043 matutina
415 1976 613 2042 habebatur
627 1975 764 2055 concio;
780 1984 815 2040 et
829 1976 995 2058 quamvis
1008 1976 1235 2056 vespertinae
1249 1976 1460 2043 scholastici

226 2084 452 2167 peculiariter
466 2083 637 2148 interesse
651 2082 831 2163 deberent,
848 2082 943 2163 quod
958 2100 1001 2148 ea
1016 2082 1059 2147 de
1074 2082 1270 2148 christiana
1292 2082 1459 2150 doctrina

226 2193 426 2269 haberetur,
443 2200 517 2255 tam
531 2190 633 2255 multi
647 2189 829 2271 utriusque
840 2205 949 2255 sexus
960 2190 1189 2271 accedebant,
1203 2199 1242 2255 ut
1254 2206 1336 2255 curn
1347 2193 1459 2257 eccle·

226 2301 301 2365 siae
316 2298 492 2379 angustiis
505 2315 577 2364 uon
592 2296 765 2363 contineri
779 2307 925 2378 possent
939 2298 1035 2377 (nam
1054 2314 1186 2378 magna
1204 2316 1247 2363 ea
1265 2316 1337 2364 non
1353 2300 1456 2381 erat),

227 2406 453 2473 investibulo
473 2422 517 2470 ac
535 2404 674 2487 porticu
689 2404 808 2469 vicino
827 2404 1004 2470 subselliis
1018 2406 1137 2470 omnia
1152 2404 1404 2487 implebantur;
1425 2417 1462 2472 et

225 2523 345 2579 tamen
360 2512 536 2595 permulti,
553 2512 636 2595 quia
650 2530 695 2577 ne
710 2511 758 2576 ibi
773 2513 890 2577 locum
904 2511 1094 2590 habebant,
1115 2512 1260 2579 domum
1282 2513 1461 2581 redibant.

287 2620 379 2686 3127.
422 2619 565 2687 Eisdem
584 2619 709 2686 diebus
727 2617 840 2701 major
859 2619 967 2685 etiam
985 2628 1064 2686 erat
1083 2620 1329 2689 accedentium
1343 2622 1390 2688 ad
1406 2641 1459 2688 sa·

228 2738 412 2795 eramenta
432 2725 634 2809 multitudo,
656 2726 719 2792 sed
739 2727 847 2794 etiam
865 2727 1034 2809 profestis
1058 2727 1184 2793 diebus
1210 2730 1353 2811 plurimi
1380 2748 1461 2796 con·

229 2837 431 2918 litebantur,
447 2845 483 2901 et
496 2835 632 2900 tructus
647 2853 719 2900 non
733 2834 966 2916 poenitendus
976 2853 1022 2900 ex
1036 2853 1079 2900 eo
1091 2836 1287 2903 ministerio
1298 2839 1463 2920 capieba-

229 2953 299 3010 tur.
316 2943 430 3009 Valde
445 2951 564 3008 autem
578 2959 730 3010 messem
744 2943 875 3007 nostris
890 2943 990 3008 auxit
1003 2961 1094 3025 pene
1105 2944 1322 3010 incredibilis
1335 2963 1459 3028 aegro·

231 3053 382 3118 tantium
397 3052 466 3116 hoc
481 3067 575 3115 anno
589 3049 788 3141 multitudo:
801 3057 856 3116 est
870 3051 965 3116 enim
979 3050 1099 3116 Ebora
1110 3069 1237 3134 parum
1248 3054 1401 3119 salubris
1416 3056 1463 3120 ci·
1488 3049 1496 3058 “

234 3159 340 3239 vitas,
357 3160 394 3223 in
408 3158 536 3241 hyeme
550 3157 655 3222 valde
669 3157 800 3238 irlgida
814 3168 849 3224 et
864 3159 901 3224 ln
916 3168 1052 3225 aestate
1066 3161 1145 3241 plns
1159 3162 1248 3225 satis
1259 3161 1387 3243 calida;
1402 3163 1465 3227 sed

234 3267 444 3350 aegrotandi
459 3265 655 3347 periculum
670 3265 707 3329 in
720 3275 856 3332 aestate
869 3267 1020 3348 gravius
1037 3277 1103 3348 est,
1121 3277 1156 3333 et
1170 3269 1238 3333 hoc
1255 3287 1349 3334 anno
1365 3271 1465 3336 multi

235 3375 434 3457 periculose
453 3380 703 3454 aegrotarunt,
724 3373 832 3442 immo
851 3383 886 3439 et
904 3375 1037 3439 mortui
1057 3384 1157 3458 sunt,
1173 3376 1209 3441 in
1229 3378 1357 3459 quibus
1377 3378 1465 3443 invi·

234 3483 370 3563 sendis,
397 3481 624 3548 consolandis
648 3493 683 3548 et
702 3499 767 3565 per
786 3490 1012 3547 sacramenta
1028 3479 1208 3563 iuvandis
1235 3483 1309 3550 dies
1328 3494 1466 3549 noctes-

235 3608 304 3672 que
324 3590 432 3671 aliqui
451 3607 497 3655 ex
516 3591 649 3656 nostris
668 3589 935 3655 consumebant.
951 3588 1003 3653 Ea
1024 3591 1152 3655 etenim
1173 3600 1252 3655 erat
1269 3590 1313 3656 de
1333 3592 1468 3657 nostris

237 3697 463 3778 existimatio,
480 3706 516 3762 et
530 3698 560 3762 is
575 3698 733 3763 omnium
748 3697 896 3761 allectus
911 3713 999 3778 erga
1014 3714 1087 3778 eOS,
1110 3707 1148 3762 ut
1163 3715 1245 3762 cum
1259 3698 1296 3763 in
1319 3715 1363 3763 ea
1383 3699 1467 3764 civi·

238 3813 310 3871 tate
325 3815 360 3870 et
374 3805 533 3887 religiosi
547 3812 582 3870 et
592 3803 758 3870 doctores
772 3805 872 3868 multi
887 3812 1018 3883 essent,
1031 3804 1164 3868 nostris
1175 3805 1321 3870 omnino
1336 3805 1468 3870 vellent

239 3912 418 3994 confiteri;
433 3921 468 3976 et
486 3912 577 3977 haec
597 3928 719 3977 eorum
740 3911 860 3992 opinio
883 3910 965 3976 inde
985 3920 1103 3975 ortum
1117 3911 1285 3976 habuisse
1300 3930 1345 3977 ex
1367 3921 1469 3993 parte

240 4021 391 4100 videtur,
408 4019 503 4102 quod
518 4019 639 4100 aliqui,
654 4027 689 4083 et
704 4017 846 4100 quidem
860 4033 933 4082 non
951 4017 1070 4098 pauci,
1086 4017 1218 4083 diaboii
1233 4020 1469 4101 suggestioni·

174 4155 176 4158 ·
240 4129 308 4192 bus
321 4137 357 4192 et
370 4126 522 4192 fallaciis
536 4143 626 4208 pene
641 4123 686 4190 ad
706 4123 992 4206 desperationem
1006 4124 1162 4204 adducti,
1178 4127 1240 4208 qui
1262 4126 1345 4191 alibi
1360 4144 1470 4192 reme·

240 4236 337 4301 dium
351 4235 512 4300 invenire
527 4251 598 4299 non
612 4241 814 4316 potuerant,
832 4232 997 4314 quamvis
1012 4232 1112 4298 multi
1126 4233 1287 4314 religiosi
1302 4251 1405 4299 suam
1420 4234 1472 4299 eis

243 4359 390 4426 operam
404 4341 679 4424 praestitissent,
699 4340 832 4405 nostris
847 4338 893 4403 ad
912 4356 974 4403 eos
992 4339 1254 4422 accedentibus
1272 4359 1473 4424 percorum

242 4448 477 4516 ministerium
491 4466 513 4512 a
527 4446 683 4512 Domino
697 4447 838 4512 liberati
853 4454 985 4511 essent.

303 4554 398 4622 3128.
439 4554 535 4620 inter
550 4553 687 4619 tructus
701 4562 821 4619 autem
835 4554 1047 4618 concionum
1058 4555 1117 4618 hic
1130 4564 1251 4636 posset
1266 4573 1338 4621 non
1352 4556 1472 4622 infimo

244 4668 323 4734 loco
333 4663 526 4744 numerari,
536 4660 642 4744 quod,
652 4661 810 4726 maxima
821 4677 866 4724 ex
878 4669 991 4740 parte,
1004 4678 1128 4726 earum
1139 4662 1321 4729 auditores
1331 4665 1391 4729 vel
1403 4666 1473 4734 siu·
