3642 5350
329 332 383 395 360
787 333 916 395 Canon.
935 331 1015 394 Soc.
1034 331 1106 407 Jns.

331 492 365 545 et
379 481 496 546 fructu
512 483 594 547 alibi
609 492 748 564 poterat
767 481 980 562 expendere,
997 480 1161 562 quodque
1179 489 1254 543 tam
1273 480 1349 560 ipse
1363 494 1472 558 quam
1484 474 1561 557 ejus

333 590 452 654 socius
467 590 667 670 GiofreduS,
684 600 831 671 propter
843 588 1054 653 cruditatem
1065 597 1099 653 et
1111 586 1356 669 intemperiem
1366 586 1461 650 illius
1471 584 1561 649 coeli

331 710 365 761 et
380 700 553 762 rationem
568 698 826 777 alimentorum,
842 697 935 762 male
949 698 1126 777 valerent;
1143 696 1305 761 eumdem
1318 696 1428 759 etiam
1441 695 1478 758 in
1491 693 1557 758 lta·

333 806 417 870 liam
437 822 517 869 cum
539 823 603 868 suo
622 805 796 870 Auditore
815 805 996 870 remittere
1015 804 1109 887 apud
1123 822 1162 868 se
1180 804 1374 883 constituit,
1390 814 1429 867 ut
1449 802 1560 865 verbo

335 913 442 976 etiam
458 913 533 993 ipse
548 911 693 977 Summo
707 911 869 977 Pontifici
884 912 1017 976 referre
1032 922 1152 994 posset
1163 929 1234 994 quo
1244 912 1282 975 in
1292 920 1389 976 statu
1399 926 1458 975 res
1469 910 1562 974 illius

336 1020 438 1100 regni
453 1030 692 1084 versarentur.

398 1126 486 1190 1502.
530 1125 662 1209 Sponte
677 1144 765 1207 ergo
780 1138 815 1191 et
829 1129 973 1211 proprio
994 1138 1093 1192 motu
1110 1127 1270 1192 Nuncius
1283 1124 1479 1207 significari
1492 1125 1563 1207 jus·

335 1237 380 1299 sit
395 1235 432 1298 P.
450 1234 659 1313 Salmeroni,
676 1236 737 1316 qui
752 1236 839 1299 nihil
854 1254 896 1300 ea
912 1236 955 1299 de
978 1254 1017 1299 re
1037 1236 1272 1313 intellexerat,
1288 1243 1326 1297 ut
1345 1252 1385 1298 se
1404 1234 1565 1314 accinge·

335 1353 389 1406 ret
403 1343 450 1407 ad
463 1343 531 1406 iter
545 1343 582 1405 in
597 1342 745 1406 ltaliam.
761 1342 865 1422 Quod
876 1360 959 1407 cum
973 1344 1142 1421 audisset,
1154 1342 1331 1407 Nuncium
1341 1341 1509 1405 convenit
1523 1358 1567 1404 ac

338 1450 553 1530 significavit
564 1466 602 1513 se
615 1467 635 1511 a
647 1447 792 1513 Summo
806 1449 975 1514 Pontifice
989 1450 1148 1529 missum,
1165 1460 1203 1513 ut
1218 1451 1333 1530 ipsum
1344 1447 1521 1513 Nuncium
1531 1448 1568 1511 in

338 1558 407 1621 hac
429 1558 608 1635 legatione
627 1557 873 1637 comitaretur;
894 1557 1060 1638 quodque
1081 1557 1230 1621 libenter
1244 1556 1285 1619 id
1304 1555 1465 1620 facturus
1479 1566 1567 1632 erat,

339 1666 420 1728 licet
435 1683 515 1729 cum
531 1665 754 1729 incommodo
769 1665 985 1729 valetudinis
1000 1675 1035 1728 at
1053 1666 1151 1729 vitae
1172 1665 1279 1728 etiam
1293 1663 1479 1745 dispendio
1498 1680 1570 1728 ma·

339 1791 424 1837 nere
440 1782 629 1853 oporteret.

399 1879 490 1943 1503.
535 1878 729 1961 Respondit
744 1879 903 1944 Nuntius
914 1898 953 1943 se
968 1880 1142 1943 rationem
1156 1881 1361 1944 habiturum
1375 1896 1448 1943 non
1463 1878 1572 1942 fuisse

340 1988 556 2051 valetudinis
570 1986 658 2067 ejus,
673 1988 756 2051 licet
771 2004 868 2051 mors
879 1988 947 2069 ipsi
959 1988 1140 2051 subeunda
1152 1987 1289 2067 fuisset,
1302 1988 1333 2050 si
1344 1988 1402 2051 vel
1411 2003 1572 2051 necessa·

340 2097 394 2159 rin
409 2096 467 2158 vel
481 2094 575 2158 utilis
590 2095 665 2175 ejus
677 2111 785 2175 opera
799 2094 922 2159 futura
936 2105 1042 2176 esset;
1059 2095 1122 2159 sed
1137 2111 1218 2159 cum
1231 2105 1459 2175 perspectum
1469 2094 1574 2157 habe·

342 2214 394 2267 ret
409 2203 496 2266 nihil
511 2203 555 2265 ab
570 2220 612 2266 eo
628 2204 808 2282 praestari
824 2220 943 2283 posse,
965 2220 1116 2284 cumque
1135 2204 1285 2284 ipsemet
1298 2202 1457 2267 Nuncius
1475 2200 1574 2265 brevi

340 2320 434 2375 esset
448 2310 637 2389 rediturus,
651 2311 687 2373 in
699 2310 840 2374 ltaliam
857 2310 973 2391 ipsum
983 2310 1283 2391 praemittendum
1295 2310 1340 2374 ob
1351 2311 1509 2374 rationes
1519 2326 1575 2372 su·

342 2419 462 2498 perius
488 2417 601 2481 dictas
623 2418 866 2498 existimabam
890 2419 996 2481 etita
1018 2435 1100 2482 cum
1122 2420 1396 2499 propensionem
1409 2416 1577 2498 Episcopi

343 2526 491 2602 videret,
508 2524 634 2588 litteris
648 2524 724 2605 ejus
739 2526 784 2621 ad
800 2524 984 2589 Summum
998 2524 1207 2590 Pontificem
1222 2534 1257 2589 et
1272 2525 1319 2589 ad
1338 2524 1376 2589 P.
1396 2524 1575 2605 ignatium

342 2633 540 2716 postulatiS,
558 2650 639 2697 cum
655 2632 828 2697 Auditore
844 2633 964 2698 itineri
978 2650 1017 2697 se
1028 2632 1136 2698 dedit.

407 2739 494 2804 1504.
539 2740 774 2805 Commiserat
794 2740 901 2804 etiam
920 2741 1087 2807 Auditori
1101 2742 1277 2821 Nuncius,
1289 2751 1328 2805 ut
1345 2741 1455 2804 verbo
1471 2739 1577 2803 refer·

345 2859 398 2911 ret
411 2846 572 2911 Pontifici
586 2847 680 2927 quod
695 2857 820 2926 sponte
835 2865 900 2911 sua
912 2847 951 2912 P.
968 2847 1211 2913 Salmeronem
1222 2851 1420 2928 remiserat,
1433 2857 1577 2929 propter

345 2971 388 3017 ea
405 2954 578 3035 quaejam
592 2964 674 3018 sunt
686 2954 790 3017 dicta.

409 3059 496 3124 15tl5.
540 3061 782 3125 Pervenerunt
798 3072 919 3126 autem
934 3061 1113 3127 Viennam
1128 3064 1258 3143 viginti
1272 3072 1428 3145 quatuor
1442 3062 1579 3139 diebus,

347 3178 537 3250 postquam
551 3167 680 3232 Vilnae
695 3179 847 3249 quatuor
862 3179 896 3233 et
912 3171 1065 3250 triginta
1080 3171 1156 3235 dies
1175 3173 1401 3235 mansissent.

413 3275 501 3339 1506.
545 3275 625 3356 lpso
647 3286 765 3340 autem
788 3277 845 3341 die
863 3275 923 3341 gn
946 3277 1112 3342 Andreae
1130 3279 1281 3360 profecti
1304 3278 1429 3355 Vilna‚
1457 3275 1499 3340 23
1517 3275 1584 3340 De·

348 3385 502 3447 cembris
516 3383 694 3446 Viennam
710 3384 863 3464 ingressi
878 3395 975 3465 sunt;
992 3405 1075 3450 nam
1091 3387 1270 3450 concitato
1282 3386 1474 3449 admodum
1486 3400 1583 3464 gres·

349 3509 391 3554 su
411 3492 478 3554 iter
497 3492 743 3570 longissimum
768 3492 1019 3571 confecerunt;
1047 3503 1082 3557 et
1107 3511 1189 3557 cum
1208 3494 1371 3574 hyemale
1390 3503 1530 3572 tempus
1548 3490 1584 3553 in

345 3597 575 3677 frigidissima
601 3599 745 3676 regione
772 3601 1022 3678 permolestum
1043 3600 1177 3678 fuisset,
1193 3601 1324 3679 digitos
1344 3600 1462 3663 dextri
1478 3596 1583 3678 pedis

348 3704 603 3785 propemodum
619 3716 776 3769 mortuos
791 3717 826 3770 et
841 3707 1014 3786 stupidos
1032 3719 1066 3771 et
1082 3719 1195 3771 totum
1211 3724 1340 3788 corpus
1354 3708 1451 3770 velut
1473 3707 1581 3770 disso-

347 3813 458 3876 lutum
472 3825 506 3876 et
521 3813 782 3892 incompactum
798 3815 925 3893 attulit,
940 3832 1020 3878 curn
1035 3815 1211 3878 Viennam
1227 3813 1401 3894 pervenit;
1418 3814 1517 3877 etita
1532 3814 1582 3876 ul·
1605 3881 1611 3893 .

349 3921 459 3984 terius
475 3919 641 3999 progredi
657 3920 693 3983 in
709 3921 833 3984 itinere
847 3920 998 3985 Romam
1013 3938 1140 3984 versus
1154 3939 1225 3984 non
1241 3921 1364 4001 potuit,
1382 3930 1416 3984 et
1432 3921 1494 4001 ita,
1510 3929 1586 3984 tuin

350 4027 515 4091 Auditori
529 4027 558 4091 N
564 4029 656 4091 uncii
668 4039 743 4092 tum
755 4027 886 4092 nostris
899 4029 1151 4093 viennensibus
1163 4029 1281 4092 visum
1292 4039 1357 4106 est,
1371 4040 1410 4093 ut
1423 4028 1587 4093 Viennae

353 4134 560 4197 subsisteret
586 4143 620 4197 et
641 4135 793 4198 afflictae
819 4135 1016 4199 valetudini
1041 4136 1306 4216 recuperandae
1324 4146 1486 4214 vacarem
1507 4152 1590 4199 nam

276 4222 280 4232 ⁵
352 4252 493 4320 praeter
509 4241 622 4320 frigus
637 4252 671 4304 et
687 4243 912 4306 incommoda
928 4243 1082 4322 itineris,
1099 4243 1212 4307 variis
1230 4243 1392 4323 corporis
1407 4243 1591 4307 doloribus

353 4347 589 4428 affligebatur,
615 4357 650 4412 et
674 4367 744 4412 non
770 4350 885 4413 solum
908 4349 1048 4431 medici,
1072 4350 1135 4414 sed
1154 4350 1314 4431 chirurgi
1328 4351 1436 4416 etiam
1457 4349 1589 4415 auxilio

357 4471 447 4534 opus
464 4455 597 4519 habuit.

421 4559 507 4626 1507.
553 4557 657 4628 Brevi
683 4571 820 4646 tamen,
847 4563 926 4632 Deo
944 4564 1119 4647 propitio,
1141 4565 1287 4631 sanitati
1312 4567 1497 4633 restitutus
1520 4576 1585 4632 est.
