3642 5350
749 389 811 448 Art.
836 389 904 448 1556
1410 390 1450 446 47

212 535 426 599 sententiam
450 533 575 596 meiius
600 533 771 612 haberet,
795 535 979 598 communi
998 551 1178 598 consensu
1198 534 1238 597 in
1259 534 1449 598 vicarium

212 641 707 720 Generalemettmelegintn53
720 659 791 704 non
799 649 918 705 tamen
929 643 979 706 illi
987 643 1106 706 statim
1117 651 1170 705 est
1182 642 1448 721 renunciatum,

215 749 330 811 donec
343 757 446 811 sexta
463 749 519 834 die
535 748 689 828 Augusti
705 749 844 828 aliquae
858 750 997 812 litterae
1013 749 1044 812 ei
1059 748 1335 813 subscribendae
1351 749 1451 812 obla-

215 868 273 919 tae
293 864 387 933 sunt,
415 865 449 918 et
474 855 506 918 ei
530 855 769 934 significatum
794 855 887 936 quod
911 857 948 919 in
972 856 1158 921 Vicarium
1183 859 1316 921 eiectus
1340 864 1444 920 esset.

215 961 276 1025 ille
291 972 421 1040 autem,
439 963 603 1042 quamvis
624 962 667 1026 de
682 962 892 1027 electoribus
908 972 1138 1045 conquestuS,
1155 964 1249 1044 quod
1268 964 1448 1028 hominem

215 1085 305 1150 pene
335 1081 514 1133 mortuum
540 1069 584 1132 ad
610 1071 677 1132 hoc
702 1087 791 1133 onus
817 1071 1026 1150 elegissent,
1053 1071 1195 1136 admisit
1219 1072 1452 1135 nihilominus

215 1177 282 1240 hoc
308 1193 421 1254 onae,
448 1186 482 1240 et
506 1176 676 1240 Vicarius
702 1175 888 1241 Generalis
914 1177 1101 1242 Societatis
1130 1178 1265 1258 primus
1290 1180 1451 1242 omnium

215 1283 290 1363 fuit;
307 1293 342 1347 et
357 1284 446 1347 duos
466 1284 556 1363 iilos,
578 1285 713 1348 scilicet
735 1285 876 1349 Patrem
897 1285 1109 1350 Madridium
1129 1303 1173 1349 ac
1194 1282 1447 1362 Secretarium,

216 1390 430 1454 auctoritate
447 1409 466 1454 a
482 1390 520 1454 P.
541 1390 681 1470 Ignatio
702 1402 850 1473 accepta
870 1400 879 1433 ¹
900 1393 951 1456 uti
970 1393 1093 1471 voluit,
1116 1393 1228 1455 donec
1250 1393 1326 1472 ipse
1349 1393 1451 1456 vires

215 1499 262 1562 ad
276 1515 380 1561 suum
395 1498 549 1562 officium
565 1499 761 1578 gerendum
776 1517 797 1562 a
813 1500 966 1563 Domino
982 1501 1165 1564 obtineret.

278 1605 347 1668 136.
390 1605 499 1669 Paulo
515 1616 595 1687 post
609 1605 684 1685 ejus
704 1607 911 1670 electionem
931 1607 970 1671 P.
992 1606 1139 1672 Olavius
1158 1609 1194 1671 in
1215 1608 1376 1671 morbum
1399 1607 1453 1670 in·

215 1711 313 1792 cidit,
330 1731 376 1776 ex
392 1730 461 1793 quo
478 1713 615 1777 decima
630 1715 780 1794 septima
795 1713 851 1778 die
867 1715 1038 1794 Augusti,
1056 1715 1169 1778 acutis
1184 1714 1339 1778 febribus
1368 1731 1449 1776 con-

217 1829 396 1900 sumptus,
413 1820 459 1883 ad
473 1820 666 1884 Dominum
688 1822 876 1900 migravit;
897 1831 932 1885 et
951 1830 1034 1885 tunc
1055 1822 1272 1885 intellectum
1294 1829 1347 1883 est
1368 1837 1453 1882 eum

215 1924 326 1989 suisse
349 1926 497 2004 socium,
519 1944 674 2007 proquo
695 1945 715 1989 a
735 1927 773 1990 P.
794 1927 934 2007 ignatio
954 1927 1151 1992 benedictio
1174 1936 1209 1991 et
1230 1927 1453 2006 indulgentia
1490 2013 1493 2016 ἦ

216 2033 378 2113 plenaria
395 2035 573 2112 postulata
587 2033 714 2096 luerat.
731 2031 797 2096 Vir
811 2034 875 2097 fuit
891 2052 961 2098 non
975 2035 1089 2098 solum
1110 2035 1306 2098 eruditione
1321 2043 1356 2097 et
1380 2036 1453 2097 elo·

215 2139 372 2218 quentia,
390 2138 452 2202 sed
468 2140 598 2219 pietate
614 2140 721 2203 etiam
735 2139 840 2203 valde
855 2142 986 2219 clarus,
1002 2149 1038 2204 et
1051 2140 1095 2203 de
1106 2159 1176 2222 quo
1187 2143 1335 2204 multum
1350 2142 1450 2204 auxi-

215 2245 253 2308 lii
269 2245 469 2324 Collegium
484 2245 699 2325 Romanum,
722 2246 778 2308 cui
798 2256 962 2326 praeerat
984 2247 1172 2326 (quamvis
1191 2247 1298 2310 etiam
1318 2247 1446 2310 theolo·

216 2353 316 2432 giam
332 2352 368 2415 in
384 2370 425 2414 eo
440 2351 690 2432 profiteretur),
707 2369 852 2433 sperare
866 2363 1006 2433 poterat
1019 2354 1043 2414 ⁸.

280 2458 348 2521 137.
391 2459 577 2538 Vigesima
592 2459 705 2539 prima
722 2458 937 2540 Septembris
947 2461 1123 2524 Dominus
1132 2461 1288 2544 Joannes
1300 2460 1343 2523 de
1355 2458 1452 2522 Men-

214 2566 317 2643 doza,
334 2566 393 2646 qui
409 2567 500 2629 inter
518 2567 673 2630 novitios
693 2584 823 2646 magna
843 2583 923 2630 cum
944 2567 1140 2631 humilitate
1161 2579 1196 2630 et
1218 2567 1391 2631 charitate
1414 2566 1450 2629 in

216 2671 346 2736 infimis
362 2671 500 2736 Domus
518 2673 698 2737 Romanae
708 2673 912 2738 ministeriis
924 2671 988 2756 [se]
1001 2686 1221 2754 exercuerat,
1236 2692 1280 2738 ex
1292 2676 1359 2737 hac
1373 2672 1452 2736 vita

217 2780 265 2843 ad
289 2780 481 2844 Dominum
507 2780 676 2860 migravit
690 2796 698 2856 ;
723 2790 758 2843 et
783 2781 971 2845 videbatur
994 2782 1217 2863 providentia
1242 2780 1310 2845 Dei
1334 2790 1455 2844 motus

218 3056 248 3099 P.
261 3057 385 3100 Giacomo
403 3056 520 3109 Layeres,
531 3056 543 3109 ξ
553 3068 607 3109 xrr,
622 3057 660 3101 “al
671 3056 719 3101 6di
735 3057 913 3112 Agosto„.=id
930 3063 1018 3101 autem
1032 3064 1132 3102 certum
1147 3064 1195 3109 est,
1211 3057 1343 3110 videlicet,
1356 3057 1397 3101 dle
1413 3056 1453 3100 6.·

216 3129 339 3181 Augusti,
359 3128 452 3171 saltem
470 3136 530 3173 ante
546 3129 646 3179 horam,
664 3140 715 3183 qua
732 3128 859 3173 Polancus
874 3130 979 3173 litteras
996 3129 1069 3173 Patri
1088 3128 1264 3173 Rivadenelra
1282 3129 1353 3181 (vide
1373 3129 1453 3183 paulo

217 3212 305 3255 supra,
315 3206 405 3251 annot,
417 3202 426 3243 l
438 3202 470 3244 ad
481 3214 505 3243 n.
519 3201 566 3251 itur
575 3201 715 3254 scribebat,
726 3208 861 3255 peractam
869 3202 924 3257 iam
934 3202 1013 3245 inisse
1025 3200 1123 3245 vicarii
1133 3201 1292 3251 eiectionem
1300 3202 1351 3245 imo
1361 3212 1393 3243 ex
1401 3200 1455 3254 his,

217 3264 283 3325 qt'tse
297 3274 389 3316 statim
405 3273 476 3315 addit
491 3273 533 3316 hic
548 3274 603 3327 ipse
619 3272 754 3324 Poiancus,
770 3278 870 3317 certum
882 3280 923 3316 est
938 3284 988 3317 nno
999 3274 1041 3316 vei
1051 3274 1136 3317 altero
1147 3272 1187 3316 dle
1198 3278 1258 3315 ante
1268 3272 1327 3315 6.·1·
1338 3273 1455 3326 Augusti

217 3344 370 3387 electionem
381 3343 478 3387 iactam
489 3354 554 3396 esse;
565 3342 655 3397 hisque
666 3342 812 3397 corrigendi
823 3342 971 3398 scriptores,
983 3344 1025 3397 qut
1034 3342 1205 3387 diversimode
1216 3344 1364 3396 loquuntur.

259 3414 268 3445 ¹
298 3414 366 3458 Vide
378 3424 466 3468 supra.
478 3425 536 3468 pag.
547 3414 583 3466 35,
594 3426 611 3457 n
629 3414 664 3457 9t.

256 3483 269 3517 ¹
295 3484 424 3529 Martinus
435 3484 557 3529 '‘Olavins
567 3484 626 3529 dum
637 3484 666 3531 B.
677 3484 765 3529 Patris
776 3486 873 3529 obitum
888 3484 979 3529 amicls
989 3483 1181 3538 Cardinalibus,
1191 3490 1218 3528 et
1228 3484 1319 3538 qulbus
1335 3482 1455 3527 Societas

221 3556 297 3601 officii
313 3568 394 3601 eausa
410 3557 507 3607 debuit.
518 3563 575 3601 tota
586 3556 657 3601 Urbe
668 3559 779 3601 nuntiat:
790 3569 870 3611 eoque
880 3557 964 3610 magis
975 3556 1110 3611 adnititur,
1126 3568 1176 3611 quo
1191 3556 1249 3610 pins
1261 3556 1346 3599 oneris
1356 3555 1382 3598 ln
1392 3566 1453 3599 enm

219 3629 382 3672 incubuerat:
393 3634 421 3672 ut
432 3636 490 3671 erat
500 3635 607 3682 praeter
617 3639 715 3671 morem
725 3630 803 3672 etiam
815 3628 892 3672 noxia
906 3627 1005 3672 Romae
1019 3628 1080 3671 anni
1095 3632 1244 3681 tempestae,
1259 3627 1394 3671 suet-lente
1409 3638 1452 3671 ca·

219 3700 316 3748 nicula.
326 3700 404 3743 tacite
415 3700 441 3743 in
452 3702 567 3743 morbum
576 3700 675 3749 incidit.
686 3701 728 3755 qni
739 3701 762 3744 el
773 3700 844 3743 vitae
853 3700 930 3743 finem
939 3700 1036 3743 attulit.
1048 3698 1111 3742 Cum
1125 3700 1230 3742 morbus
1244 3697 1453 3751 ingravesceret,

218 3777 245 3814 et
255 3778 339 3815 morte
350 3773 573 3827 appropinquante
583 3782 635 3815 vox
645 3782 702 3815 eum
713 3772 833 3827 viresqne
840 3772 990 3824 delicerent,
998 3771 1187 3814 exaudiebatur
1197 3772 1266 3813 intus
1274 3780 1332 3812 cum
1343 3768 1455 3812 Domino

218 3842 331 3897 inquiet
344 3843 521 3887 intermortuis
531 3844 639 3887 uocibus
653 3843 716 3887 iliud
731 3844 870 3887 identidem
884 3852 1020 3896 usurpare:
1031 3840 1090 3885 Non
1101 3843 1187 3885 intres
1202 3845 1231 3885 tn
1239 3840 1378 3895 judicium
1389 3850 1451 3883 rum

219 3922 299 3957 seruo
315 3913 369 3967 tao,
385 3913 511 3959 Donrine:
524 3916 588 3969 quia
600 3926 651 3958 non
661 3914 860 3970 Jusiificabt'tur
872 3915 902 3957 in
914 3916 1056 3968 conspectu
1066 3916 1112 3955 tuo
1124 3914 1212 3957 omnis
1227 3914 1330 3956 vivens.
1345 3910 1399 3954 Nec
1414 3911 1455 3955 ita

219 3986 301 4027 multo
315 3992 382 4039 post,
398 3994 452 4029 xvi.
469 3985 577 4030 Kalend.
595 3985 762 4040 Septembris.
777 3985 986 4030 candidissimam
996 3984 1109 4029 animam
1120 3985 1183 4038 egit.
1199 3982 1307 4026 Vlriult
1322 3981 1451 4035 singulari

218 4057 297 4099 animi
311 4056 491 4101 moderatione
507 4058 705 4113 humilitateque
721 4058 863 4112 praeditus,
878 4067 909 4100 eo
924 4056 1125 4102 admirabiliora.
1138 4055 1206 4109 quod
1220 4062 1296 4099 tanta
1309 4054 1455 4106 humilitas,

218 4128 309 4180 suique
320 4128 498 4182 despicientia,
509 4136 600 4173 tautae
609 4131 760 4185 pierumque
772 4129 914 4182 doctrinae,
924 4134 1023 4183 quanta
1037 4127 1064 4171 in
1075 4138 1106 4170 eo
1123 4127 1217 4180 inerat,
1233 4136 1319 4170 comes
1332 4136 1389 4168 esse
1402 4135 1454 4167 non

219 4200 295 4243 solet.
306 4198 442 4244 Praesedit
455 4199 569 4245 Romano
579 4200 696 4255 collegio
706 4201 786 4245 ierme
798 4201 993 4256 quadriennium
1003 4209 1098 4253 magna
1112 4208 1170 4242 eum
1180 4198 1314 4242 doctrinae
1330 4203 1384 4240 tum
1394 4207 1452 4240 san·

218 4272 319 4316 etitatls
330 4272 457 4328 opinione,
468 4273 613 4328 scholisque
624 4275 678 4317 suls
686 4272 794 4327 Collegit
810 4284 900 4316 nomen
916 4273 1053 4327 plurimum
1069 4270 1220 4315 illustravit:
1237 4270 1262 4313 ln
1278 4280 1329 4323 quo
1345 4267 1453 4312 Theolo-

217 4342 289 4397 giam
300 4344 379 4396 ilium,
388 4345 486 4399 quaein
497 4344 638 4389 disserendi
650 4345 796 4389 subtilitate
809 4350 939 4396 versatur,
950 4354 1066 4398 quaeque
1080 4341 1269 4386 controversiis
1283 4342 1359 4395 huius
1369 4339 1456 4383 nostri

217 4416 342 4469 temporis
355 4418 515 4467 continetur,
529 4416 632 4472 publice
646 4416 756 4469 docuit„
771 4415 949 4469 Oatsuontus,
962 4414 1035 4458 Hist.
1046 4414 1102 4457 Soc.
1116 4411 1194 4467 Jesu,
1207 4411 1251 4456 lib.
1267 4422 1321 4466 xvr,
1339 4423 1364 4455 n.
1380 4410 1452 4454 89-90.

219 4482 287 4529 Vide
303 4486 383 4531 etiam
400 4484 544 4533 Ottvuntuu
559 4489 715 4543 Mirantur,
730 4488 771 4533 De
786 4488 868 4532 rebus
882 4486 938 4531 Soc.
953 4486 980 4542 J.
998 4484 1223 4535 commentarius,
1236 4494 1296 4538 pag.
1313 4482 1454 4536 tas-Ejrrs

219 4558 407 4613 vitantesque
421 4565 510 4613 gestas
521 4563 657 4606 enerravit
670 4562 849 4614 Nrnasunnuc,
871 4558 990 4605 Varones
1004 4558 1126 4609 ilustres,
1136 4556 1197 4600 edit.
1213 4561 1268 4600 ant.
1285 4553 1457 4606 Matritensis,

222 4636 241 4675 t.
250 4640 288 4685 tv,
298 4640 358 4685 pag.
367 4630 416 4686 ussl,
427 4641 511 4675 notrae
521 4630 672 4685 Biibaensls,
684 4642 701 4677 t.
714 4646 739 4688 v,
750 4646 809 4689 pag.
823 4634 853 4676 13.
