3642 5350
337 426 393 489 208
794 427 923 491 Canon.
944 428 1020 491 Soc.
1041 426 1109 504 Jss

339 574 577 656 quadraginta
592 577 800 641 milliarium
816 576 941 641 itinere
955 575 1129 657 conlecto,
1145 578 1253 642 semel
1265 585 1371 658 atque
1381 577 1510 641 iterum
1520 576 1566 641 ad

343 692 487 747 nostros
500 682 700 763 hujusmodi
716 686 945 750 consiliorum
958 684 1076 766 gratia
1091 684 1239 749 veniret.

404 788 493 854 1u34.
536 791 576 857 In
608 793 723 857 sacris
760 793 989 858 concionibus
1022 802 1128 875 atque
1159 792 1368 857 lectionibus
1399 792 1564 874 frequens

340 900 448 965 etiam
462 898 654 964 admodum
668 908 746 965 erat
761 901 962 965 auditorum
977 917 1184 980 concursus,
1200 908 1235 964 et
1249 900 1439 964 conciones
1457 907 1492 963 et
1510 916 1563 963 sa·

338 1016 522 1072 eramenta
542 1007 842 1089 frequentantium
857 1007 1088 1073 admirandus
1102 1007 1293 1089 proiectus,
1307 1016 1346 1071 ut
1361 1014 1434 1071 tam
1448 1006 1485 1070 in
1496 1005 1563 1088 spi-

340 1114 529 1179 ritualibus
560 1115 690 1180 mentis
723 1116 980 1180 elevationibus
1012 1131 1119 1196 quam
1152 1114 1187 1179 in
1215 1113 1394 1196 perfectae
1421 1112 1562 1178 virtutis

340 1221 540 1287 actionibus
553 1232 749 1288 sectatores
765 1238 803 1287 se
817 1222 950 1288 Christi
969 1222 1210 1302 consiliorum,
1232 1221 1314 1288 licet
1334 1221 1371 1286 in
1390 1229 1560 1286 monaste·

339 1328 402 1393 riis
416 1328 544 1393 inclusi
558 1346 631 1394 non
645 1338 774 1411 essent,
790 1330 1028 1395 ostenderent.

404 1434 492 1500 1035.
535 1435 681 1501 Praeter
694 1436 909 1502 domesticas
924 1448 1043 1502 autem
1058 1438 1260 1515 conciones,
1273 1435 1515 1518 exponebatur
1528 1436 1564 1499 in

337 1543 498 1624 Collegio
523 1543 646 1608 diebus
670 1545 813 1609 veneris
836 1544 942 1609 Liber
967 1542 1185 1627 Sapientiae;
1212 1561 1352 1609 necnon
1376 1544 1412 1607 in
1437 1543 1562 1608 Cathe-

338 1651 429 1715 drali
444 1650 595 1715 ecclesia
610 1652 714 1716 lectio
730 1661 1000 1734 praeceptorum
1021 1652 1206 1733 Decalogi,
1227 1651 1386 1716 inaudito
1407 1650 1563 1715 omnium

337 1759 411 1823 lere
437 1767 593 1823 aetatum
614 1768 648 1823 et
668 1759 848 1825 hominum
867 1776 1057 1839 concursu,
1083 1776 1149 1824 nec
1173 1759 1303 1823 minori
1320 1757 1561 1823 admiratione

338 1866 519 1931 hominum
535 1875 569 1931 et
584 1866 701 1931 fructu
716 1868 1000 1948 praelegebatur.

401 1973 491 2037 1036.
533 1974 572 2040 In
587 1974 710 2039 decem
725 1984 843 2039 autem
857 1975 1038 2057 parochiis
1056 1974 1132 2056 eJ'us
1152 1976 1251 2039 urbis
1273 1974 1419 2039 totidem
1438 1992 1483 2038 ex
1502 1992 1561 2037 no-

336 2082 421 2146 stris
435 2082 678 2163 collegialibus
692 2082 924 2147 christianam
944 2081 1143 2147 doctrinam
1158 2082 1338 2164 explicare
1353 2082 1560 2163 pergebant,

337 2207 445 2272 quam
466 2207 559 2254 anno
581 2189 807 2271 praecedenti
831 2191 1089 2256 inchoaverant
1113 2200 1135 2250 ¹.
1162 2188 1232 2255 Sed
1256 2206 1337 2255 curn
1361 2188 1561 2254 Cardinalis

337 2295 577 2361 Messanensis
595 2299 617 2377 ¹,
640 2297 701 2379 qui
722 2298 791 2361 hac
816 2307 952 2363 aestate
977 2298 1162 2363 Messanae
1186 2297 1414 2377 versabatur,
1438 2313 1561 2360 curam

337 2403 489 2469 docendi
499 2403 699 2485 hujusmodi
709 2421 840 2486 pueros
851 2404 897 2469 ad
908 2422 992 2469 suos
1004 2405 1181 2487 parochos
1193 2404 1492 2489 transtulisset,ut
1503 2421 1561 2467 ex·

337 2512 510 2593 periretur
541 2513 850 2594 (quemadmodum
877 2514 954 2593 ipse
981 2513 1133 2591 dicebat)
1163 2530 1209 2578 an
1237 2512 1287 2577 illi
1314 2520 1458 2595 possent
1486 2511 1561 2575 sine

338 2628 437 2684 tanto
451 2629 654 2685 nostrorum
668 2621 790 2686 labore
804 2621 873 2687 hoc
888 2621 1004 2704 ipsum
1026 2629 1220 2704 praestare,
1242 2628 1426 2686 cessarunt
1448 2618 1561 2703 nostri

338 2728 374 2792 in
391 2727 583 2808 praedictis
602 2728 781 2809 parochiis
802 2728 1007 2811 aliquandiu
1027 2746 1049 2793 a
1068 2715 1250 2809 praedicto
1269 2745 1414 2793 munere
1434 2727 1560 2790 obeun-

336 2835 398 2913 do;
415 2835 478 2898 sed
492 2852 572 2900 cum
587 2836 818 2915 comperisset
838 2836 932 2900 idem
952 2833 1152 2900 Cardinalis
1171 2835 1208 2899 in
1227 2835 1390 2899 omnibus
1409 2833 1482 2898 iere
1502 2848 1560 2914 pa·

336 2943 466 3007 roeciis
485 2943 682 3008 aedificium
702 2943 898 3025 spirituale,
919 2951 1122 3008 nostrorum
1143 2942 1263 3007 labore
1282 2942 1371 3006 satis
1390 2941 1560 3006 foeliciter

336 3059 505 3131 erectum,
529 3068 713 3130 corruere;
735 3052 904 3116 accersiri
921 3051 1026 3132 jussit
1047 3049 1086 3116 P.
1108 3047 1380 3128 Provincialem,
1404 3049 1560 3129 rogavit·

334 3175 403 3238 que
418 3167 456 3221 ut
469 3155 659 3223 Societatis
675 3175 821 3238 operam
835 3160 904 3224 hoc
920 3159 955 3223 in
971 3176 1116 3224 munere
1131 3158 1198 3223 sibi
1213 3158 1341 3222 iterum
1361 3155 1558 3221 commoda·

334 3273 400 3328 ret.
415 3263 537 3329 Mense
551 3282 639 3346 ergo
654 3266 830 3346 Augusto,
847 3265 971 3331 eodem
986 3267 1091 3331 modo
1105 3274 1210 3346 atque
1225 3263 1350 3328 ordine
1363 3280 1434 3345 quo
1450 3263 1559 3344 priuS,

337 3371 373 3436 in
387 3371 578 3452 praedictis
592 3373 770 3454 paroeciis
784 3373 885 3454 pueri
896 3391 917 3436 a
930 3373 1062 3437 nostris
1075 3371 1210 3436 institui
1220 3379 1425 3453 coeperunt,
1439 3380 1474 3434 et
1487 3369 1559 3452 qui-

336 3478 417 3543 dem
432 3496 512 3543 cum
526 3479 684 3560 ipsorum
698 3497 770 3544 non
784 3480 956 3545 mediocri
970 3479 1140 3560 prosectu.

397 3585 484 3650 1037.
529 3585 680 3667 Quidam
704 3605 749 3651 ex
776 3589 926 3667 nostris,
952 3587 1075 3653 diebus
1099 3586 1284 3652 dominicis
1309 3605 1352 3652 ac
1377 3585 1476 3650 iestis
1501 3585 1561 3666 (ut

334 3703 473 3759 taceam
501 3695 545 3758 de
573 3695 752 3759 consuetis
778 3696 900 3776 templi
926 3695 1038 3760 nostri
1065 3694 1315 3773 concionibus)
1343 3695 1379 3758 in
1407 3693 1561 3775 quodam

333 3802 540 3868 monialium
566 3803 781 3867 monasterio
806 3803 1106 3884 concionabatur,
1134 3811 1383 3884 praeterquam
1407 3801 1467 3866 alii
1494 3800 1559 3864 ire·

334 3919 493 3991 quenter,
519 3911 601 3975 licet
623 3927 695 3974 non
719 3911 822 3975 statis
846 3911 1064 3992 temporibus
1088 3920 1123 3974 et
1147 3910 1251 3990 locis,
1275 3910 1312 3974 in
1336 3907 1561 3974 monasteriis

335 4018 447 4084 variis
472 4016 794 4084 concionabantur:
815 4018 936 4099 itaque
961 4018 1109 4082 verbum
1133 4017 1201 4082 Dei
1225 4017 1412 4097 diligenter
1435 4033 1559 4099 propo·

335 4126 497 4192 nebatur.

400 4233 489 4300 1038.
532 4234 687 4313 Eorum,
723 4236 784 4315 qui
818 4243 1041 4300 sacramenta
1076 4233 1347 4318 frequentabant
1379 4233 1563 4314 utriusque

334 4358 453 4423 sexus,
473 4342 615 4405 fervens
628 4342 816 4406 admodum
832 4342 986 4407 studium
1003 4351 1079 4406 erat
1093 4351 1126 4406 et
1138 4340 1273 4405 fructus
1287 4359 1358 4406 non
1373 4343 1500 4422 minor;
1515 4351 1561 4422 et,

376 4549 383 4580 ¹
414 4547 481 4592 Vide
492 4547 615 4592 Litterae
624 4547 856 4602 Quadrimestres,
865 4557 884 4594 t.
894 4561 930 4604 tv,
940 4561 1000 4605 pag.
1013 4547 1059 4594 lus.

377 4621 390 4653 ¹
417 4619 532 4673 Joannes
548 4620 668 4666 Andreas
684 4621 715 4664 de
730 4620 867 4677 Mercurio,
882 4623 913 4667 de
928 4633 977 4678 quo
989 4621 1078 4666 incidit
1088 4623 1183 4668 mentio
1193 4633 1280 4680 supra,
1292 4629 1309 4669 t.
1326 4633 1411 4680 ψει
1430 4623 1477 4680 194,
1491 4621 1563 4670 moui)

334 4699 422 4746 auaot.
433 4693 454 4744 2.
