3642 5350
763 507 773 526 ,
820 457 885 516 ΑΝ.
907 457 977 516 1556
1460 452 1515 516 517

277 609 396 665 torum
412 607 545 682 petens,
562 610 596 664 et
611 602 690 682 ipsa
705 618 881 666 conversa
896 611 963 680 est3
980 609 1015 666 et
1029 603 1136 682 paulo
1155 610 1237 683 post
1251 601 1423 665 honestus
1438 602 1513 681 qui·

278 710 364 773 dam
376 706 518 788 juvenis
530 708 568 770 in
581 726 730 772 uxorem
745 725 825 773 eam
837 708 949 773 duxit.

340 813 432 878 2237.
475 812 581 878 Pater
591 824 711 879 autem
723 814 1012 896 Dr.Rodriguez,
1023 815 1213 881 dominicis
1224 814 1513 890 erfestisdiebus,

275 922 320 985 in
345 921 561 985 monasterio
575 923 759 1002 praedicto
782 921 865 987 ΒΝ
880 922 1020 1002 Clarae,
1042 933 1123 1003 post
1144 921 1327 987 meridiem
1348 937 1429 984 cum
1448 920 1514 983 fre·

285 1027 405 1108 quenti
419 1026 609 1092 admodum
625 1029 801 1093 auditorio
817 1029 1114 1110 concionabatur;
1145 1029 1269 1093 diebus
1289 1038 1407 1093 autem
1422 1044 1509 1091 mer·

281 1135 375 1199 curii
388 1135 425 1199 in
440 1147 561 1199 nostro
577 1137 706 1216 templo
722 1135 825 1215 idem,
842 1136 1026 1217 permultis
1041 1135 1278 1215 audientibus,
1294 1135 1515 1216 praestabat,

280 1241 409 1306 diebus
424 1250 541 1306 autem
556 1243 659 1306 lunae
675 1243 711 1306 in
726 1242 881 1324 quadam
895 1244 1059 1322 ecclesia,
1076 1260 1169 1324 quae
1184 1243 1228 1306 D.
1241 1241 1396 1326 Josepbo
1410 1257 1515 1305 sacra

282 1355 373 1426 erat,
399 1347 605 1412 concionari
628 1357 811 1429 coeperat,
835 1366 903 1430 quo
926 1349 1036 1431 aliqui
1057 1366 1255 1430 exgenere
1277 1364 1516 1429 agarenorum

280 1453 463 1536 neophyti,
480 1455 540 1535 qui
556 1454 663 1519 vicini
678 1463 790 1535 erant,
808 1455 1082 1520 conveniebant.
1099 1455 1192 1537 Quia
1206 1465 1328 1519 tamen
1341 1455 1513 1534 templum

281 1561 370 1625 illud
395 1561 648 1625 aedificabatur
673 1561 767 1640 (cum
791 1572 895 1626 antea
922 1581 967 1626 ex
991 1572 1093 1644 parte
1113 1563 1331 1641 corruisset),
1359 1560 1516 1625 secunda

283 1667 505 1732 hebdomada
520 1667 689 1748 impedita
703 1668 769 1732 fuit
783 1685 826 1732 eo
841 1671 879 1734 in
893 1671 973 1733 loco
988 1670 1220 1751 praedicati0,
1238 1688 1283 1732 ex
1305 1687 1376 1750 qua
1395 1673 1516 1732 tamen

280 1774 420 1839 fructus
439 1775 593 1854 uberior,
612 1792 722 1860 quam
741 1794 786 1840 ex
806 1777 896 1856 aliis,
918 1777 1129 1857 sperabatur
1148 1784 1294 1858 propter
1312 1775 1516 1856 neophytos

278 1880 510 1962 jamdictos,
537 1883 596 1963 qui
621 1883 792 1962 peculiari
818 1883 973 1964 quodam
999 1900 1121 1947 amore
1146 1883 1289 1948 Patrem
1313 1880 1517 1961 Rodriguez

285 1989 602 2070 prosequebantur,
620 2000 654 2052 et
674 1989 897 2054 familiariter
918 2007 999 2054 cum
1021 2007 1064 2053 eo
1086 1990 1258 2070 nonnulli,
1282 1988 1325 2053 de
1348 1989 1454 2052 rebus
1469 1987 1516 2051 ad

280 2096 435 2159 salutem
450 2113 553 2160 suam
566 2097 834 2178 pertinentibus
852 2098 1020 2176 agebant.

344 2201 435 2266 2238.
479 2203 626 2267 Praeter
641 2222 782 2285 pueroS,
800 2203 858 2285 qui
874 2204 1016 2268 lectioni
1031 2205 1251 2268 christianae
1266 2202 1450 2267 doctrinae
1466 2202 1513 2264 in·

280 2317 453 2389 tererant,
470 2311 571 2374 multi
586 2320 702 2374 aetate
717 2311 879 2391 provecti
893 2311 1139 2389 concionibuS,
1157 2310 1286 2391 quibus
1300 2327 1343 2373 ea
1358 2310 1515 2374 declara·

282 2417 399 2496 batur,
416 2417 624 2496 intererant;
641 2426 675 2480 et
691 2427 764 2481 tam
776 2436 821 2481 ex
836 2417 905 2481 hoc
919 2419 979 2498 pio
991 2417 1199 2493 ministerio,
1216 2423 1324 2498 quam
1338 2434 1385 2479 ex
1401 2414 1516 2479 conci·

282 2523 428 2587 llatione
443 2525 688 2588 dissidentium
703 2537 738 2587 et
753 2525 886 2588 auxilio
902 2540 1037 2605 eorum,
1055 2524 1183 2606 quibus
1197 2540 1295 2586 mors
1310 2522 1516 2586 imminebat

279 2630 342 2709 (ad
357 2648 445 2714 quos
460 2632 573 2696 nostri
588 2631 893 2711 accersebantur),
909 2641 945 2695 et
959 2650 1005 2696 ex
1019 2631 1099 2697 aliis
1114 2629 1380 2695 misericordiae
1403 2628 1516 2711 operi·

284 2740 365 2819 buS,
382 2749 420 2803 ut
435 2740 471 2804 in
486 2757 631 2803 carcere
646 2749 680 2802 et
695 2739 862 2820 hospitali
882 2748 916 2803 et
930 2739 1031 2818 alibi,
1053 2738 1191 2803 fructus
1212 2738 1378 2819 copiosus
1400 2736 1516 2815 capie-

282 2847 401 2910 batur.

343 2953 434 3017 2239.
479 2952 583 3033 Quod
597 2952 642 3016 ad
658 2953 898 3016 confessiones
914 2952 1052 3031 attinet,
1069 2960 1104 3015 et
1117 2951 1365 3015 sanctissimae
1379 2950 1516 3014 Eucha-

280 3060 405 3125 ristiae
418 3060 750 3141 frequentationem,
767 3076 840 3123 non
855 3068 993 3124 tantum
1005 3060 1041 3123 in
1054 3058 1350 3140 Quadragesima,
1364 3056 1427 3121 sed
1441 3065 1517 3121 toto

279 3185 379 3230 anno
393 3183 546 3247 magnus
571 3167 620 3231 ibi
633 3167 756 3230 fervor
776 3167 1003 3244 cernebatur,
1020 3176 1055 3230 et
1074 3168 1111 3229 in
1126 3166 1206 3230 aliis
1220 3168 1328 3230 etiarn
1345 3163 1518 3243 longioris

280 3274 453 3353 temporis
472 3272 754 3337 confessionibus
773 3274 965 3337 multorum
986 3272 1118 3337 morbis
1143 3274 1299 3337 salutare
1321 3269 1518 3335 remedium

282 3378 458 3443 Dominus
473 3397 536 3460 per
551 3380 641 3444 haec
657 3389 883 3443 sacramenta
898 3380 1099 3459 adhibebat,
1116 3389 1151 3443 et
1165 3396 1211 3442 ex
1225 3388 1454 3459 peccatorum
1469 3386 1516 3439 te·

282 3486 403 3551 nebris
418 3487 547 3550 multos
562 3486 745 3551 educebat.

344 3592 436 3657 2240.
479 3591 701 3657 Accidebant
721 3603 840 3657 autem
865 3610 972 3656 casus
997 3593 1106 3673 aliqui
1129 3592 1251 3672 magni
1275 3590 1460 3668 momenti,
1481 3590 1517 3652 in

280 3700 413 3781 quibus
431 3699 641 3763 confessarii
660 3716 792 3779 magno
812 3718 893 3763 cum
912 3708 1069 3779 secreto,
1086 3708 1125 3763 ut
1139 3716 1205 3778 par
1219 3706 1289 3777 est,
1310 3696 1517 3777 poenitenti·

284 3808 352 3871 bus
365 3807 606 3871 consulebant.
625 3806 766 3887 Quanta
777 3815 897 3871 autem
909 3814 1003 3870 esset
1014 3806 1126 3870 fames
1140 3804 1213 3870 S.¹¹¹¹
1230 3802 1332 3884 hujus
1344 3802 1513 3882 convivii,

282 3914 385 3978 cerni
403 3914 515 3994 potuit
535 3922 614 3993 post
634 3924 782 3978 octavas
801 3913 972 3978 Paschae.
994 3913 1083 3976 Cum
1108 3912 1202 3975 enim
1226 3910 1426 3991 quindecim
1444 3909 1516 3972 illis

279 4020 419 4101 diebus,
433 4018 534 4102 juxta
550 4019 738 4085 Societatis
752 4023 930 4101 regulam,
947 4020 1035 4083 nulli
1047 4020 1171 4083 fuisset
1190 4017 1272 4083 8³²²
1288 4016 1514 4082 Eucharistia

281 4128 322 4191 in
333 4128 484 4191 ecclesia
495 4139 619 4193 nostra
628 4128 955 4207 ministrata,simul
966 4126 1131 4207 atqueilli
1143 4125 1255 4207 elapsi
1265 4136 1358 4203 sunt,
1369 4140 1515 4205 sequen·

282 4235 380 4298 tidie
402 4244 475 4298 tam
493 4235 593 4299 multi
612 4235 659 4298 ad
680 4234 965 4299 communionem
985 4242 1226 4311 accesserunt,
1247 4240 1285 4295 ut
1304 4231 1373 4295 hoc
1392 4248 1515 4295 eorum

279 4353 448 4405 sanctum
472 4340 687 4406 desiderium
712 4358 882 4421 magnam
904 4340 1076 4404 laudandi
1097 4338 1213 4403 Deum
1236 4338 1514 4402 consolationem

283 4447 482 4528 praeberet.

344 4554 434 4619 2241.
478 4556 533 4619 Ex
558 4556 763 4636 neophytis,
791 4556 885 4637 quod
909 4556 1026 4635 magis
1049 4553 1231 4617 insolitum
1255 4560 1290 4615 et
1314 4550 1516 4615 mirandum

282 4672 381 4742 erat,
399 4664 508 4744 aliqui
522 4663 630 4727 etiam
644 4664 690 4727 ad
705 4662 966 4727 confessionem
981 4661 1216 4741 accedebant,
1233 4660 1325 4724 inter
1340 4676 1430 4742 quos
1445 4658 1518 4722 duo
