3642 5350
339 461 375 521 ta
789 457 916 518 Cttaou.
942 456 1019 517 Soc.
1044 459 1115 531 jas

342 623 467 670 cursus
481 605 660 668 hominum
678 621 756 668 esse
771 605 941 678 audisset,
961 604 999 668 P.
1021 605 1286 669 Emmanuelem
1305 624 1347 668 eo
1370 607 1565 680 remittens,

340 714 437 776 solus
461 713 548 793 ipse,
576 713 621 775 ad
646 711 681 774 id
706 711 799 792 quod
824 711 999 791 reliquum
1023 722 1100 775 erat
1124 711 1393 792 conficiendum,
1423 711 1566 791 Cinguli

337 821 480 884 mansit.

400 927 471 991 250.
514 927 607 991 Inter
633 927 721 990 duas
750 942 837 1005 ergo
864 927 1054 1007 primarias
1077 927 1247 1006 familias,
1276 946 1368 1009 quae
1396 926 1570 1008 oppidum·

339 1035 424 1100 illud
440 1043 580 1098 centum
601 1034 703 1097 annis
723 1042 757 1096 et
776 1033 866 1096 forte
881 1033 1032 1114 amplius
1051 1035 1088 1097 in
1107 1035 1198 1098 duas
1216 1034 1388 1099 factiones
1411 1034 1563 1097 divisum

339 1143 516 1220 tenebant,
534 1160 579 1205 ex
593 1158 662 1222 qua
677 1140 861 1204 inimicitia
876 1157 948 1203 non
962 1141 1187 1204 incommoda
1207 1143 1321 1205 solum
1339 1141 1478 1220 gravia,
1501 1141 1564 1203 sed

339 1249 528 1314 homicidia
544 1249 651 1312 etiam
665 1246 805 1311 fuerant
819 1257 1023 1326 consecuta,
1040 1247 1117 1327 has,
1134 1250 1289 1329 inquam,
1305 1248 1469 1327 familias,
1485 1247 1564 1311 Deo

338 1356 542 1438 adjuvante,
559 1372 601 1417 eo
617 1355 851 1428 adduxerunt,
869 1364 906 1417 ut
922 1356 1015 1435 quod
1030 1355 1204 1419 debebant
1218 1373 1340 1418 coram
1355 1355 1431 1419 Deo
1446 1354 1565 1418 faeere

339 1472 487 1544 paratae
502 1472 631 1538 essent,
648 1469 682 1523 et
698 1461 835 1524 decima
850 1460 907 1524 die
923 1459 1057 1541 Aprilis
1078 1461 1116 1524 P.
1138 1460 1316 1526 Oliverius
1334 1461 1410 1542 eJus
1430 1462 1564 1525 confes·

339 1570 474 1633 sionem
490 1567 636 1646 audivit,
653 1567 713 1646 qui
728 1567 874 1630 alterius
888 1567 1054 1631 factionis
1069 1578 1176 1648 caput
1195 1578 1272 1632 erat
1287 1579 1322 1632 et
1341 1587 1380 1632 se
1398 1568 1565 1632 difficilio-

338 1693 415 1740 rem
429 1674 658 1756 praebuerat3
674 1691 757 1736 nam
773 1675 940 1749 alterum,
956 1677 1102 1739 alterius
1120 1675 1285 1740 factionis
1305 1676 1443 1755 ducem,
1466 1676 1565 1756 prius

336 1783 383 1845 ad
400 1781 658 1846 confessionem
675 1780 884 1844 adduxerat.
901 1781 1063 1845 Difficilis
1077 1782 1192 1846 adbuc
1204 1784 1465 1862 relinquebatur
1480 1783 1564 1846 dua-

339 1905 418 1952 rum
434 1888 583 1951 aliarum
599 1886 812 1951 familiarum
833 1888 1004 1968 reductio,
1027 1907 1118 1969 quae
1139 1890 1315 1970 prioribus
1336 1899 1438 1952 erant
1459 1908 1564 1953 anue-

337 2013 418 2075 xae,
434 1995 597 2076 quamvis
612 2013 657 2058 ex
671 1993 726 2057 his
741 1996 890 2058 alterum
905 2005 1012 2076 caput
1026 1998 1239 2076 promiserat
1253 2014 1291 2059 se
1306 2014 1386 2061 cum
1402 1997 1565 2060 omnibus

337 2103 411 2166 suis
427 2102 700 2182 consanguineis
715 2103 796 2181 paci
811 2119 1077 2182 consensurum,
1094 2104 1126 2167 si
1140 2123 1182 2167 ea
1196 2104 1308 2168 fieret.

398 2207 468 2272 251.
512 2207 701 2288 Negotium
726 2209 793 2272 hoc
818 2209 965 2272 maximi
983 2211 1152 2274 momenti
1172 2221 1249 2274 erat
1272 2229 1344 2275 non
1369 2213 1484 2275 solum
1505 2229 1565 2292 op·

339 2315 423 2396 pido
439 2315 632 2396 praedict0,
648 2316 710 2380 sed
725 2316 789 2378 toti
810 2317 1032 2397 provinciae;
1052 2334 1136 2380 nam
1157 2335 1199 2381 ea
1221 2319 1389 2398 cognatio
1411 2303 1482 2382 late
1501 2337 1563 2400 per

337 2422 537 2487 Marchiam
552 2440 590 2486 se
605 2424 831 2503 extendebat;
849 2435 883 2486 et
898 2425 1004 2487 unica
1019 2434 1156 2488 tantum
1169 2435 1354 2505 supererat
1373 2426 1499 2490 domus
1518 2427 1564 2490 ad

334 2547 462 2611 pacem
477 2530 695 2594 adducenda.

397 2636 469 2701 252.
511 2637 760 2702 Perseveravit
776 2646 895 2702 autem
908 2637 946 2702 Ρ.
965 2636 1142 2703 Oliverius
1156 2657 1267 2719 usque
1287 2641 1331 2705 ad
1352 2641 1563 2722 vigesimam

335 2755 502 2825 quartam
517 2744 608 2809 diem
623 2744 769 2826 ApriliS,
787 2753 822 2808 et
836 2758 919 2809 tunc
934 2747 1127 2810 Lauretum
1141 2748 1257 2827 rediit;
1278 2766 1362 2811 nam
1381 2750 1441 2812 diu
1459 2766 1563 2829 expe·

334 2852 505 2916 ctandum
521 2862 598 2915 erat
614 2852 766 2931 Cinguli,
783 2854 813 2916 si
828 2854 951 2917 ultima
966 2870 1093 2917 manus
1108 2855 1189 2918 huic
1204 2856 1285 2935 paci
1305 2854 1430 2918 fuisset
1453 2857 1562 2936 impo-

339 2957 466 3033 nenda,
482 2975 562 3020 curn
584 2959 817 3039 quorumdam
840 2960 1038 3023 absentium
1059 2971 1152 3025 esset
1171 2979 1366 3025 consensus
1386 2962 1563 3043 requiren-

335 3064 416 3144 dus,
433 3074 470 3127 ut
486 3078 592 3145 caput
606 3066 699 3129 illius
714 3066 849 3145 domuS,
868 3084 958 3147 quae
972 3078 1170 3148 supererat,
1189 3066 1273 3149 [qui]
1289 3078 1436 3150 paratus
1455 3070 1562 3133 etiam

337 3181 416 3234 erat
431 3173 621 3251 quamdam
637 3182 800 3253 aceptam
819 3174 984 3254 injuriam
1005 3178 1195 3255 remittere,
1217 3186 1251 3239 et
1271 3176 1322 3239 sic
1342 3177 1483 3241 demum
1501 3194 1563 3257 pa-

335 3295 415 3341 cem
431 3279 606 3357 amplecti.
624 3280 653 3342 si
668 3279 738 3343 filio
753 3281 865 3360 ipsius
884 3282 1059 3361 quaedam
1080 3282 1148 3345 alia
1170 3285 1321 3346 remissa
1339 3283 1475 3363 fuisset,
1498 3285 1560 3365 qui

336 3385 469 3447 vulnus
483 3385 660 3465 quoddam
675 3385 852 3450 inflixerat
866 3388 946 3451 viro
958 3387 1032 3467 iam
1052 3388 1230 3468 defuncto,
1250 3390 1313 3453 sed
1334 3388 1489 3472 [petebat
1509 3390 1560 3471 ut]

334 3511 359 3555 a
374 3501 526 3571 quatuor
540 3491 615 3572 ejus
633 3492 725 3573 filiis,
747 3496 807 3575 qui
826 3494 973 3575 Romae,
994 3494 1130 3560 Perusii
1151 3508 1186 3562 et
1208 3498 1290 3561 alibi
1312 3499 1560 3574 versabantur,

337 3599 495 3663 vulneris
510 3600 602 3663 illius
617 3598 745 3679 injuria
761 3603 1010 3666 remitteretur.

400 3706 471 3770 253.
516 3706 733 3785 Quibusdam
758 3725 844 3787 ergo
865 3709 1040 3774 nobilibus
1059 3712 1148 3775 viris
1172 3714 1266 3793 quod
1284 3714 1458 3793 reliquum
1482 3722 1560 3776 erat

337 3811 443 3892 hujus
457 3814 601 3892 negotii,
623 3816 877 3894 propemodum
892 3816 1054 3893 absoluti,
1075 3818 1333 3883 conficiendum
1353 3819 1506 3900 reliquit;
1526 3829 1566 3883 ετ

336 3930 450 3984 totum
465 3922 561 3985 illum
576 3923 743 4001 populum
759 3923 888 4003 optime
904 3922 1069 3987 affectum
1083 3926 1235 4007 reliquit.

395 4028 465 4089 254.
508 4028 602 4091 Ante
616 4045 796 4092 recessum
810 4038 929 4093 tamen
943 4031 998 4093 bis
1012 4029 1050 4095 P.
1068 4030 1244 4097 Oliverius
1259 4051 1340 4097 cum
1351 4034 1469 4098 fructu
1482 4052 1560 4099 con·

332 4134 496 4197 cionatus
511 4146 563 4197 est
576 4152 583 4214 ;
600 4152 691 4197 unus
703 4144 819 4199 autem
831 4153 876 4199 ex
887 4138 1089 4219 praecipuis
1100 4140 1273 4219 capitibus
1284 4140 1489 4221 factionum,
1503 4144 1563 4224 qui

335 4242 369 4303 ei
383 4240 567 4305 confessus
581 4251 644 4320 est,
663 4252 696 4305 et
712 4259 792 4306 cum
812 4243 981 4324 lacrymis
1002 4255 1036 4309 et
1057 4263 1189 4327 magna
1211 4265 1292 4310 cum
1315 4248 1563 4314 aedificatione

334 4348 597 4412 sanctissimum
617 4348 748 4413 Christi
763 4348 899 4431 Corpus
920 4352 963 4415 de
978 4350 1053 4432 ejus
1068 4355 1230 4417 manibus
1243 4357 1404 4436 sumpsit,
1425 4356 1462 4420 in
1482 4374 1561 4420 eam

333 4464 483 4518 ‘venerat
498 4456 607 4519 animi
622 4456 868 4537 humilitatem,
885 4468 924 4522 ut
935 4471 1081 4540 paratus
1096 4470 1189 4524 esset
1204 4462 1250 4525 ad
1263 4460 1428 4542 injuriam
1440 4474 1476 4527 et
1486 4466 1562 4527 vul·

336 4578 435 4641 nera,
458 4564 488 4625 si
503 4581 591 4644 opus
606 4574 710 4644 esset,
729 4564 886 4646 ferenda,
906 4568 1037 4631 nullam
1052 4569 1254 4649 quaerendo
1275 4569 1481 4650 vindictam,
1497 4570 1560 4635 sed

332 4685 373 4731 se
385 4677 521 4733 tantum
542 4670 773 4751 defendendo,
791 4674 954 4752 quamvis
968 4682 1002 4737 et
1018 4675 1199 4739 nobilitate
1223 4687 1258 4739 et
1280 4676 1404 4740 favore
1423 4687 1457 4741 et
1471 4678 1562 4743 divi·
