3642 5350
347 444 385 504 32
805 442 934 503 Canon.
953 442 1032 503 Soc.
1050 443 1121 517 Jas.

349 590 589 671 vespertinum
601 588 752 652 officium
761 587 949 652 Messanae
959 587 1231 668 decantandum,
1241 599 1346 670 prout
1357 587 1579 654 Romaecoe·

349 707 451 778 ptum
465 695 583 760 suerat
599 694 620 775 ¹,
641 705 676 759 et
696 695 803 759 etiam
818 694 1071 758 Hebdomadae
1090 693 1259 772 Sanctae,
1281 712 1491 760 concessum
1510 697 1580 778 ipsi

349 813 501 883 nonest,
518 804 612 885 quod
631 803 787 866 nondum
806 802 1038 866 constitutum
1052 813 1146 866 esset
1166 803 1203 866 in
1222 821 1293 884 quo
1315 821 1461 868 numero
1475 804 1578 868 colie-

349 911 498 992 giaiium
513 909 627 974 officia
642 908 842 989 hujusmodi
857 909 909 972 sic
924 909 1146 974 decantanda
1162 909 1450 991 permitterentur
1464 909 1487 974 ¹.

409 1018 460 1081 84.
503 1017 696 1099 Postquam
711 1016 909 1096 Collegium
931 1014 1211 1096 lugolstadiense
1231 1017 1382 1081 missum
1401 1027 1467 1096 est,
1489 1018 1577 1081 litte·

350 1143 410 1190 ras
432 1134 593 1207 patentes
618 1123 755 1204 accepit
779 1123 817 1187 P.
834 1123 961 1188 Petrus
988 1123 1164 1203 Canisius
1195 1124 1324 1205 quibus
1343 1123 1578 1188 Provincialis

350 1233 581 1315 Praepositus
593 1231 794 1312 Superioris
805 1229 1019 1296 Germaniae
1031 1231 1279 1322 instituebatur
1287 1229 1310 1293 ³.
1322 1229 1424 1295 Prius
1437 1230 1577 1312 quidem

350 1338 503 1404 officium
517 1339 594 1402 sine
608 1338 750 1402 nomine
765 1337 994 1402 commissum
1008 1338 1039 1401 ei
1054 1337 1170 1401 fuerat
1181 1335 1205 1400 ⁴.
1222 1336 1292 1402 Sed
1306 1347 1494 1419 postquam
1508 1337 1577 1401 tria

349 1445 512 1525 collegia,
529 1444 733 1508 Viennense
752 1443 898 1522 scilicet,
920 1441 1100 1523 Pragense
1119 1453 1153 1507 et
1174 1443 1458 1524 Ingolstadiense
1481 1444 1578 1508 insti·

350 1562 427 1617 tuta
441 1551 594 1629 fuerunt,
610 1551 733 1615 titulus
749 1550 856 1614 etiam
873 1560 907 1614 et
922 1551 1026 1630 plena
1040 1551 1236 1615 auctoritas
1254 1551 1373 1614 addita
1395 1550 1472 1614 fuit.
1488 1551 1534 1615 Et
1548 1551 1578 1614 si

348 1677 441 1742 quae
466 1659 536 1723 alia
562 1657 710 1737 collegia
736 1658 772 1720 in
800 1656 934 1721 eisdem
957 1656 1155 1721 Provinciis
1177 1658 1358 1736 Austriae,
1375 1657 1576 1736 Bobemiae,

350 1767 526 1831 Bavariae
541 1775 575 1828 et
590 1764 670 1828 aliis
684 1763 886 1845 Superioris
900 1762 1115 1828 Germaniae
1137 1765 1415 1845 instituerentur,
1437 1765 1503 1828 sub
1521 1782 1578 1828 ea·

349 1873 431 1937 dem
445 1871 635 1936 Provincia
650 1871 745 1934 idem
762 1870 866 1934 Pater
880 1869 893 1902 ⁸
908 1887 986 1934 esse
1006 1871 1127 1937 voluit.

410 1978 461 2041 85.
505 1978 545 2043 In
569 1977 731 2042 Inferiori
758 1980 865 2041 etiam
891 1977 1085 2041 Germania
1110 1977 1336 2043 Provinciam
1360 1980 1577 2043 constituen-

349 2088 433 2151 dam
448 2103 526 2150 esse
541 2086 633 2150 idem
649 2085 755 2149 Pater
769 2085 990 2164 decreverat,
1007 2085 1101 2149 etad
1117 2085 1152 2149 id
1168 2084 1338 2166 suffragia
1349 2085 1506 2166 Patrum,
1518 2087 1579 2168 qui

350 2194 513 2268 Lovanii,
535 2193 689 2258 Tornaci
708 2202 743 2256 et
762 2192 932 2257 Coloniae
951 2194 1200 2269 versabantur,
1228 2193 1359 2257 babere
1378 2194 1540 2258 voluerat
1554 2191 1577 2253 ⁸.

349 2302 494 2366 Etcum
513 2300 619 2364 Pater
639 2298 823 2364 Salmeron
844 2299 880 2362 in
901 2298 1108 2362 Fiandriam
1128 2317 1209 2362 cum
1223 2300 1358 2380 Legata
1373 2298 1580 2381 Apostolico

351 2406 635 2488 proficisceretur
654 2403 675 2484 ¹,
704 2405 878 2469 commisit
899 2406 1013 2469 eidem
1031 2405 1138 2469 Pater
1157 2405 1318 2485 ignatius
1337 2418 1374 2470 ut
1396 2407 1579 2488 Praeposi-

350 2526 426 2577 tum
440 2513 699 2578 Provincialem
714 2512 762 2577 ibi
778 2509 918 2576 Patrem
935 2510 1155 2576 Bernardum
1177 2511 1371 2577 Oliverium
1391 2514 1579 2578 constitue·

350 2629 414 2697 γεῖς
442 2621 605 2702 quamvis
627 2619 721 2683 enim
735 2628 874 2683 tantum
893 2618 1001 2682 trium
1019 2630 1185 2684 votorum
1204 2619 1371 2684 emiserat
1392 2619 1579 2703 professio·

350 2746 432 2791 nem
449 2726 472 2807 ⁸,
485 2728 639 2809 jusserat
654 2728 746 2791 idem
761 2726 798 2790 P.
816 2724 976 2805 ignatius
989 2736 1028 2789 ut
1041 2738 1194 2807 quatuor
1211 2738 1377 2791 votorum
1395 2728 1580 2808 professio·

350 2851 432 2898 nem
448 2836 634 2899 emitteret.
658 2832 727 2897 Sed
749 2850 830 2896 cum
855 2848 1006 2913 propere
1030 2851 1075 2897 ex
1095 2834 1217 2913 Belgio
1237 2833 1275 2897 P.
1293 2832 1476 2898 Salmeron
1498 2853 1579 2899 cum

351 2941 475 3005 eodem
490 2942 626 3021 Legato
648 2939 820 3018 rediisset,
839 2940 934 3003 misit
948 2941 1095 3019 litteraS,
1119 2942 1246 3021 quibus
1271 2942 1475 3005 declarabat
1497 2942 1579 3006 Pro-

352 3048 540 3112 vincialem
567 3047 606 3111 Ρ.
622 3046 853 3126 Bernardum;
881 3064 965 3110 nam
984 3064 1027 3110 eo
1047 3047 1157 3111 etiam
1178 3048 1418 3129 propendebat
1433 3048 1578 3113 Patrum

350 3157 502 3230 illorum,
529 3154 589 3234 qui
609 3154 645 3217 iu
665 3153 787 3233 Belgio
807 3162 919 3231 erant,
941 3154 1128 3233 seutentia;
1149 3166 1184 3217 et
1203 3155 1253 3218 ita
1269 3154 1406 3218 litterae
1421 3155 1470 3219 illi
1493 3166 1580 3220 tam·

350 3280 458 3343 quam
473 3260 688 3324 Provinciali
703 3261 809 3324 scribi
825 3272 1020 3340 coeperunt
1034 3256 1057 3323 ⁸.

411 3366 462 3431 86.
506 3366 641 3430 Placuit
656 3376 773 3430 tamen
786 3367 929 3430 divinae
941 3366 1096 3431 Bonitati
1107 3376 1156 3443 ut,
1173 3377 1364 3449 antequam
1378 3368 1581 3432 declarare·

350 3484 420 3554 tur,
435 3475 545 3538 vitam
565 3475 658 3539 hanc
681 3491 762 3537 cum
782 3483 925 3537 aeterna
946 3477 1220 3538 commutaverit
1233 3472 1267 3554 '⁰;
1283 3484 1318 3538 et
1338 3475 1387 3538 ita
1407 3476 1582 3555 scriptum

351 3591 406 3645 est
424 3580 522 3646 Patri
541 3580 807 3659 Ribadeneirae‚
830 3581 866 3644 in
886 3579 987 3660 cujus
1007 3599 1133 3645 manus
1152 3583 1291 3645 litterae
1307 3582 1344 3645 P.
1361 3581 1579 3647 Salmeronis

350 3688 581 3764 devenerant,
597 3697 635 3751 ut
657 3688 768 3768 ipsius
789 3688 997 3751 electionem
1011 3688 1048 3751 in
1065 3687 1326 3753 Provincialem
1347 3689 1517 3753 honestas
1535 3690 1580 3751 ob

393 3892 401 3925 ¹
430 3892 498 3938 Vide
507 3904 594 3949 supra,
605 3900 625 3937 t.
636 3905 661 3946 v,
671 3904 731 3948 pag.
741 3893 776 3946 33.
788 3904 812 3938 n.
822 3892 860 3937 58.

391 3964 403 3996 ¹
430 3964 574 4010 Meminisse
584 3970 685 4021 oportet
697 3965 729 4009 ad
741 3965 789 4008 boc
800 3964 909 4009 olliclum
921 3964 1018 4010 Romae
1028 3966 1217 4011 decantandum
1228 3964 1387 4019 collegiales.
1398 3966 1536 4021 praecipuo
1548 3978 1580 4011 ex

350 4035 516 4091 Germanico,
527 4038 605 4081 inisse
615 4039 649 4081 ab
659 4035 761 4088 ignatio
771 4036 911 4081 adhibitos.
922 4036 990 4080 Vide
1000 4050 1087 4093 supra,
1099 4050 1159 4094 pag.
1169 4038 1191 4093 8,
1202 4050 1226 4081 n.
1237 4038 1271 4081 15.

393 4106 404 4138 ³
431 4106 498 4151 Vide
509 4106 604 4151 cartas
613 4108 646 4150 de
657 4108 711 4151 San
723 4108 842 4161 Ignacio,
853 4115 871 4152 t.
885 4118 920 4161 vr,
931 4120 990 4163 pag.
1000 4109 1048 4153 492.

393 4181 404 4213 ⁴
432 4180 498 4224 Vide
510 4192 595 4236 supra.
607 4187 626 4225 t.
637 4192 662 4235 v,
674 4192 733 4237 pag.
745 4182 793 4236 224,
804 4188 891 4227 annot.
904 4183 912 4223 l
925 4181 958 4226 ud
968 4194 993 4225 n.
1002 4182 1052 4227 6³9.

393 4249 405 4281 ⁵
433 4250 639 4307 Scil,ignatlus.

393 4322 405 4351 ¹¹
431 4322 499 4367 Vide
509 4335 596 4379 supra,
606 4334 667 4379 pag.
676 4324 710 4379 21,
722 4338 746 4370 n.
757 4326 791 4379 52,
802 4333 828 4369 et
840 4324 935 4369 Carras
945 4326 978 4369 de
988 4326 1043 4370 San
1053 4325 1173 4379 Ignacto,
1181 4333 1199 4373 t.
1210 4339 1228 4370 v
1238 4332 1265 4371 et
1276 4336 1311 4371 vt.

393 4393 404 4425 '¹
432 4394 499 4439 Vide
510 4406 596 4449 supra.
607 4408 667 4451 pag.
677 4396 712 4451 22,
723 4409 747 4441 n.
757 4398 792 4441 56.

393 4466 405 4499 ⁸
433 4465 500 4509 Vide
511 4478 597 4521 supra,
609 4475 628 4512 t.
640 4478 678 4519 ur.
690 4480 750 4524 pag.
761 4468 842 4515 stan.
854 4468 902 4513 806.

393 4537 406 4569 ⁰
432 4536 498 4581 Vide
508 4538 604 4581 Cottas
612 4540 646 4583 de
656 4540 711 4584 San
722 4542 836 4595 lgnacio
852 4548 869 4585 t.
880 4552 919 4592 vr.
928 4552 988 4595 pan.
998 4540 1046 4585 266.

382 4608 404 4641 ¹⁰
431 4608 549 4661 Tornaci.
573 4609 623 4654 “XI
642 4610 699 4656 Kal.
720 4612 879 4667 Septembris
897 4612 1044 4657 Bernartius
1072 4612 1203 4659 oliverius
1222 4622 1328 4669 ereptus
1351 4620 1413 4667 est„
1429 4612 1583 4669 ornanum,

355 4680 456 4726 Hister.
468 4680 562 4727 Societ.
574 4694 598 4737 p.
609 4692 626 4737 ι,
638 4684 681 4727 lib.
693 4695 745 4737 xvi,
757 4696 781 4729 n.
789 4684 824 4735 85.
835 4684 878 4728 ubi
889 4684 945 4739 ejus
955 4685 1067 4729 virtutos
1084 4687 1260 4731 celebrantur.
