3642 5350
364 422 418 484 330
824 426 953 489 Cnrror.
973 430 1047 488 Soc.
1068 428 1137 502 Jas

363 572 569 639 vendendos
583 576 761 655 censebat,
777 587 815 641 ut
830 577 938 658 aliqui
948 577 1029 641 libri
1042 576 1257 658 pauperibus
1268 575 1382 656 gratis
1394 573 1502 638 tribui
1513 590 1596 655 pos·

363 689 453 761 sent;
468 690 504 746 et
518 680 669 763 injunxit
684 692 722 748 ut
736 683 833 748 Patri
848 684 986 765 ignatio
1000 703 1042 749 ea
1057 685 1101 749 de
1115 702 1154 749 re
1165 684 1347 749 scriberet.
1360 682 1404 746 Et
1416 699 1497 746 cum
1508 681 1594 746 Pro·

365 788 528 854 vincialis
547 790 681 856 diceret
698 790 891 856 Abbatiam
916 791 1199 857 Rochamadoris
1218 792 1264 857 ad
1286 793 1353 855 hoc
1377 806 1466 871 opus
1487 790 1594 856 valde

363 906 598 977 opportunam
616 898 703 979 fore,
724 900 862 981 sperari
880 917 920 963 se
939 900 1056 964 adhuc
1075 900 1164 964 dixit
1182 898 1277 981 quod
1291 897 1481 962 obtinenda
1498 906 1594 963 esset

365 1003 511 1084 aRege.
619 980 622 995 ¹

427 1110 515 1175 1348.
559 1112 647 1178 Cum
663 1124 781 1180 autem
797 1125 924 1197 quarta
940 1116 996 1180 die
1012 1115 1165 1195 Augusti
1180 1114 1270 1179 haec
1289 1114 1491 1192 scripsisset
1512 1113 1593 1178 Pro·

364 1218 539 1299 vincialiS‚
556 1238 625 1302 quo
640 1230 799 1303 tempore
813 1222 851 1286 P.
867 1222 1026 1302 ignatius
1038 1223 1185 1299 obierat,
1203 1240 1225 1285 a
1240 1219 1277 1285 P.
1291 1219 1436 1284 Vicario
1449 1221 1594 1302 Laynez

364 1325 592 1392 nihilominus
606 1346 664 1394 res
679 1331 851 1410 permissa
866 1330 943 1393 fuit.
958 1331 1001 1394 Et
1014 1348 1095 1393 cum
1107 1328 1144 1393 P.
1159 1313 1397 1409 Hieronymus
1407 1328 1595 1408 Magistra·

361 1442 422 1497 'tus
436 1451 683 1499 messanenses
697 1437 762 1501 sub
778 1438 861 1501 anni
881 1437 987 1518 huius
1006 1437 1112 1502 finem
1132 1445 1224 1501 esset
1244 1437 1430 1516 allocutus,
1447 1453 1505 1500 res
1528 1436 1596 1499 illis

364 1542 452 1607 satis
474 1543 653 1623 placebat,
680 1552 714 1607 et
737 1546 1032 1625 typographiam,
1054 1563 1145 1627 quae
1165 1544 1200 1608 id
1215 1544 1386 1625 temporis
1407 1551 1485 1607 erat
1506 1543 1594 1607 Mes·

364 1666 484 1725 sanae,
501 1650 547 1713 ad
568 1649 705 1715 initium
721 1653 854 1716 assumi
874 1670 895 1715 a
916 1654 1048 1717 nostris
1067 1653 1245 1729 volebant,
1262 1661 1296 1715 et
1312 1652 1454 1715 interim
1469 1651 1593 1714 ebara-

363 1764 478 1821 cteres
491 1758 632 1839 latinos,
648 1775 810 1839 graecos
828 1769 862 1823 et
877 1761 1051 1824 hebraeos
1065 1759 1208 1823 aliunde
1223 1757 1404 1840 deportari
1420 1776 1540 1840 posse;
1556 1767 1592 1821 et

361 1864 413 1928 ita
438 1865 603 1946 cupiebat
626 1865 862 1931 Provincialis
887 1870 945 1930 vel
970 1886 1015 1931 ex
1038 1866 1165 1943 Gallia,
1181 1868 1299 1931 velex
1319 1866 1458 1945 Belgio,
1476 1867 1594 1930 velex

362 1969 555 2036 Germania
580 1982 641 2037 aut
661 1972 823 2038 Venetiis
842 1973 1045 2054 hujusmodi
1065 1975 1292 2038 characteres
1312 1990 1419 2056 quam
1439 1974 1593 2053 optimos

361 2080 496 2160 quaeri,
512 2079 559 2145 ad
572 2097 662 2161 quos
676 2081 845 2145 emendos
865 2082 1053 2162 pecuniam
1073 2082 1194 2145 statim
1213 2091 1316 2145 erant
1336 2080 1592 2157 transmissuri3

361 2196 396 2249 et
421 2188 504 2269 quia
528 2188 710 2253 Bononiae
734 2188 875 2253 viderat
895 2190 1014 2270 aliqua
1040 2189 1241 2253 molendina
1266 2188 1411 2270 papyri,
1439 2188 1593 2269 aliquem

362 2295 485 2375 quaeri
501 2296 536 2359 in
551 2312 593 2359 ea
609 2296 754 2360 civitate
770 2297 1003 2360 architectum
1022 2306 1083 2360 aut
1103 2296 1274 2359 artificem
1293 2294 1493 2376 hujusmodi
1513 2312 1593 2376 ope·

363 2418 443 2466 rum
458 2403 623 2483 cupiebat
635 2405 686 2478 (ut
697 2402 803 2467 etiam
815 2403 1009 2483 Fabriani)‚
1023 2404 1079 2468 cui
1091 2403 1303 2484 stipendium
1315 2421 1336 2466 a
1348 2402 1494 2467 civitate
1505 2402 1593 2467 Mes·

362 2508 508 2573 sanensi
522 2510 613 2573 solvi
629 2520 827 2574 curassent.

423 2614 512 2682 1349.
556 2615 729 2699 Cupiebat
754 2635 971 2700 magnopere
995 2618 1156 2697 Prorex,
1177 2619 1334 2703 Joannes
1348 2618 1392 2682 de
1410 2617 1533 2698 Vega,
1555 2626 1594 2682 ut

360 2723 438 2789 Rex
452 2722 633 2806 Philippus
647 2726 853 2807 pensionem
873 2727 995 2790 decem
1012 2728 1160 2790 millium
1174 2724 1384 2790 ducatorum
1403 2742 1508 2807 super
1530 2727 1594 2789 ali·

359 2849 428 2912 quo
444 2832 612 2913 primario
627 2833 842 2914 Episcopatu
859 2835 904 2898 ad
917 2834 1120 2898 Germanici
1136 2834 1284 2912 Collegii
1296 2834 1593 2898 sustentationem

360 2939 477 3018 daret,
494 2949 530 3004 et
544 2957 609 3004 suo
624 2949 783 3021 tempore
804 2959 951 3022 operam
971 2943 1016 3006 ad
1035 2943 1071 3007 id
1090 2959 1160 3005 non
1176 2941 1346 3006 inutiliter
1366 2938 1591 3022 [navaturus]

362 3048 589 3128 sperabatur,
606 3067 702 3126 cum,
720 3050 756 3112 in
771 3050 885 3113 officio
900 3049 1140 3113 Praesidentis
1155 3049 1301 3114 Consilii
1316 3048 1425 3129 regii,
1443 3050 1593 3114 auctori·

363 3163 470 3220 tatem
486 3155 532 3219 ad
547 3158 666 3220 omnia
680 3157 868 3222 habiturus
884 3155 893 3187 ¹
908 3156 1108 3221 videbatur.

424 3259 511 3326 1350.
555 3262 756 3344 Acceperat
770 3275 889 3328 autem
904 3282 1126 3345 responsum,
1148 3265 1244 3346 quod
1259 3267 1385 3329 attinet
1405 3264 1451 3329 ad
1476 3253 1606 3329 Abba?

360 3367 448 3432 tiam
468 3367 763 3450 Rochamadoris,
785 3370 847 3434 sed
867 3372 963 3453 quod
985 3372 1034 3434 illi
1055 3389 1181 3452 parum
1201 3371 1391 3449 satisfecit;
1408 3372 1476 3435 hoc
1498 3371 1593 3435 enim

361 3475 542 3540 decretum
568 3477 604 3543 in
629 3480 728 3543 curia
754 3478 880 3559 suerat,
907 3488 945 3542 ut
964 3479 1078 3559 primo
1099 3496 1236 3542 vacans
1257 3478 1412 3542 Abbatia
1434 3477 1595 3576 eiusdem

360 3583 511 3663 valoris,
539 3583 639 3664 cujus
664 3596 741 3650 erat
767 3603 858 3666 quae
883 3585 1136 3650 Panormitano
1163 3586 1321 3666 Collegio
1336 3585 1434 3650 unita
1460 3585 1591 3661 fuerat,

361 3688 581 3756 Messanensi
597 3693 756 3773 Collegio
772 3695 944 3758 uniretur.

424 3797 512 3862 1351.
555 3797 625 3864 Sed
650 3799 797 3864 Pro-rex
822 3818 893 3864 non
918 3801 1006 3865 satis
1031 3818 1105 3865 rem
1126 3802 1340 3865 intellectam
1363 3818 1459 3880 esse,
1487 3819 1593 3884 quam

360 3916 604 3987 proposuerat,
621 3907 772 3988 scripsit;
790 3917 825 3971 et
840 3909 955 3972 eidem
969 3907 981 3939 ²
997 3909 1237 3990 provisionem
1253 3909 1399 3989 remisit,
1415 3918 1454 3973 ut
1472 3911 1592 3987 aliam,

361 4023 464 4094 prout
479 4031 568 4095 opus
588 4024 676 4094 erat,
693 4015 938 4081 decernerent.
955 4015 1106 4099 Scripsit
1120 4018 1228 4082 etiam
1249 4017 1377 4082 Comiti
1397 4017 1441 4082 de
1460 4016 1594 4082 Feria⁸

401 4180 410 4215 ¹
439 4181 485 4227 bis.
495 4181 745 4229 habiturum-Non
756 4187 863 4230 tradunt
876 4187 1013 4241 Polancns,
1029 4187 1150 4232 Sacchlai
1161 4199 1208 4232 nec
1220 4171 1348 4240 Aguilera
1362 4188 1422 4242 quld
1435 4189 1460 4232 in
1470 4201 1517 4232 sno
1528 4200 1595 4234 novo

362 4251 572 4308 amplissimoque
581 4265 687 4299 munere
697 4267 745 4310 pro
756 4255 871 4311 collegio
883 4257 999 4302 Romano
1010 4260 1093 4312 egerit
1109 4257 1192 4311 Vegn,
1204 4259 1309 4302 tametsi
1326 4259 1408 4302 muita
1420 4266 1447 4302 et
1457 4261 1597 4313 praeclare

359 4325 483 4378 postremi
498 4325 524 4369 bl
539 4327 681 4380 scriptores
697 4328 728 4371 de
743 4335 843 4374 navata
858 4331 891 4372 ab
906 4329 951 4374 llio
968 4330 995 4374 in
1007 4329 1134 4385 Hispania
1151 4331 1283 4374 laboranti
1300 4330 1426 4375 Societatl
1442 4342 1521 4386 opera
1537 4343 1595 4388 pro·

361 4397 433 4442 dunt.
445 4395 577 4447 saccatur.
590 4397 662 4442 Hist.
673 4399 699 4442 S.
713 4398 750 4454 J..
761 4411 785 4454 p.
797 4412 823 4454 n,
834 4401 878 4445 lib.
891 4413 908 4450 1.
920 4414 945 4445 n.
957 4401 1004 4456 113;
1016 4403 1162 4453 Acarnan,
1171 4404 1220 4446 loc.
1231 4403 1275 4448 cit.

401 4468 413 4500 ²
439 4467 539 4524 Joanni,
550 4470 616 4526 scil,
626 4468 727 4526 Oeorio,
738 4473 781 4526 qui
792 4474 899 4528 negotia
909 4473 1041 4528 Pro-regis
1053 4475 1079 4518 in
1094 4474 1168 4519 curia
1180 4477 1285 4529 egebat.
1295 4473 1363 4518 Vide
1374 4483 1462 4531 supra,
1472 4485 1533 4531 pag.
1546 4474 1595 4530 ata,

362 4554 386 4588 n.
396 4541 458 4587 1198.

400 4611 412 4645 ⁸
440 4612 536 4658 Gonnus
546 4614 589 4669 (D.
598 4615 704 4670 Gomon,
720 4616 752 4662 D.
764 4617 854 4672 Gome)
871 4617 968 4663 Suarez
984 4618 1015 4662 de
1031 4617 1170 4673 Figueroa,
1185 4618 1210 4661 V
1221 4617 1313 4664 Comes
1323 4625 1349 4664 et
1363 4618 1444 4664 IDux
1460 4619 1491 4664 de
1506 4619 1594 4666 Ferte.

361 4685 429 4730 Vide
439 4696 528 4743 supra.
539 4693 558 4732 t.
569 4697 607 4742 tv,
617 4699 677 4744 pag.
688 4689 735 4743 587,
746 4695 834 4736 annot.
845 4690 866 4735 7.
