3642 5350
830 488 893 547 Ali·-
916 488 986 547 1556
1464 490 1519 550 789

236 694 241 705 ,
288 633 363 715 ipse
378 633 612 698 Prouincialis
627 632 748 698 habuit
760 651 840 699 cum
855 634 1026 714 peculiari
1040 643 1075 699 et
1090 635 1201 716 ipsius
1215 643 1251 699 et
1263 634 1412 699 aliorum
1424 652 1518 700 com·

288 740 455 806 motione.
473 740 674 807 lnviserunt
688 741 815 807 deinde
829 740 912 807 Sem
926 751 1191 807 sacramentum
1202 743 1238 807 11
1249 744 1423 824 sacrario;
1438 753 1519 825 post

288 850 481 915 solemnem
506 848 696 915 admodum
725 850 991 931 processionem
1018 859 1053 915 et
1084 861 1165 932 post
1197 852 1400 933 prandium,
1431 854 1519 917 sole·

290 958 382 1022 mnis
401 945 599 1038 baptismus
613 966 667 1023 est
682 967 911 1038 consecutus,
935 958 1012 1035 ubi,
1035 958 1332 1040 quemadmodum
1355 960 1520 1041 superius

289 1065 454 1144 diximus
472 1064 877 1147 quadragintaquinque
892 1065 1074 1147 utriusque
1085 1082 1192 1129 sexus
1202 1076 1238 1131 et
1253 1067 1377 1131 variae
1392 1067 1520 1133 aetatis

290 1172 432 1238 luerunt
442 1172 623 1254 baptizati;
637 1182 672 1236 et
682 1179 763 1252 post
773 1172 988 1253 baptismum
999 1173 1069 1237 alia
1080 1173 1262 1254 processio
1270 1172 1334 1238 luit
1345 1174 1518 1253 instituta,

290 1298 398 1361 quam
412 1296 535 1346 omnes
555 1278 741 1345 christiani
756 1276 834 1359 ejus
852 1280 951 1344 urbis
970 1279 1241 1357 comitabantur;
1259 1289 1295 1345 et
1309 1298 1462 1363 magnae
1476 1298 1521 1348 ac

289 1388 424 1453 solidae
438 1386 694 1453 consolationis
708 1395 785 1451 erat
801 1387 1064 1469 simplicitatem
1079 1405 1122 1453 ac
1136 1386 1341 1453 firmitatem
1357 1387 1366 1421 ¹
1381 1389 1463 1454 fidei
1477 1406 1520 1453 ac

289 1492 471 1576 religionis
485 1494 521 1560 11
536 1494 640 1559 novis
655 1493 724 1559 illis
743 1492 925 1559 Ecclesiae
940 1495 1072 1576 plantis
1086 1496 1227 1576 intueri;
1243 1507 1277 1559 et
1292 1497 1435 1577 attingit
1450 1497 1520 1562 obi·

288 1610 342 1668 ter
370 1603 409 1667 P.
435 1602 682 1683 Prouincialis,
709 1602 801 1666 lesta
826 1618 870 1665 ac
894 1602 1137 1667 solemnitates
1163 1603 1337 1668 celebrius
1361 1604 1397 1667 in
1421 1603 1520 1668 India

288 1728 396 1793 quam
410 1710 446 1776 in
461 1709 682 1790 Portugallia
697 1708 859 1787 transigi,
873 1709 1085 1789 praesertim
1097 1728 1178 1775 cum
1189 1712 1327 1775 musica
1338 1710 1519 1777 Guberna-

292 1818 379 1883 toris
398 1834 462 1882 seu
481 1815 674 1897 Pro-regis,
690 1815 861 1880 suavibus
875 1814 1066 1881 admodum
1080 1816 1324 1883 instrumentis
1344 1817 1519 1898 conlecta,

289 1923 438 1992 accedit.

349 2030 441 2097 3394.
484 2031 586 2113 Ipsae
601 2030 708 2096 etiam
729 2032 810 2098 viae
830 2033 1004 2115 publicae,
1020 2033 1189 2113 plantatis
1209 2032 1407 2113 arboribus,
1422 2034 1521 2099 velut

290 2157 438 2206 nemora
456 2137 634 2219 videntur;
651 2148 684 2203 et
707 2140 738 2203 si
757 2140 861 2221 copia
877 2140 1121 2203 ministrorum
1139 2138 1188 2206 ibi
1209 2148 1313 2219 esset,
1336 2140 1373 2203 in
1393 2140 1521 2221 quovis

290 2247 491 2313 devotionis
509 2262 641 2327 genere
661 2244 890 2328 superiores·
905 2262 985 2311 esse
1004 2245 1142 2311 futuros
1162 2247 1241 2311 illos
1261 2247 1410 2328 populos
1427 2246 1520 2310 affir-

289 2357 423 2435 mabat3
439 2361 474 2419 et
493 2352 622 2419 accidit
647 2352 759 2418 eidem
780 2353 998 2419 Provinciali
1012 2353 1151 2418 indicae
1170 2352 1355 2434 cujusdam
1369 2354 1520 2419 ancillae

290 2460 549 2527 confessionem
563 2459 697 2540 audire,
711 2477 801 2541 quae
814 2456 826 2489 ⁵
841 2462 938 2525 velut
952 2460 1121 2542 religiosa
1135 2461 1172 2525 in
1186 2470 1288 2526 arcto
1302 2461 1519 2526 monasterio

291 2568 416 2653 [vitam
435 2569 576 2650 agebat,
600 2565 646 2649 et]
666 2584 732 2632 sua
754 2568 971 2649 perfectione
990 2568 1026 2632 in
1045 2568 1317 2633 admirationem
1337 2586 1418 2634 eum
1437 2586 1520 2635 con·

292 2677 452 2744 verterit.

350 2784 442 2850 3395.
484 2783 566 2849 Viri
577 2783 686 2848 etiam
695 2781 771 2863 ejus
781 2783 890 2864 urbia,
901 2800 983 2849 cum
994 2783 1200 2865 Pro-regem
1211 2784 1519 2850 adsevenieutem

292 2891 485 2959 honorilice
499 2893 630 2958 vellent
650 2892 826 2972 excipere,
842 2891 878 2954 11
893 2908 1081 2956 occursum
1095 2892 1129 2956 ei
1142 2892 1178 2955 11
1191 2893 1311 2957 multis
1325 2893 1470 2974 scaphis
1483 2903 1519 2957 et

290 3001 402 3066 variis
421 2999 581 3064 vestibus
599 2999 736 3079 egressi
755 3007 837 3062 sunt
857 2997 902 3062 ad
922 2998 1075 3062 medium
1094 2999 1239 3079 flumen,
1257 3007 1292 3063 et
1309 2999 1428 3064 multis
1446 3008 1514 3064 tor-

290 3109 417 3174 mentis
432 3107 571 3172 bellicis
590 3115 747 3170 exterra
768 3115 803 3169 et
822 3122 867 3168 ex
886 3105 1029 3170 flumine
1048 3105 1224 3188 displosis,
1241 3107 1386 3172 militiae
1405 3108 1516 3188 speci·

289 3233 370 3281 men
395 3215 592 3294 edideruut3
618 3230 685 3278 nec
709 3229 836 3294 parum
864 3211 899 3276 id
926 3211 1211 3279 Gubernatorem
1237 3213 1453 3290 conciliavit,
1478 3223 1517 3279 ut

289 3341 406 3391 novae
420 3321 697 3387 christianorum
712 3319 885 3384 ecclesiae
904 3317 1053 3401 faveret3
1069 3339 1135 3386 nec
1150 3323 1244 3387 enim
1258 3323 1374 3386 solum
1389 3320 1434 3386 ad
1448 3319 1516 3386 Dei

287 3432 470 3510 honorem,
486 3428 549 3495 sed
564 3427 732 3493 etiamad
747 3428 996 3493 stabiliendum
1011 3429 1205 3509 temporale
1219 3428 1306 3495 illud
1320 3428 1515 3493 domlnium

287 3539 456 3621 neophyti
470 3537 640 3619 perutiles
657 3533 768 3600 futuri
788 3553 867 3600 esse
888 3536 1112 3618 videbantur;
1129 3537 1172 3602 de
1191 3537 1319 3619 quibus
1337 3535 1517 3602 ferebatur

287 3646 392 3727 quod,
409 3644 574 3710 lusitanis
587 3641 778 3725 conjuncti,
794 3661 866 3708 non
879 3643 995 3708 minus
1007 3655 1160 3725 strenue,
1177 3660 1284 3727 quam
1298 3643 1366 3724 ipsi
1376 3643 1413 3708 in
1424 3643 1516 3708 bello

288 3761 459 3835 pugnant.

347 3859 437 3925 3396.
483 3857 553 3924 Sed
567 3858 613 3924 ad
628 3864 817 3923 tanaenses
836 3858 1029 3940 redeundo,
1045 3859 1105 3942 qui
1120 3859 1167 3923 ibi
1186 3860 1433 3940 versabantur,
1450 3859 1515 3925 sci·

288 3969 369 4034 licet
384 3967 422 4032 P.
434 3967 651 4032 Franciscus
664 3965 842 4047 Euriquez
856 3976 890 4031 et
904 3967 1113 4032 Emmanuel
1126 3966 1345 4046 Fernandez,
1361 3967 1421 4049 qui
1435 3984 1515 4031 cum

287 4075 444 4157 quodam
459 4074 529 4139 alio
550 4073 661 4138 fratre
681 4074 717 4138 in
737 4090 779 4137 ea
799 4072 905 4138 domo
924 4072 1137 4154 residebant,
1155 4083 1234 4155 post
1253 4075 1515 4156 praedictorum

287 4182 514 4264 baptismum,
531 4183 656 4263 paucis
676 4181 799 4246 diebus
814 4178 1020 4262 interjectis,
1036 4181 1083 4245 ad
1101 4181 1229 4262 viginti
1249 4181 1339 4247 alios
1353 4180 1517 4246 catechu-

286 4306 412 4356 menos
431 4298 466 4354 et
486 4307 528 4356 eo
550 4289 700 4371 amplius
722 4286 796 4370 jam
822 4298 1054 4371 exceperant;
1077 4299 1112 4354 et
1136 4289 1293 4354 omnium
1318 4289 1461 4354 uomina
1481 4289 1516 4354 in

331 4603 340 4636 ⁴
369 4603 684 4662 linaennuaremfldet

328 4677 339 4709 ¹
367 4676 413 4722 lis.
426 4679 562 4733 superius.

328 4748 340 4782 ³
366 4747 547 4795 llautvulut.
