3642 5350
361 396 415 457 182
808 398 939 460 Curua.
961 398 1039 461 Soc.
1062 400 1135 473 Jns.

358 542 390 605 si
413 552 580 623 praeerat
600 551 635 608 et
658 544 752 608 illius
774 544 924 625 Collegii
944 547 1109 611 columna
1131 545 1335 624 videbatur,
1360 544 1462 626 cujus
1481 553 1586 609 erunt

357 650 631 729 compositiones
645 650 737 729 illae,
763 668 914 733 quarum
928 670 1037 733 supra
1056 654 1280 718 meminimus
1295 652 1317 732 ¹,
1337 653 1477 733 hospite
1490 652 1583 715 insa·

358 756 469 820 lutato
497 772 579 821 cum
606 757 703 838 Mag.
732 758 793 823 illo
821 757 1025 838 Salvatore,
1055 777 1161 841 quem
1187 777 1313 841 parum
1346 757 1510 824 idoneum
1537 758 1584 822 ad

358 863 555 928 docendum
565 867 671 945 paulo
683 874 765 929 ante
776 866 931 930 diximus
942 868 967 946 ³,
982 868 1141 946 recessit,
1158 868 1220 949 qui
1232 866 1256 947 ⁸,
1272 877 1461 949 postquam
1470 866 1583 930 Bono·

357 969 453 1033 niam
464 980 622 1052 venerat,
634 989 716 1036 cum
727 989 858 1052 magna
870 990 1010 1055 semper
1021 974 1267 1038 aedificatione
1277 985 1444 1037 versatus
1454 973 1581 1051 iuerat,

357 1076 518 1157 devotus,
535 1078 713 1158 obedienS,
730 1080 883 1160 humilis,
895 1082 1052 1162 prudens
1062 1091 1098 1145 et
1108 1082 1253 1162 ingenio
1263 1082 1397 1163 optimo
1408 1079 1583 1159 etjuoieio

356 1182 538 1264 praeditus
552 1197 682 1250 etcum
696 1204 766 1268 quo
781 1187 929 1251 libenter
943 1205 1002 1251 res
1015 1204 1101 1252 suas
1115 1188 1245 1253 Rector
1258 1186 1475 1250 conserebat.
1488 1185 1583 1249 Nihil

357 1300 499 1371 praeter
514 1308 579 1356 sua
593 1294 817 1372 vestimenta,
834 1312 880 1356 ne
894 1295 1072 1359 indusium
1086 1295 1239 1376 quidem,
1254 1294 1392 1374 accepit
1405 1302 1468 1356 aut
1481 1292 1584 1355 suda·

357 1398 461 1473 rium,
477 1415 543 1461 nec
557 1398 697 1480 librum,
719 1410 863 1480 praeter
877 1418 1003 1482 preces
1024 1402 1198 1480 horarias,
1219 1418 1287 1464 nec
1300 1401 1442 1479 signum
1462 1399 1582 1477 ullum,

357 1502 450 1567 unde
464 1507 534 1568 tale
549 1506 634 1586 quid
649 1507 824 1587 suspicari
839 1510 1010 1589 quiquam
1025 1506 1037 1539 ⁴
1055 1518 1208 1589 poterat,
1228 1506 1385 1586 dederat,
1408 1506 1478 1569 nisi
1490 1504 1585 1585 quod

357 1612 518 1691 pauculis
540 1620 623 1675 ante
645 1611 779 1692 diebuS,
803 1630 884 1677 cum
908 1615 954 1679 ad
972 1614 1233 1679 confessionem
1251 1624 1345 1678 esset
1360 1628 1582 1689 accessurus,

357 1715 555 1797 coadjutori
574 1718 724 1798 cuidam,
745 1721 887 1784 nomine
906 1720 1106 1802 Rodolpho,
1128 1721 1268 1785 dixerat
1286 1737 1418 1800 magno
1438 1736 1476 1782 se
1495 1719 1584 1782 desi·

358 1825 456 1889 derio
472 1826 584 1889 teneri
597 1826 632 1889 in
648 1825 828 1891 desertum
842 1828 996 1908 aliquem
1014 1830 1131 1892 locum
1145 1828 1192 1891 ad
1210 1826 1462 1908 poenitentiam
1477 1840 1584 1905 agen·

357 1932 441 1995 dam
465 1931 619 1997 adeundi
636 1942 671 1996 et
692 1933 854 1999 eumdem
872 1934 1108 2016 Rodolphum,
1128 1952 1233 2016 quem
1254 1934 1407 1997 orationi
1427 1931 1585 1996 deditum

359 2038 513 2117 videbat,
534 2050 573 2103 ut
593 2057 714 2104 secum
733 2042 884 2121 veniret,
905 2041 1126 2121 hortabatur.
1147 2040 1395 2105 Postulaverat
1415 2040 1523 2103 etiam
1534 2036 1585 2118 Je-

356 2142 503 2224 junandi
528 2156 563 2209 et
587 2148 741 2212 cilicium
766 2150 931 2228 portandi
956 2168 978 2213 a
1001 2147 1192 2230 Superiora
1217 2147 1421 2212 facultatem
1445 2144 1469 2224 ⁸,
1494 2162 1585 2226 quae

358 2261 489 2331 negata
512 2254 547 2316 ei
569 2252 697 2334 fuerat,
723 2272 789 2319 nec
816 2256 1009 2336 quidquam
1032 2256 1172 2319 dixerat
1196 2255 1402 2336 Rodolphus
1429 2252 1583 2330 Rectori,

358 2359 453 2439 quod
472 2360 691 2424 existimaret
713 2362 901 2443 ipsummet
921 2361 1169 2426 Sebastianum
1187 2362 1280 2425 hanc
1303 2377 1406 2426 suam
1424 2359 1585 2423 tentatio·

357 2482 438 2531 nem
452 2468 521 2548 ipsi
535 2467 571 2531 in
587 2467 820 2547 confessione,
836 2470 882 2533 ad
897 2487 1003 2550 quam
1019 2470 1202 2551 pergebat,
1217 2469 1439 2533 deiecturum
1452 2484 1543 2530 esse.

418 2573 488 2639 667.
532 2574 715 2640 Recedens
735 2593 821 2657 ergo
840 2576 1071 2642 Sebastianus
1090 2594 1136 2641 ex
1154 2575 1313 2657 collegio
1336 2584 1371 2639 et
1393 2584 1475 2638 ante
1488 2573 1586 2637 iores

358 2681 542 2763 cujusdam
557 2685 663 2748 amici
676 2683 875 2758 Societatis,
897 2703 978 2750 cum
992 2687 1091 2749 socio
1110 2702 1275 2766 pergens
1296 2684 1385 2748 vidit
1400 2683 1584 2747 mulierem

358 2789 559 2869 quamdam,
576 2807 666 2871 quae
682 2793 794 2855 verba
808 2792 898 2856 baec
912 2793 1002 2871 viro,
1018 2793 1056 2855 in
1069 2792 1204 2856 foribus
1218 2793 1326 2855 etiam
1340 2789 1517 2869 existenti,
1534 2789 1584 2852 di·

358 2895 462 2960 cebat
475 2897 488 2924 “
502 2895 698 2977 Vor'quesia
709 2898 863 2962 mattz'na
876 2899 900 2961 l'
911 2899 1032 2962 habete
1042 2897 1153 2962 molto
1163 2897 1238 2961 mal
1248 2899 1365 2960 iirtesa
1375 2915 1399 2960 a
1405 2897 1478 2975 sar
1491 2895 1582 2975 cosi,

359 3020 450 3083 quae
474 3003 583 3066 verba
603 3020 683 3069 cum
701 3004 931 3070 Sebastianus
952 3007 1183 3070 intellexisset
1204 3016 1239 3068 et
1261 3004 1329 3068 sibi
1350 3002 1446 3068 dicta
1467 3013 1586 3085 putas·

360 3290 400 3322 me
416 3277 561 3332 (Leonardo
576 3281 676 3335 Kesael)
691 3283 863 3336 celebrante„
878 3282 994 3337 Harena,
1010 3281 1174 3326 Rireim'sciie
1190 3282 1285 3333 Aleten,
1297 3292 1358 3335 pag.
1376 3281 1422 3331 183.
1437 3287 1525 3325 annot.
1539 3281 1589 3324 2.-

359 3349 395 3393 2⁰
405 3350 519 3407 eiusdem
528 3353 588 3396 annl
601 3351 715 3406 15.·Jan.
726 3364 783 3398 cum
793 3354 852 3398 aliis
868 3354 1012 3409 quindecim
1027 3353 1149 3398 Coloniae
1164 3353 1249 3398 adbuc
1263 3355 1428 3397 versabatur.
1437 3351 1485 3405 Io..
1495 3352 1588 3395 ibid.-

359 3421 395 3466 ³.⁰
406 3424 466 3478 qula
476 3423 613 3478 blezensis
622 3425 656 3470 ibl
666 3427 822 3480 appellatur,
832 3429 865 3472 ab
875 3427 932 3478 ipso
941 3425 1129 3471 Haranortus
1136 3426 1232 3470 dieitur
1240 3427 1267 3469 iu
1274 3424 1477 3480 oppido‘liegeu
1484 3425 1511 3468 iu
1518 3423 1588 3468 Nord

360 3493 477 3539 Brabant
487 3506 520 3539 an
531 3496 577 3540 der
587 3495 682 3550 Maus...
691 3497 770 3548 ibid„
779 3505 868 3542 annot.
877 3498 964 3542 tei-⁰
975 3497 1081 3542 Colonia
1091 3497 1281 3552 Iuaeolstadium
1295 3496 1395 3546 missua.
1406 3495 1534 3540 Viennam
1543 3506 1588 3550 ap·

361 3566 427 3620 pulit
436 3565 471 3610 4.·
480 3567 580 3622 Aprilis
591 3568 705 3623 eiusdem
716 3570 777 3613 anui
789 3569 848 3613 1552.
860 3569 904 3614 ln..
918 3569 992 3618 ibid..
1000 3580 1061 3624 pap.
1073 3567 1182 3613 rsa-59
1193 3575 1254 3613 ante
1265 3573 1394 3612 aestatem
1403 3566 1518 3622 ejusdem
1527 3567 1588 3610 anni

361 3636 467 3683 Rumam
483 3639 585 3684 miaaua.
599 3637 646 3693 In..
662 3639 736 3694 ibid„
751 3651 811 3695 pap.
827 3640 941 3685 loa-o?
955 3640 1038 3685 Roma
1051 3640 1200 3695 Auzublum
1215 3639 1349 3694 protectur
1362 3645 1403 3682 eat
1414 3639 1449 3683 1.·
1459 3637 1587 3683 Octobris.

361 3709 453 3765 supra,
463 3716 482 3755 t.
491 3721 518 3764 ιι,
530 3721 588 3765 ρας.
599 3711 647 3764 441,
663 3719 750 3756 annot.
762 3711 783 3766 ὃς
800 3711 914 3766 Hirsuta,
930 3712 1005 3765 ibid„
1017 3723 1078 3766 pag.
1093 3711 1206 3756 toa-75⁸
1220 3722 1288 3755 anno
1304 3711 1363 3764 1554,
1378 3710 1515 3765 Eugubino
1529 3709 1588 3754 Col·

359 3783 453 3837 lepiolo
463 3783 597 3834 dissoluto,
607 3783 710 3826 clvltati
721 3784 847 3828 valedixit
858 3785 910 3828 alio
921 3783 1083 3834 (Bononiam)
1092 3795 1121 3826 se
1136 3783 1281 3827 conterens.
1291 3780 1384 3837 Supra,
1399 3788 1419 3826 t.
1431 3792 1467 3834 rr,
1483 3791 1543 3836 paz.
1552 3781 1590 3830 tot

359 3861 387 3899 et
399 3853 518 3898 Litterae
527 3853 759 3907 Quadrimesires,
769 3862 788 3900 t.
799 3866 835 3908 ιιι,
847 3867 906 3911 pag.
918 3855 1030 3900 tit-89
1041 3855 1146 3900 tandem
1156 3854 1287 3899 Bononiae
1296 3864 1364 3898 auno
1373 3853 1425 3898 1555
1432 3855 1514 3897 lector
1521 3861 1587 3905 erat,

359 3927 467 3981 eglogas
485 3937 502 3970 a
516 3927 604 3980 pueris
620 3927 770 3972 recitandae
785 3927 948 3976 conficiebat.
963 3935 1011 3972 etc.
1029 3927 1122 3982 Supra,
1138 3936 1158 3970 t.
1169 3939 1194 3980 v,
1207 3938 1268 3981 pag.
1283 3925 1323 3969 tao
1337 3933 1364 3968 et
1378 3936 1440 3980 aeq„
1456 3924 1551 3969 nu.338
1561 3933 1588 3968 et

359 3997 518 4052 aeq-Unda
529 3999 608 4053 igitur
620 3998 736 4054 idemque
747 4007 785 4044 est
797 4001 839 4056 qul
855 4012 871 4045 a
888 3999 1000 4044 Polunco
1013 3999 1170 4043 describitur
1181 4003 1207 4042 et
1223 4009 1239 4042 a
1255 3997 1367 4043 lianseu.
1384 3997 1421 4040 At
1436 3997 1477 4040 cui
1496 3997 1590 4041 borum
1618 3994 1622 4000 ’

359 4069 572 4126 suffragabimur?
582 4068 702 4124 Polancu,
712 4071 754 4126 qul
765 4082 823 4116 eum
833 4073 937 4117 natione
945 4072 1058 4126 galium,
1066 4071 1218 4126 cognomine
1225 4069 1397 4123 braguensem
1407 4069 1518 4122 dicit,au
1525 4078 1589 4113 vero

360 4141 473 4194 Hansen,
480 4141 521 4186 cul
532 4152 672 4196 cognomen
682 4143 798 4196 ignotum
809 4151 857 4196 est,
868 4143 963 4198 quique
973 4154 1031 4187 eum
1038 4144 1128 4198 putria
1138 4141 1311 4194 augiensem
1321 4151 1352 4184 ac
1362 4139 1469 4195 proinde
1484 4140 1589 4184 natione

362 4211 532 4257 brabantum
545 4213 620 4258 iacit?
631 4213 684 4258 Noa
693 4219 765 4258 certo
775 4215 847 4259 litem
857 4215 979 4260 dirimere
990 4225 1041 4258 nou
1050 4215 1182 4268 audemus;
1193 4214 1371 4258 existimamus
1381 4219 1467 4256 tamen
1482 4211 1591 4266 propius

360 4285 395 4330 ad
408 4295 496 4330 verum
507 4285 632 4330 accedere
642 4285 755 4330 Heuaen.

400 4356 407 4389 Ι
438 4355 655 4411 Pa3.17⁹,n.657.

400 4427 411 4460 ¹
439 4427 656 4481 Paoe.178,u.653.

401 4499 412 4531 ³
440 4499 743 4550 scillcet,Sebastlunus.

402 4577 413 4604 ⁴
440 4569 651 4624 nequicquam.

399 4641 412 4674 ὅ
441 4641 499 4688 Vox
509 4644 584 4697 baec,
595 4645 620 4689 lu
631 4654 677 4688 rua.
689 4643 808 4699 incoepta
817 4643 896 4687 scribi
906 4647 934 4685 et
944 4641 1039 4696 deleta,
1050 4640 1212 4687 restituenda
1221 4639 1334 4694 videtur,
1346 4646 1374 4684 ut
1386 4639 1500 4685 lecimus.
