3642 5350
811 467 874 526 Au.
896 467 967 526 1⁵56
1447 466 1505 527 583

265 629 387 692 cursu,
403 613 498 694 quod
514 614 645 678 accidit
662 613 793 695 partim
813 612 858 676 ob
880 612 1008 676 domus
1029 612 1231 692 angustias,
1253 611 1384 692 partim
1408 611 1504 692 quod

266 721 413 800 regulae
437 719 538 799 illae,
570 720 613 785 de
641 720 865 785 consessione
891 719 1042 799 singulis
1068 719 1250 783 mensibus
1274 717 1502 794 instituenda,

266 824 377 890 durae
394 827 527 906 multis,
547 837 664 892 aetate
681 826 689 858 ¹
705 826 1002 908 provectioribus,
1016 822 1242 890 videbantur.
1257 823 1407 889 Centum
1420 826 1502 906 plus

267 933 384 998 minus
398 935 513 998 relicti
526 945 622 1012 sunt,
639 945 674 999 et
688 934 831 1016 quidem
847 951 892 998 ex
910 933 1113 1014 praecipuis
1132 931 1208 1012 ejus
1226 932 1323 996 urbis
1343 931 1501 1012 familiis

266 1051 302 1103 et
317 1040 353 1104 in
368 1041 420 1104 eis
434 1042 525 1105 satis
543 1041 694 1122 insignis
708 1041 889 1122 prolectas
904 1039 1076 1104 elucebat.

325 1147 416 1211 2519.
460 1147 613 1228 Quidam
628 1167 674 1212 ex
688 1149 915 1213 scholasticis
929 1148 1029 1212 initio
1044 1147 1367 1229 Quadragesimae,
1383 1147 1500 1211 rheto-
1582 1225 1585 1232 Ι

264 1253 361 1316 ricae
387 1255 538 1333 auditor,
565 1257 761 1319 orationem
787 1255 923 1336 habuit,
949 1272 1020 1336 qua
1046 1253 1091 1318 ad
1112 1252 1299 1336 jejunium,
1320 1253 1499 1334 poeniten-

265 1360 364 1439 tiam,
391 1370 426 1425 et
452 1364 651 1427 orationem
671 1364 899 1443 hortabatur,
926 1362 1133 1444 graviorem
1157 1369 1274 1426 aetate
1298 1379 1380 1440 sua,
1407 1377 1500 1442 quae

264 1467 440 1532 decimum
455 1478 594 1532 sextum
611 1487 742 1533 annum
757 1488 828 1534 non
844 1468 1038 1534 excedebat
1051 1469 1075 1528 ¹.

322 1574 413 1638 2520.
457 1575 541 1640 Post
556 1575 694 1641 Pascha
709 1577 816 1641 etiam
829 1577 888 1640 alii
900 1575 1177 1640 declamationes
1189 1574 1350 1656 publicas
1361 1574 1499 1655 aliquot

264 1679 476 1746 habuerunt.
491 1682 652 1747 Graecae
660 1681 918 1764 grammaticae
927 1693 1118 1765 praecepta
1129 1682 1369 1762 superioribus
1381 1681 1496 1745 trade-

262 1787 404 1869 bantur,
419 1799 454 1853 et
472 1789 509 1853 hi
523 1791 751 1871 praesertim,
769 1791 828 1872 qui
842 1790 1042 1854 rhetoricae
1063 1788 1195 1852 dabant
1217 1805 1374 1869 operam,
1390 1787 1496 1868 profi·

264 1895 1495 1979 cerecernebantur,nampueriinterdum,quiquatlrordecimannum

263 2003 400 2081 egressi
415 2020 486 2067 non
509 2015 627 2083 erant,
644 2006 696 2068 sic
718 2004 762 2069 de
781 2005 963 2086 proposito
988 2003 1144 2068 themate
1159 2002 1378 2066 disserebant
1402 2011 1437 2064 et
1456 2000 1494 2064 id

263 2110 542 2190 locupletabant,
565 2121 601 2174 ut
620 2113 726 2192 vigor
746 2122 780 2175 et
803 2110 948 2176 ubertas
971 2110 1106 2190 ingenii
1130 2110 1217 2190 ipsis
1232 2110 1338 2173 etiam
1360 2108 1495 2172 nostris

262 2215 489 2280 admirationi
503 2229 605 2280 esset.
630 2217 908 2298 Quatuordecim
927 2217 1038 2281 exeis
1058 2233 1269 2297 progressus
1284 2232 1435 2296 magnos
1456 2217 1492 2279 in

262 2337 396 2402 graeca
423 2325 543 2403 lingua
564 2325 739 2404 lecerunt,
762 2336 796 2388 et
817 2325 914 2388 circa
936 2324 1106 2388 Natalitia
1121 2323 1230 2401 festa,
1253 2323 1395 2402 dialogo
1410 2340 1492 2404 quo·

262 2431 344 2493 dam
378 2430 499 2494 habito
523 2441 558 2495 et
578 2440 730 2511 quatuor
750 2431 972 2496 orationibus
997 2431 1131 2509 latinis,
1158 2447 1245 2494 suae
1273 2429 1400 2493 indolis
1417 2445 1494 2509 spe-

262 2537 378 2601 cimen
398 2538 649 2619 praebuerunt.
671 2538 709 2602 ln
731 2540 862 2620 pietate
887 2556 974 2601 vero
1000 2555 1043 2601 ac
1066 2539 1176 2601 animi
1200 2537 1370 2619 puritate,
1392 2519 1493 2599 multi

261 2662 384 2710 eorum
399 2646 528 2710 mirum
542 2645 577 2709 iu
594 2645 737 2711 modum
752 2645 1001 2728 proficiebant,
1016 2664 1061 2709 ex
1076 2646 1203 2727 quihus
1222 2661 1313 2709 unus
1332 2641 1392 2709 S.t¹
1411 2643 1492 2708 Hie·

262 2753 414 2833 ronymi,
432 2756 521 2817 alter
536 2752 595 2816 gu
618 2753 810 2833 Augustini
827 2750 1025 2835 [ordinem],
1049 2771 1130 2817 cum
1146 2764 1347 2816 nostrorum
1366 2768 1491 2815 conso-

260 2861 405 2939 latione,
423 2860 575 2940 ingressi
590 2870 683 2923 sunt.

245 2974 250 2983 '
321 2965 414 3031 2521.
457 2968 552 3031 Inter
571 2968 835 3031 confessionum
859 2968 996 3031 fructus
1026 2968 1135 3031 multa
1162 2967 1303 3031 narrari
1332 2974 1490 3046 possent.

157 3062 162 3073 '
262 3072 331 3153 Qui
346 3073 549 3154 duodecim,
567 3076 626 3155 qui
641 3073 910 3155 quatuordecim
924 3074 1043 3152 annis,
1060 3086 1095 3137 et
1109 3074 1188 3137 aliis
1202 3075 1337 3152 multis,
1354 3073 1389 3136 in
1410 3088 1490 3153 pec·

260 3182 351 3245 catis
373 3182 556 3261 vixerant,
578 3184 637 3245 vel
657 3200 700 3245 ea
720 3183 757 3246 in
779 3180 1001 3245 confessione
1021 3181 1212 3260 reticendo,
1233 3182 1291 3245 vel
1312 3198 1333 3243 a
1354 3179 1490 3244 confes·

258 3290 358 3352 sione
373 3289 597 3369 abstinend0,
615 3290 682 3353 hoc
698 3300 923 3354 sacramento
945 3306 967 3351 a
986 3288 1140 3352 Domino
1159 3287 1281 3368 adjuti,
1297 3306 1319 3351 a
1335 3288 1491 3351 tenebris

257 3397 303 3459 ad
318 3398 436 3459 lumen
451 3396 594 3461 divinae
605 3398 744 3476 gratiae
757 3416 778 3459 a
790 3396 944 3460 Domino
955 3397 1100 3461 adducti
1112 3408 1205 3460 sunt.
1218 3396 1291 3460 Alii
1302 3396 1419 3473 etiarn,
1433 3397 1490 3459 sui
1538 3380 1543 3391 ’

257 3503 439 3583 profectus
459 3506 588 3582 gratia,
606 3504 849 3568 consessiones
868 3506 1056 3584 generales
1073 3504 1170 3567 vitae
1188 3504 1298 3566 totius
1315 3502 1486 3566 lecerunt.

317 3610 408 3673 2522.
453 3610 584 3673 Rector
609 3611 715 3674 etiam
744 3612 780 3674 in
809 3627 956 3674 carcere
979 3611 1130 3690 singulis
1154 3610 1277 3673 diebus
1300 3608 1490 3672 dominicis

259 3717 465 3781 concionari
489 3719 676 3798 pergebat,
706 3729 740 3781 et
767 3718 966 3781 inveterata
991 3736 1034 3782 ac
1065 3717 1225 3781 medullis
1253 3716 1489 3798 quorumdam

259 3822 368 3887 infixa
385 3823 466 3887 odia
477 3824 760 3889 remittebantur.
776 3825 817 3889 ln
832 3823 1116 3905 Quadragesima
1136 3825 1242 3888 etiam
1257 3826 1292 3889 in
1311 3824 1391 3887 aliis
1405 3822 1488 3886 duo-

260 3930 326 3994 bus
340 3932 481 4012 templis
496 3931 653 3995 civitatis
667 3943 721 3996 est
741 3932 986 3997 concionatus.

317 4037 411 4102 2523.
454 4038 603 4119 lapago
622 4050 758 4118 autern,
779 4040 923 4103 nornine
937 4039 1104 4102 Bellimar
1119 4048 1141 4117 ⁸,
1160 4039 1218 4102 ubi
1234 4049 1357 4120 postea
1376 4037 1490 4102 Colle-

295 4348 303 4381 ¹
334 4346 379 4392 Me.
391 4350 501 4393 aetatis.

295 4422 306 4451 ³
336 4418 459 4465 Litterae
469 4420 701 4473 Quadrimestres.
710 4430 731 4466 t.
743 4433 780 4477 ιν,
791 4435 850 4479 pag.
862 4424 908 4468 1⁹7.

296 4490 308 4521 ³
338 4490 506 4536 Bellimerum
532 4496 667 4549 appellent
692 4492 814 4539 Litterae
836 4496 1074 4550 Quadrimesms,
1092 4508 1158 4551 quae
1178 4498 1242 4541 haec
1262 4498 1393 4548 referunt,
1413 4505 1431 4543 t.
1452 4509 1488 4550 rr,

254 4572 316 4615 pag.
327 4562 375 4606 198:
387 4564 484 4607 dlcltur
500 4566 580 4610 etlam
595 4566 732 4621 Villium,
743 4567 844 4623 “paguo
861 4579 946 4612 manue
958 4569 1034 4612 leuce
1048 4569 1139 4623 procul
1154 4568 1260 4624 Burgle,
1275 4571 1331 4613 loco
1345 4570 1445 4615 salubri
1461 4578 1489 4613 et

255 4644 380 4689 amoeno,
401 4636 491 4681 multis
508 4637 567 4681 hlnc
586 4648 665 4693 etque
682 4638 742 4683 hinc
759 4640 935 4683 circumdatus
950 4640 1053 4694 pegia„
1074 4638 1228 4695 Saeturnus,
1250 4640 1319 4686 Hist.
1344 4641 1400 4686 Soc.
1421 4640 1494 4699 jes,

255 4716 324 4760 perr.
334 4717 361 4759 u,
372 4708 463 4762 libre,
474 4720 497 4753 n.
511 4708 558 4753 172.
