3642 5350
270 402 276 415 ·
344 386 398 449 188
799 390 928 451 Cuaou.
947 388 1026 452 Soc.
1045 392 1116 466 Jns.

342 552 389 603 cx
404 534 529 599 amicis
542 535 745 616 censebant,
759 546 798 601 ut
809 553 852 601 ea
862 536 1034 617 parocbia
1045 536 1082 601 in
1094 538 1248 618 aliquem
1262 554 1308 601 ex
1318 537 1444 601 amicis
1455 535 1572 602 Socre

344 641 429 705 tatis
443 639 710 722 transferretur,
727 660 799 709 non
819 644 935 709 solum
954 644 1001 707 ad
1019 642 1095 724 ejus
1115 661 1219 709 usum
1238 643 1347 708 libere
1365 644 1573 709 continuan-

343 746 438 826 dum,
455 748 518 811 sed
534 744 596 831 [ut]
612 749 813 830 aliquando,
830 750 861 815 si
875 750 914 815 Ρ.
926 750 1065 829 Ignatio
1076 750 1269 830 videretur,
1281 748 1442 830 Collegio
1451 760 1574 832 posset

270 847 276 859 '
344 854 526 935 applicari.
542 853 612 919 Sed
631 858 794 937 quamvis
809 857 961 923 ecclesia
974 858 1053 937 ipsa
1066 867 1102 922 et
1120 857 1210 921 situs
1228 858 1439 939 probaretur
1458 858 1573 939 (pote-

343 971 400 1025 rat
414 961 508 1027 enirn
525 962 654 1027 vicinis
672 962 833 1029 domibus
852 964 980 1045 emptis
999 964 1174 1042 dilatari),
1194 981 1281 1028 cura
1299 974 1419 1029 tamen
1438 964 1572 1031 anima·

344 1084 424 1135 rum
437 1070 639 1149 multarum,
657 1078 692 1135 et
706 1088 797 1151 quae
813 1072 882 1136 alio
897 1071 960 1135 vix
974 1080 1095 1151 posset
1110 1070 1308 1150 transferri,
1321 1089 1365 1135 ne
1379 1071 1448 1135 hoc
1458 1073 1574 1136 consi·

343 1174 427 1240 lium
442 1176 653 1257 probaretur
667 1194 689 1241 a
703 1175 743 1239 P.
757 1177 906 1257 Ignatio,
922 1176 1051 1241 effecit.
1068 1176 1159 1243 Cum
1173 1189 1292 1255 autem
1307 1178 1433 1242 domus
1448 1187 1574 1243 nostra

345 1280 534 1362 conjuncta
550 1294 644 1349 esset
659 1284 844 1365 ecclesiae,
860 1303 881 1349 a
901 1284 1093 1364 posteriori
1106 1294 1208 1366 parte
1222 1286 1353 1349 ostium
1368 1285 1499 1366 aperiri
1512 1302 1572 1367 po·

344 1398 448 1457 terat.

404 1496 475 1560 688.
518 1496 588 1561 Sed
603 1496 649 1561 ad
663 1498 858 1564 subsidium
872 1497 1025 1566 Senatus
1038 1497 1231 1577 redeundo,
1255 1498 1292 1561 in
1310 1506 1497 1561 numerata
1513 1514 1573 1579 pe·

345 1604 450 1669 cunia
464 1604 721 1686 quinquaginta
736 1623 865 1670 aureos
880 1606 1069 1681 dederunt,
1086 1604 1223 1687 majora
1238 1606 1275 1670 in
1297 1615 1478 1687 posterum
1492 1623 1573 1687 pro-

344 1713 536 1791 mittentem
550 1720 585 1776 et
600 1728 708 1793 agere
723 1712 815 1777 inter
828 1730 868 1777 se
882 1722 1077 1794 coeperunt
1092 1712 1135 1776 de
1150 1712 1361 1794 quibusdam
1374 1712 1571 1794 stipendiis,

346 1836 437 1899 quae
464 1836 509 1882 ex
537 1819 677 1899 publico
712 1820 852 1887 aerario
885 1819 1142 1900 ludimagistris
1170 1819 1368 1899 dabantur,
1402 1818 1572 1884 Societati

344 1934 489 1994 nostrae
504 1926 540 1989 in
555 1934 765 2007 perpetuum
778 1927 1011 2008 applicandis.
1024 1926 1103 1991 Hoc
1117 1936 1238 1991 tamen
1252 1943 1347 1991 anno
1361 1926 1449 1990 nihil
1463 1926 1509 1991 ab
1519 1926 1574 1990 eis

347 2033 499 2113 amplius
514 2030 679 2098 effectum
695 2043 759 2097 est.

404 2138 476 2205 689.
519 2139 606 2203 Erat
627 2138 695 2203 hoc
717 2150 877 2221 ternpore
891 2140 1073 2204 Bononiae
1091 2139 1266 2203 Dominus
1280 2138 1437 2205 Thomas
1449 2138 1572 2215 Lilius‚

279 2292 283 2301 .
345 2246 416 2328 qui,
433 2256 471 2309 ut
485 2255 563 2311 erat
577 2245 749 2311 benevolo
764 2248 883 2311 animo
894 2247 932 2310 in
945 2244 1160 2311 Societatem
1176 2249 1197 2325 ⁸,
1214 2247 1333 2327 aliqua
1347 2246 1451 2326 signa
1465 2246 1575 2311 dabat

346 2353 581 2419 Bononiensis
595 2352 744 2432 Collegii
759 2346 1125 2434 curam'suseipiendi,
1141 2361 1177 2416 et
1192 2353 1332 2417 curavit
1351 2352 1429 2417 lieri
1442 2352 1573 2417 formu·

346 2462 416 2523 lam
432 2458 621 2540 quamdam
633 2460 692 2523 vel
705 2458 821 2524 ideam
833 2460 985 2539 collegii;
999 2468 1034 2523 et
1044 2458 1169 2523 domos
1180 2459 1363 2540 quasdam,
1376 2477 1469 2541 quae
1483 2459 1575 2524 sitae

345 2576 448 2632 erant
463 2584 482 2629 e
495 2566 643 2645 regione
657 2582 813 2645 suarum,
830 2584 948 2632 emere
962 2566 1086 2645 voluit,
1102 2575 1141 2630 ut
1156 2564 1314 2645 Collegio
1328 2577 1474 2647 possent
1492 2566 1573 2631 usui

346 2691 436 2740 essc.
464 2672 509 2743 Et
535 2673 584 2738 ita
612 2675 724 2738 voluit
748 2676 876 2740 domus
902 2673 1201 2754 aedificationem,
1227 2692 1318 2756 quae
1343 2686 1428 2739 tunc
1453 2673 1571 2754 fiebat,

276 2855 279 2865 Ι
347 2780 495 2859 institui,
518 2789 557 2844 ut
578 2781 754 2862 quadrare
773 2791 893 2862 posset
912 2800 995 2848 cnm
1009 2780 1182 2861 aedificio,
1204 2791 1328 2863 postea
1345 2799 1427 2846 cum
1445 2781 1573 2864 emptis
1674 2843 1678 2850 .

346 2888 415 2954 illis
429 2886 781 2968 domibus·faciendo;
795 2889 902 2954 immo
917 2899 952 2954 et
967 2889 1180 2954 deecclesia
1196 2887 1417 2954 aedificanda
1430 2889 1574 2970 agebat,

347 2994 510 3074 quamvis
525 2992 563 3056 P.
578 2992 608 3056 F
609 2994 772 3066 rancisco
787 2995 923 3060 Palmio
938 2997 1090 3078 ecclesia
1101 2995 1328 3061 seductae
1344 2997 1511 3075 placeret.

405 3099 476 3165 690.
520 3099 591 3166 Sed
598 3111 679 3183 post
689 3101 826 3168 Pascha
835 3102 985 3168 Romam
995 3103 1105 3182 venit,
1119 3105 1224 3167 rebus
1235 3102 1386 3182 insectis,
1400 3102 1577 3168 Dominus

347 3206 514 3287 Thomas,
527 3208 740 3273 desiderium
752 3211 860 3273 animi
871 3210 927 3274 sui
938 3209 1145 3290 significans
1155 3210 1199 3273 de
1210 3210 1270 3274 illo
1281 3207 1573 3289 Collegiojuvan·

348 3311 408 3394 (103
423 3321 459 3379 et
473 3315 708 3396 eleemosynis
722 3315 865 3397 quidem
880 3315 1028 3398 adJ‘uvit,
1044 3317 1108 3380 sed
1122 3315 1166 3380 de
1180 3315 1362 3381 dotatione
1379 3316 1468 3380 nihil
1487 3316 1575 3381 certi

348 3420 521 3500 promisit.

407 3525 479 3591 691.
521 3528 607 3610 Ejus
617 3540 735 3595 tamen
748 3547 861 3610 soror,
876 3529 1030 3594 Domina
1043 3529 1240 3609 Margarita
1255 3529 1366 3594 Liliae
1379 3529 1403 3610 ¹,
1415 3548 1487 3594 non
1501 3538 1577 3594 tam

348 3634 532 3715 promissis
543 3653 650 3716 quam
661 3653 700 3700 re
711 3637 790 3718 ipsa
801 3636 999 3716 Collegium
1005 3635 1133 3717 iuvare
1144 3646 1387 3717 proposuerat,
1401 3654 1467 3701 sua
1481 3636 1575 3701 bona

348 3742 382 3805 ei
395 3742 637 3822 relinquendo.
650 3743 731 3809 Fuit
743 3744 778 3808 ni
783 3743 972 3808 hilominus
986 3742 1094 3808 etiam
1106 3752 1189 3806 tunc
1198 3744 1325 3808 domus
1335 3742 1508 3824 quaedam
1523 3744 1573 3808 vi·

348 3849 429 3914 cina
443 3859 563 3930 empta
585 3859 620 3914 et
640 3847 716 3930 ejus
733 3851 913 3932 possessio
932 3857 1092 3931 accepta,
1113 3859 1149 3912 et
1163 3851 1335 3929 paulatim
1347 3849 1576 3915 relectorium

348 3963 383 4020 et
397 3957 532 4036 capella
544 3973 626 4021 cum
640 3957 772 4021 scholis
786 3955 973 4022 aedificata
987 3965 1080 4035 sunt,
1096 3969 1131 4020 et
1145 3955 1182 4019 iu
1197 3955 1429 4021 renovatione
1443 3957 1577 4022 studio-

348 4079 428 4126 rum
457 4063 561 4127 novis
588 4061 662 4143 jam
694 4063 825 4128 scholis
854 4063 910 4128 usi
939 4063 1091 4127 suerunt.
1124 4061 1278 4126 Pretium
1306 4072 1425 4127 autern
1452 4063 1579 4127 domus

349 4178 488 4248 emptae
499 4167 674 4236 Dominus
685 4170 841 4237 Thomas
850 4170 1056 4252 praedictus
1067 4186 1149 4234 cum
1159 4168 1271 4250 ipsius
1281 4169 1392 4233 fratre
1404 4169 1576 4234 dissolvit.

348 4275 436 4342 Erat
455 4285 573 4341 autem
593 4278 825 4344 ducentorum
844 4287 1043 4356 scutorum
1069 4286 1105 4340 et
1128 4276 1197 4340 hoc
1220 4275 1297 4357 ejus
1320 4275 1452 4340 donum
1473 4276 1581 4340 valde

390 4479 399 4514 ¹
428 4480 496 4526 Vide
506 4492 594 4538 cupra,
604 4493 664 4538 pag.
677 4483 723 4536 185,
734 4494 760 4527 u.
769 4482 820 4527 678.

387 4551 400 4584 ¹
430 4553 503 4598 Alias
516 4565 604 4607 saepe,
619 4555 775 4609 praesertim
790 4555 815 4599 111
832 4554 928 4599 Curras
942 4555 976 4598 de
990 4553 1045 4597 San
1060 4551 1180 4606 rgnacro,
1194 4552 1266 4597 dlcra
1279 4549 1425 4607 Margarita
1435 4551 1579 4608 Fantnm,

348 4637 393 4670 nen
404 4624 538 4681 Fantnzzl,
546 4626 588 4670 del
599 4625 698 4681 Gigllo.
