3642 5350
357 433 410 504 108
801 441 929 504 Canon.
954 442 1033 502 Soc.
1057 441 1129 516 Jns.

353 589 460 669 aliqui
475 607 520 652 ex
535 590 587 653 eis
601 590 754 669 logicam
769 590 972 669 audiebant;
991 590 1083 653 inter
1097 605 1186 670 quos
1203 596 1281 653 erat
1294 589 1334 653 P.
1355 588 1576 669 Emmanuel,

352 698 412 778 qui
426 697 508 760 iicet
524 698 755 761 concionator
769 706 873 775 esset,
890 697 972 761 huic
986 696 1103 761 studio
1115 713 1260 777 operam
1272 714 1342 760 non
1358 696 1513 775 dederat3
1531 698 1577 761 ad

353 807 554 885 exemplum
579 804 685 868 etiam
712 804 861 867 aliorum
887 803 926 868 P.
947 803 1077 867 Rector
1096 804 1304 867 lectionibus
1325 804 1382 867 his
1403 803 1578 869 interdum

355 912 495 991 aderat;
526 912 635 976 etita
663 912 816 976 studium
845 912 1047 975 dialectices
1075 920 1263 993 utcumque
1287 910 1426 975 fervere
1449 913 1577 993 coepit,

354 1036 434 1083 cum
455 1020 561 1083 etiam
582 1020 859 1101 disputationum
883 1020 1157 1083 exercitationes
1177 1019 1222 1083 ad
1246 1020 1416 1083 lectiones
1435 1020 1578 1084 accede·

353 1136 442 1191 rent.
466 1128 564 1191 Haec
585 1137 702 1191 tamen
732 1144 818 1208 pars
839 1135 911 1190 tam
932 1136 1069 1207 exacta,
1091 1144 1197 1207 quam
1215 1144 1281 1209 par
1299 1136 1388 1206 erat,
1411 1144 1579 1193 essenon

353 1244 505 1318 poterat,
523 1236 616 1316 quod
631 1253 676 1299 ex
687 1234 907 1299 auditoribus
924 1234 1032 1315 aliqui
1042 1251 1168 1315 parum
1181 1234 1226 1297 ad
1237 1231 1437 1314 hujusmodi
1451 1234 1578 1299 doctri-

353 1360 437 1407 nam
451 1352 568 1407 essent
583 1343 711 1407 idonei.

413 1450 484 1513 382.
529 1450 601 1513 Ars
616 1450 723 1514 etiam
747 1450 903 1513 oratoria
925 1450 1196 1530 praelegebatur
1215 1459 1250 1513 et
1265 1465 1335 1513 una
1350 1466 1396 1513 ex
1414 1450 1578 1514 orationi·

353 1559 420 1623 bus
436 1558 616 1621 Ciceronis
631 1566 710 1638 post
725 1556 960 1621 Partitionum
974 1558 1160 1621 lectionem
1174 1558 1195 1637 '3
1211 1566 1246 1621 et
1260 1557 1343 1621 huic
1358 1558 1464 1622 classi
1475 1556 1579 1621 lectio

358 1665 617 1745 grammaticae
649 1680 802 1742 graecae
830 1674 865 1727 et
897 1664 1019 1727 Plutus
1051 1665 1302 1746 Aristophanis
1334 1664 1577 1729 adhibebatur.

354 1772 506 1836 Praeter
534 1771 600 1834 has
625 1773 759 1835 classes
784 1771 875 1835 duae
901 1772 992 1835 aliae
1012 1772 1196 1836 inferiores
1217 1773 1489 1853 grammaticam
1511 1783 1578 1837 tra-

353 1879 494 1942 debant.

414 1985 486 2049 383.
530 1985 811 2066 prosequebatur
827 1984 877 2066 [P.
899 1984 1088 2067 Oliverius]
1104 1987 1211 2051 etiam
1224 1988 1411 2051 lectionem
1425 1986 1464 2051 Β.
1481 1986 1580 2051 Pauli

355 2095 389 2157 in
405 2095 536 2172 templo
553 2093 739 2157 dominicis
754 2110 796 2155 ac
816 2091 918 2157 sestis
938 2093 1060 2156 diebus
1080 2092 1102 2157 ¹.
1126 2094 1215 2157 Cum
1239 2103 1357 2158 autem
1378 2093 1474 2175 Mag.
1494 2096 1579 2160 Leo·

354 2201 490 2265 nardus
503 2198 515 2231 ⁸
530 2200 723 2279 convaluit,
741 2199 778 2264 P.
796 2198 878 2263 Pisa
892 2199 1145 2264 mathematica
1162 2211 1216 2263 ter
1231 2202 1266 2264 in
1287 2201 1507 2265 hebdomada
1521 2202 1581 2265 do·

353 2325 433 2372 cere
455 2324 648 2387 aggressus
669 2319 733 2370 est.
761 2306 954 2371 Auditores
979 2315 1097 2370 autem
1112 2308 1185 2371 iere
1205 2326 1250 2371 ex
1271 2308 1403 2372 nostris
1424 2318 1527 2374 erant
1544 2309 1581 2373 in

353 2416 530 2496 plerisque
541 2414 761 2478 lectionibus.

412 2522 456 2587 Et
472 2523 560 2586 haec
574 2522 617 2587 de
632 2522 836 2586 Lauretano
848 2522 1007 2601 Collegio
1023 2523 1093 2586 sint
1109 2522 1216 2587 dicta.

678 2949 742 3015 DE
763 2950 991 3018 PERUSINO
1018 2951 1250 3019 COLLEGIO

416 3273 487 3336 384.
532 3273 688 3340 Praeluit
702 3276 807 3340 etiam
823 3275 891 3339 hoc
907 3295 1000 3341 anno
1015 3275 1053 3339 Ρ.
1071 3276 1275 3341 Everardus
1288 3276 1301 3306 ⁴
1315 3277 1397 3340 huic
1412 3275 1581 3357 Collegio‚

356 3381 392 3444 in
408 3399 477 3461 quo
494 3383 605 3445 nostri
621 3383 800 3462 religiose,
818 3392 851 3446 et
867 3393 904 3446 ut
920 3384 1067 3447 decebat
1088 3383 1249 3447 homines
1268 3392 1411 3446 nostrae
1430 3381 1583 3446 Societa-

359 3489 415 3567 tis,
433 3496 467 3551 et
482 3499 562 3568 post
577 3487 692 3553 Patris
706 3489 833 3569 ignatii
852 3491 983 3554 obitum
1002 3491 1155 3554 sensisse
1175 3501 1209 3553 et
1224 3491 1272 3553 illi
1286 3491 1353 3553 sibi
1372 3490 1583 3554 videbantur

361 3613 405 3658 ex
421 3594 495 3675 ejus
510 3596 761 3660 intercessione
776 3598 812 3660 in
828 3598 1019 3661 virtutibus
1032 3598 1232 3678 proiectum
1247 3597 1269 3659 ⁸.
1367 3645 1371 3652 .

412 3703 482 3765 385
528 3703 621 3767 Obiit
637 3723 680 3768 ex
692 3705 822 3768 nostris
838 3722 940 3782 unus,
956 3705 1112 3788 Joannes
1132 3705 1334 3785 Rodriguez
1353 3706 1506 3785 nomine,
1523 3706 1583 3786 qui

359 3827 440 3874 cum
452 3811 552 3874 miles
564 3822 656 3874 esset
669 3811 829 3892 Neapoli,
840 3813 971 3876 Christi
982 3813 1143 3876 militiam
1154 3812 1248 3875 virili
1261 3813 1379 3876 animo
1391 3829 1584 3893 aggressus

355 3929 420 3996 est,
437 3920 497 3998 qui
512 3928 586 3982 tam
603 3919 751 3982 libenter
766 3937 810 3982 ex
825 3921 892 3983 hac
906 3921 981 3984 vita
997 3921 1171 4000 discessit,
1189 3929 1311 3984 utnon
1332 3922 1445 3985 solum
1460 3922 1583 3985 mortis

394 4197 403 4229 Ι
432 4197 478 4240 lis.
491 4193 570 4241 hnbe't
579 4201 641 4252 post
649 4199 804 4253 portionum
815 4197 966 4250 lectionem,
975 4199 1021 4242 sed
1030 4197 1171 4243 verisimile
1183 4205 1223 4242 est
1232 4199 1277 4252 egl
1287 4199 1330 4242 hic
1340 4195 1382 4242 De
1391 4209 1583 4243 rnnrrrronrsus

355 4279 488 4312 aaaronus
498 4269 530 4313 M.
543 4269 687 4321 creatoris.
700 4269 792 4325 quibus
802 4270 941 4324 explicatis
950 4270 1105 4314 succedebat
1114 4270 1255 4324 praelectio
1267 4268 1395 4315 oratoris.

394 4341 405 4372 ¹
433 4341 500 4384 Vide
510 4336 596 4396 ¹supra,
607 4353 667 4396 pag.
678 4343 711 4392 91,
723 4354 749 4386 n.
758 4343 809 4386 387.

394 4412 406 4440 i
433 4413 499 4456 Vide
510 4425 598 4468 supra,
618 4414 699 4458 n379.

396 4485 407 4517 ⁴
433 4484 585 4528 Evcrardus
596 4485 876 4529 Mcrcur·lnnus.-Vide
887 4498 975 4540 supra,
986 4494 1005 4531 t.
1014 4501 1039 4538 v.
1050 4499 1110 4542 pag.
1120 4488 1155 4540 61,
1166 4499 1190 4530 n.
1203 4488 1251 4532 129.

394 4557 405 4588 ⁵
433 4555 539 4600 Rectius
550 4557 659 4600 fortasse
671 4557 791 4610 periodus
802 4559 866 4602 haec
878 4559 903 4602 in
914 4560 980 4602 hunc
991 4560 1092 4602 modum
1102 4559 1317 4603 conformaretur:
1333 4559 1372 4602 “in
1389 4568 1439 4612 quo
1455 4557 1536 4602 nostrl
1547 4569 1585 4600 re·

354 4629 453 4683 ilglose.
464 4635 490 4671 et
503 4635 531 4672 ut
542 4628 650 4672 decebat
661 4629 774 4672 homines
793 4636 898 4674 nostrae
914 4629 1060 4684 societatis,
1077 4630 1162 4674 Patris
1173 4630 1269 4684 ignatii
1285 4631 1383 4674 0111111111
1398 4630 1543 4682 senserunt3
1556 4635 1584 4672 et

354 4701 501 4758 pontillum,
512 4701 623 4744 sensisse
632 4706 656 4743 et
667 4701 703 4744 iili
714 4701 762 4744 sihi
775 4702 928 4748 videbantur
936 4714 968 4745 ex
976 4705 1030 4759 ejus
1038 4702 1222 4748 intercessione
1230 4703 1255 4746 111
1264 4703 1406 4747 virtutibus
1415 4701 1583 4757 proiectum...
