3642 5350
771 496 836 557 Art.
857 496 930 559 1556
1408 500 1463 562 693

225 661 236 673 ·
288 640 380 706 2993.
423 640 463 707 ln
482 643 551 708 hac
572 650 691 709 autem
715 644 1004 726 peregrinatione
1029 646 1142 711 nostri
1166 645 1202 709 in
1225 645 1458 728 hospitalibus

229 750 462 831 diverterunt,
479 759 514 815 et
529 750 638 833 aliqui
653 752 918 835 eleemosynam
932 753 978 817 ad
992 754 1126 818 victum
1138 754 1372 835 emendicare,
1386 755 1456 833 alii,

230 858 325 941 quod
336 858 560 924 abundanter
575 859 776 940 offerretur,
793 861 900 925 etiam
916 860 1056 925 oblatas
1069 878 1237 927 recusare
1247 861 1455 928 debuerunt.

290 965 383 1031 2994.
426 966 465 1031 ln
478 966 558 1049 ipsa
573 967 659 1032 urbe
674 976 749 1031 tota
762 967 836 1032 sere
852 968 920 1032 hac
935 977 1071 1034 aestate
1085 969 1121 1034 in
1137 969 1366 1035 concionibus
1379 987 1455 1051 per·

231 1075 468 1138 severandum
489 1073 555 1139 suit
577 1075 614 1138 in
636 1074 866 1140 exhortandis
886 1074 1073 1141 ditioribus
1093 1076 1138 1141 ad
1162 1094 1358 1158 pauperum
1376 1077 1454 1143 sub·

230 1182 444 1261 ventionem;
461 1191 496 1246 et
514 1183 603 1247 satis
617 1198 749 1263 magna
769 1200 851 1249 cum
865 1184 1040 1249 charitate
1055 1183 1248 1265 parochiae
1262 1184 1386 1249 variae
1401 1184 1455 1249 sui

229 1288 410 1355 districtus
424 1306 600 1371 pauperes
609 1289 789 1371 iuvandos
803 1301 1049 1373 susceperunt.

286 1397 378 1461 2995.
421 1397 510 1463 Cum
525 1398 632 1462 etiam
645 1400 682 1463 in
697 1398 933 1480 hospitalibus
946 1401 1015 1464 hoc
1031 1400 1188 1466 subsidio
1210 1415 1386 1482 pauperes
1405 1401 1453 1465 in·

225 1504 398 1587 digerent,
417 1506 556 1587 aliquae
571 1505 702 1571 ibidem
716 1508 907 1572 conciones
921 1508 1063 1572 habitae
1078 1516 1172 1588 sunt;
1192 1517 1228 1573 et
1242 1507 1373 1573 accidit
1392 1507 1453 1571 ali·

226 1612 381 1696 quando,
397 1623 436 1679 ut
450 1613 493 1679 de
509 1631 604 1693 cera,
621 1615 699 1679 oleo
714 1622 749 1679 et
763 1615 843 1679 aliis
854 1616 1102 1696 eleemosynis
1115 1624 1287 1698 quantum
1301 1615 1389 1679 satis
1400 1632 1452 1679 es·

227 1729 292 1802 set,
309 1722 429 1789 statim
450 1721 685 1803 hospitalibus
699 1723 975 1803 prospiceretur.
991 1723 1123 1804 Aliqui,
1140 1723 1247 1805 pallia
1263 1722 1389 1804 quibus
1404 1722 1453 1785 in·

227 1829 439 1909 duebantur,
457 1830 516 1895 alii
530 1830 637 1893 etiam
652 1829 827 1912 pugiones
844 1829 888 1895 ad
904 1829 973 1894 hoe
988 1832 1103 1912 ipsum
1117 1830 1300 1895 dederunt.

286 1937 377 2003 2996.
420 1937 509 2002 Cum
533 1938 631 2003 servi
654 1938 837 2020 aethiopes
865 1940 1016 2003 choreas
1046 1939 1219 2021 quasdam
1247 1936 1452 2003 inhonestas

225 2047 413 2125 (zambras
426 2046 569 2127 vocant)
584 2046 765 2128 ducerent,
782 2057 816 2112 et
831 2056 869 2112 ut
884 2049 993 2112 multa
1015 2049 1142 2112 horum
1161 2047 1271 2113 millia
1291 2055 1374 2111 sunt
1392 2045 1451 2110 Hi·

225 2155 327 2236 spali,
344 2155 474 2219 multae
489 2153 644 2219 offensae
658 2154 734 2219 Deo
748 2155 894 2237 fiebant,
912 2166 1082 2220 curarunt
1095 2155 1210 2220 nostri
1223 2164 1262 2220 ut
1277 2154 1344 2219 hoc
1359 2155 1451 2217 male

225 2263 437 2326 collocatum
461 2268 599 2343 tempus
623 2262 659 2326 in
684 2261 900 2327 addiscenda
926 2263 1120 2328 christiana
1145 2260 1318 2341 doctrina,
1344 2278 1451 2343 quam

223 2369 448 2451 ignorabant,
464 2368 708 2447 transferrent;
721 2379 755 2434 et
769 2369 818 2434 ita
834 2371 987 2435 choreae
998 2371 1142 2435 relictae
1154 2378 1248 2448 sunt,
1260 2380 1295 2434 et
1307 2367 1449 2451 quidem

223 2478 331 2543 etiam
344 2485 589 2542 convenerunt
603 2486 642 2543 ut
652 2476 993 2557 confraternitatem,
1007 2478 1207 2543 doctrinam
1218 2476 1449 2542 christianam

223 2585 452 2665 audientium,
463 2584 688 2666 conficerent,
699 2594 733 2649 et
745 2586 938 2650 monitores
950 2594 1056 2667 atque
1067 2594 1277 2651 executores
1288 2583 1450 2663 designa-

222 2704 356 2775 rentur,
374 2693 435 2776 qui
448 2693 728 2774 negligentiores
742 2694 790 2759 ad
804 2712 883 2760 eam
899 2694 1113 2760 audiendam
1128 2693 1356 2759 adducerent.

280 2801 371 2866 2997.
414 2800 506 2882 Quia
520 2810 600 2882 post
613 2799 744 2866 samem
759 2801 872 2866 morbi
886 2803 988 2884 sequi
1002 2803 1127 2882 solent,
1141 2802 1211 2866 hac
1225 2809 1361 2866 aestate
1376 2819 1448 2865 non

177 2940 181 2949 .
222 2910 409 2992 pauciores
423 2925 529 2990 quam
544 2908 580 2973 in
595 2908 878 2989 Quadragesima
897 2909 1088 2975 conciones
1102 2917 1307 2974 nostrorum
1330 2907 1447 2973 audie·

153 3037 158 3044 ·
222 3019 317 3096 bant,
334 3025 368 3080 et
384 3017 615 3096 plurimorum
629 3033 804 3082 annorum
819 3017 1073 3097 confessiones,
1090 3025 1185 3082 metu
1200 3016 1336 3097 mortis,
1353 3024 1447 3095 sunt,

222 3134 260 3190 ut
274 3143 339 3206 par
354 3133 443 3201 erat,
459 3124 598 3204 integre
612 3125 743 3189 factae.

279 3229 369 3296 2998.
413 3229 645 3296 Morientibus
670 3232 777 3296 etiam
797 3233 916 3296 multis
937 3232 1125 3299 adsuerunt
1152 3233 1278 3297 eadem
1298 3241 1448 3314 aestate,

219 3351 254 3407 et
267 3341 358 3406 inter
372 3339 463 3404 alios
477 3348 612 3420 septem
626 3340 684 3404 vel
704 3349 785 3404 octo
805 3340 994 3423 nobilibuS,
1015 3341 1110 3423 quod
1132 3357 1246 3422 genus
1264 3340 1447 3406 hominum

217 3447 382 3514 sanitatis
396 3455 555 3530 tempore
569 3456 773 3512 nostrorum
787 3464 897 3530 opera
912 3466 1039 3529 parum
1054 3449 1104 3512 uti
1118 3447 1268 3528 solebat;
1284 3457 1318 3512 et
1329 3448 1366 3512 in
1377 3448 1446 3513 hoc

219 3556 360 3639 pietatis
375 3555 571 3620 ministerio
585 3573 657 3620 non
672 3565 810 3621 tantum
831 3556 889 3638 qui
913 3556 1168 3632 moriebantur,
1189 3555 1252 3620 sed
1271 3556 1379 3621 etiam
1396 3555 1445 3635 hi,

218 3665 278 3745 qui
290 3662 579 3742 circumstabant,
592 3664 741 3727 multum
753 3663 876 3728 auxilii
889 3673 923 3728 et
935 3663 1190 3728 consolationis
1199 3671 1444 3745 perceperunt.

277 3771 369 3836 2999.
413 3770 502 3836 Cum
530 3789 575 3835 ex
604 3771 826 3852 praescripto
855 3769 893 3834 P.
924 3769 1109 3836 Francisci
1134 3769 1287 3851 Borgiae
1314 3769 1446 3834 Rector

220 3878 324 3962 hujus
334 3877 484 3959 Collegii
495 3877 540 3942 ad
552 3877 671 3942 Duces
684 3877 912 3960 Methymnae
923 3877 1089 3943 Sidoniae
1103 3887 1138 3941 et
1148 3877 1267 3942 Arcus
1279 3894 1317 3942 se
1329 3884 1448 3942 contu·

171 3987 174 3994 '
218 3989 328 4068 lisset,
344 3996 379 4051 et
393 4003 516 4051 eorum
531 4003 574 4050 ac
588 3984 823 4066 quorumdam
838 3985 1115 4050 domesticorum
1130 3984 1371 4050 confessiones
1385 4002 1444 4050 au·

218 4093 339 4175 disset,
357 4094 394 4158 in
407 4091 612 4157 eorumdem
627 4093 734 4158 etiam
749 4093 889 4174 populis
902 4103 956 4157 est
971 4092 1216 4173 concionatus;
1232 4104 1266 4158 et
1281 4110 1376 4158 nova
1390 4111 1444 4158 ra·

217 4203 267 4267 tio
283 4201 531 4281 concionandi,
547 4209 585 4264 ut
605 4199 674 4264 illis
693 4199 892 4282 videbatur,
913 4218 1045 4266 novum
1065 4202 1173 4266 etiam
1191 4200 1345 4266 fructum
1359 4200 1445 4266 rele-

215 4309 317 4374 rebat
338 4307 360 4372 ¹.

276 4413 368 4480 3000.
412 4413 502 4480 Cum
516 4432 698 4480 carcerem
713 4415 882 4481 inviseret
896 4413 1130 4498 Marchenae,
1148 4416 1278 4482 ibidem
1296 4415 1443 4482 incluso·

218 4541 296 4591 rum
311 4522 467 4604 negotia,
483 4540 573 4606 quae
588 4523 798 4604 haerebant,
819 4522 1040 4606 expedienda
1055 4525 1207 4591 curavit.
1225 4524 1296 4590 Alii
1311 4524 1444 4590 Chaze-

256 4748 265 4784 Ι
294 4748 360 4795 Vide
369 4745 456 4807 snpra,
466 4761 490 4800 n.
501 4749 555 4797 2960
565 4755 591 4796 et
598 4749 660 4796 2979:
671 4750 752 4797 ettam
764 4751 886 4798 Litterae
896 4749 1130 4808 Quaartmesms,
1140 4756 1160 4797 t.
1170 4763 1207 4808 tv,
1217 4762 1277 4812 pag.
1286 4750 1335 4797 tta.
