3642 5350
332 308 387 369 lbi
794 308 923 369 Canos.
943 308 1019 369 Soc
1038 308 1111 382 Jas.

332 455 464 519 mundo
478 455 645 519 dedisset.
660 454 730 519 Sed
745 458 852 534 paulo
866 465 948 535 post
962 452 1113 535 profecit
1127 471 1171 517 eo
1185 470 1314 533 usqne,
1330 462 1384 523 ut,
1400 451 1567 514 omnibus

333 561 401 625 Dei
416 562 663 643 providentiae
681 562 900 641 commissis,
917 559 1090 625 Societati
1109 578 1149 623 se
1170 570 1285 624 totum
1302 559 1489 637 resignare
1509 558 1569 621 de·

333 680 507 734 cerneret.

398 776 486 839 1996.
530 774 731 856 Scripserat
749 777 786 839 in
807 776 1018 855 Hispaniam
1043 776 1082 839 P.
1106 774 1357 855 Rrbadeneyra
1381 773 1568 853 postulans

335 885 381 949 ad
395 902 434 948 se
448 900 572 947 omnes
585 883 706 947 Indiae
721 884 859 947 litteras
877 884 1086 962 transmitti,
1107 901 1200 964 quae
1218 881 1325 945 facile
1345 879 1567 959 Antucrpiae

334 990 490 1071 imprimi
508 1000 686 1071 poterant,
709 1000 744 1053 et
764 991 810 1053 ad
830 1007 1001 1069 magnam
1021 989 1305 1054 aedificationem
1325 998 1361 1051 et
1379 987 1567 1050 utilitatem

338 1099 516 1177 publicam
530 1096 567 1160 id
581 1114 765 1161 cessurum
776 1096 978 1177 judicabat;
993 1107 1033 1159 ut
1046 1097 1140 1159 inter
1153 1113 1233 1175 eoS,
1249 1095 1310 1176 qui
1324 1097 1493 1174 gallicam
1505 1094 1569 1157 lin·

338 1221 448 1285 guam
469 1204 647 1283 tenebant,
667 1216 865 1282 cesserant,
887 1222 981 1285 quae
1001 1204 1038 1267 in
1059 1204 1227 1283 gallicam
1244 1204 1403 1282 linguam
1422 1202 1570 1265 Parisiis

338 1329 466 1375 versae
479 1311 632 1374 fuerant.

399 1418 475 1481 1997
480 1467 488 1482 .
530 1416 737 1481 Postulabat
756 1420 864 1481 etiam
884 1419 929 1481 ab
947 1418 1044 1483 Urbe
1062 1418 1107 1481 de
1130 1418 1237 1480 rebus
1255 1415 1444 1480 Societatis
1461 1433 1570 1497 qnae·

334 1542 485 1605 cumque
499 1535 644 1606 possent
659 1526 704 1588 ad
724 1542 763 1589 se
778 1526 884 1601 mitti,
900 1527 996 1605 quod
1015 1524 1080 1587 Dr.
1102 1524 1259 1607 Joannes
1281 1523 1388 1601 Paez,
1404 1524 1568 1587 historio·

335 1634 494 1714 graphus
510 1630 737 1712 Imperatoris
752 1632 871 1697 Caroli
890 1632 945 1711 V,
965 1643 1001 1694 et
1016 1630 1184 1695 Societati
1204 1631 1395 1695 admodum
1415 1632 1566 1694 benevo-

337 1742 405 1814 lus,
421 1757 464 1803 ea
479 1756 698 1819 magnopere
713 1740 912 1819 expetebat,
929 1749 967 1802 ut
981 1756 1170 1817 summam,
1182 1739 1258 1802 suis
1270 1738 1370 1814 locis,
1383 1748 1504 1818 posset
1514 1737 1570 1800 hi·

337 1848 470 1911 storiae
484 1864 571 1937 suae
586 1847 756 1909 inserere.

398 1952 487 2015 1998.
530 1951 622 2032 Quia
634 1970 720 2016 vero
732 1964 940 2033 suggestum
950 1952 1112 2018 sueratP.
1130 1952 1413 2033 Ribadeneyrae,
1424 1952 1568 2014 nomine

337 2060 375 2124 P.
397 2060 542 2140 lgnatii,
564 2069 603 2123 ut
627 2059 764 2124 videret
787 2078 872 2123 num
891 2061 1011 2141 potius
1030 2062 1215 2141 expediret
1232 2059 1385 2124 Lovanii
1409 2058 1567 2122 residere

336 2185 443 2247 quam
458 2168 493 2231 in
509 2167 609 2231 curia
623 2166 744 2245 Regis,
758 2178 796 2230 ut
807 2167 888 2230 inde
905 2172 1018 2230 bonus
1028 2169 1117 2231 odor
1131 2167 1177 2230 ad
1191 2168 1328 2230 curiam
1342 2167 1569 2246 pervenienS,

337 2286 460 2338 nostra
485 2274 630 2352 negotia
654 2274 816 2338 faciliora
836 2274 1017 2351 redderet,
1037 2292 1121 2337 nam
1141 2289 1177 2338 et
1196 2275 1287 2337 hacc
1300 2284 1380 2337 crat
1393 2274 1569 2337 sententia

338 2381 483 2446 Domini
512 2379 629 2445 Alexii
652 2380 853 2459 Fontanae;
879 2382 1079 2461 respondit,
1106 2383 1137 2445 si
1162 2382 1232 2445 illis
1256 2382 1292 2444 in
1315 2382 1404 2443 locis
1428 2380 1570 2443 adesset

337 2488 376 2551 Ρ.
403 2487 579 2567 IgnatiuS,
602 2487 636 2551 id
658 2488 802 2551 minime
824 2504 1025 2565 censurum;
1041 2506 1107 2551 nec
1128 2490 1223 2551 enim
1243 2486 1415 2567 ejusmodi
1435 2495 1512 2549 erat
1525 2503 1571 2548 ea

337 2595 454 2671 curia,
470 2612 562 2675 quae
576 2594 680 2657 bonis
699 2594 868 2657 odoribus
882 2606 1103 2672 moveretur,
1119 2596 1229 2658 immo
1249 2613 1315 2658 nec
1330 2593 1422 2657 sorte
1435 2592 1569 2675 sapori·

337 2703 420 2782 bus,
443 2704 503 2783 qui
526 2704 646 2782 palato
661 2703 894 2782 quorumdam
908 2721 955 2766 ex
968 2704 1035 2781 εἰς,
1052 2705 1113 2784 qui
1128 2705 1164 2766 iu
1178 2703 1429 2783 gubernaculis
1448 2719 1570 2765 versa·

336 2811 477 2888 bantur,
493 2809 612 2887 gustui
627 2821 744 2873 essent
761 2808 783 2887 ι;
799 2821 834 2873 et
849 2807 978 2873 Comes
991 2810 1118 2874 Feriae
1132 2810 1322 2890 aliquando
1336 2809 1570 2888 reprehende-

337 2927 393 2980 rat
407 2916 555 2981 nimium
573 2916 787 2980 desiderium
809 2914 847 2978 P.
870 2916 1159 2998 Ribadeneyrae,
1180 2917 1275 2997 quod
1296 2917 1341 2980 ad
1362 2916 1570 2996 praedican-

337 3024 421 3088 dum
434 3023 585 3086 Lovanii
598 3022 788 3102 ferebatur,
801 3034 835 3086 et
847 3022 994 3102 majoris
1004 3025 1175 3087 momenti
1185 3040 1264 3087 esse
1276 3035 1437 3087 censeret
1448 3025 1569 3088 curiae

337 3129 444 3194 rebus
463 3129 643 3192 assistere.

401 3235 488 3298 1999.
532 3235 576 3300 Et
598 3245 694 3299 certe
715 3237 752 3300 id
772 3240 1000 3302 emolumenti
1021 3249 1228 3319 perceptum
1249 3248 1315 3316 est,
1336 3253 1374 3301 ut
1389 3240 1570 3301 hominum

338 3343 482 3423 ingenia
497 3352 532 3405 et
552 3345 808 3422 propensiones
827 3363 868 3408 ea
889 3345 926 3408 in
947 3347 1047 3409 curia
1069 3355 1388 3429 cognoscerentur,
1404 3345 1570 3425 quamvis

339 3449 471 3531 alioqui
489 3450 626 3513 curiam
645 3453 893 3530 purgatorium
912 3471 990 3517 esse
1010 3453 1049 3516 P.
1070 3452 1320 3534 Ribadeneyra
1334 3453 1433 3534 prius
1450 3453 1571 3516 existi·

340 3565 514 3636 mavcrat,
532 3567 567 3619 et
581 3575 645 3637 pro
659 3569 743 3620 tunc
759 3558 934 3623 infernum
949 3561 1067 3640 potius
1082 3562 1265 3624 censebat.

397 3663 489 3728 2000.
533 3663 650 3727 Rediit
675 3663 861 3729 Bruxellas
884 3665 921 3728 P.
947 3666 1164 3745 BernarduS,
1181 3679 1369 3748 postquam
1382 3666 1511 3731 Insulis
1529 3667 1567 3730 in

338 3772 489 3835 ecclesia
512 3769 571 3835 85¹
597 3769 769 3852 Stephani
788 3774 1001 3853 ingratiam
1024 3773 1210 3839 Auditoris
1235 3774 1407 3841 Camerae
1432 3776 1567 3855 regiae,

339 3877 564 3958 Inquisitoris
597 3887 632 3941 et
665 3889 847 3959 pastorum
871 3876 1105 3961 quorumdam
1140 3890 1175 3944 et
1209 3882 1463 3945 canonicorum
1489 3899 1571 3945 cum

340 3986 476 4066 ingenti
501 3985 676 4048 auditorio
698 3986 815 4050 suerat
836 3989 1079 4062 concionatus,
1104 3988 1401 4070 quemadmodum
1429 4000 1465 4054 et
1484 3989 1574 4053 Tor-

340 4093 422 4156 naci
439 4091 463 4154 ¹.

400 4198 492 4263 2001.
535 4201 580 4264 Et
602 4201 685 4281 quia
709 4201 951 4282 indulgentiae
975 4221 1017 4267 eo
1043 4213 1204 4284 tempore
1228 4207 1474 4285 promulgatae
1497 4204 1571 4268 sue·

381 4405 390 4438 ¹
419 4403 587 4450 lintistino
601 4417 650 4450 nec
661 4406 735 4460 sorte
746 4407 900 4463 saporibus,
909 4409 957 4462 qul
971 4409 1064 4463 palato
1078 4409 1258 4463 quorumdam
1273 4411 1424 4465 excisura·
1436 4413 1465 4457 tn
1479 4411 1576 4464 uber·

342 4477 449 4520 natulis
458 4479 649 4530 versabantur,
659 4480 752 4531 gustui
759 4485 860 4534 parum
875 4483 1060 4526 convenirent.

381 4547 393 4580 ⁸
420 4548 487 4594 Vlde
497 4549 619 4595 Litterae
628 4550 859 4606 Quadrimeslres,
867 4557 886 4598 t.
899 4562 935 4606 tv,
942 4565 1004 4609 pag.
1013 4553 1114 4598 402404.
