3642 5350
807 388 868 449 Ax.
893 388 962 451 ¹556
1448 384 1502 446 217

274 550 489 619 magnopere
502 533 810 617 commendabant,
827 553 870 601 ac
884 552 929 600 ne
945 532 1107 617 Argenta
1128 540 1372 598 removeretur
1393 531 1498 597 insta·

275 647 376 725 bant,
392 654 428 709 et
442 644 590 709 consilio
610 643 899 709 adversariorum
913 640 1102 707 Societatis
1122 641 1324 706 scribebant
1339 639 1502 704 effectum

276 760 411 817 esseut
430 749 474 817 de
494 751 531 817 P.
553 752 700 817 Andrea
714 750 795 815 inde
815 750 1031 820 removendo
1053 762 1236 830 ageretur;
1260 756 1300 812 ut
1316 746 1410 829 quod
1431 764 1504 811 non

277 868 498 923 successerat
512 858 621 940 priori
635 858 954 923 contradictionum
968 856 1028 921 via
1044 864 1078 921 et
1092 853 1257 921 fraudum
1274 853 1300 932 ¹,
1315 854 1383 919 hac
1398 852 1503 920 ratio

277 984 337 1045 ne,
354 966 499 1044 scilicet,
516 966 722 1031 removendi
734 963 828 1029 illius
842 963 969 1043 Patris,
987 964 1203 1037 obtinerent;
1220 972 1255 1027 et
1273 962 1326 1029 sic
1340 961 1505 1043 spiritua·

277 1075 347 1137 lem
359 1073 525 1152 fructum,
540 1074 601 1156 qui
615 1082 761 1155 coeptus
776 1073 902 1152 luerat,
919 1089 940 1135 a
955 1070 1126 1135 daemone
1138 1070 1399 1152 impediendum
1413 1066 1505 1134 affir-

278 1179 435 1246 mabant.

335 1286 405 1352 798.
449 1286 518 1353 Sed
540 1288 659 1352 verbis
680 1289 781 1353 bonis
803 1288 855 1352 eis
879 1286 1103 1353 satisfactum
1128 1294 1193 1366 est,
1219 1294 1253 1348 et
1279 1284 1317 1349 P.
1344 1284 1506 1365 Baptista

278 1393 427 1459 Velatus
441 1395 614 1475 vigesima
630 1405 732 1461 sexta
746 1393 959 1460 Novembris
976 1392 1173 1473 Argentum
1189 1393 1363 1474 pervenit,
1379 1390 1506 1469 Roma,

279 1512 317 1567 ut
331 1504 493 1583 superius
507 1501 719 1582 dictumest,
735 1503 865 1568 missus
878 1514 905 1583 ⁸,
922 1503 980 1567 cui
994 1512 1107 1567 status
1127 1516 1244 1565 rerum
1259 1498 1505 1580 temporalium

279 1622 315 1675 ct
329 1611 564 1691 spiritualium
577 1610 699 1676 statim
713 1610 830 1692 coepit
844 1609 950 1674 valde
966 1609 1167 1691 displicere.

339 1716 411 1782 799.
452 1718 633 1801 judicavit
660 1727 778 1783 autem
802 1717 869 1783 sibi
896 1735 918 1781 a
947 1717 1179 1782 concionibus
1206 1710 1507 1797 supersedendum

281 1842 360 1890 esse
373 1842 485 1907 usque
499 1824 545 1889 ad
560 1825 711 1907 primum
720 1843 785 1890 ver
796 1825 880 1910 anni
893 1826 1084 1907 sequentis,
1101 1841 1143 1889 eo
1158 1821 1253 1905 quod
1268 1821 1511 1901 Argentenscs

281 1944 439 2014 tempore
453 1931 640 1997 Adventus
654 1943 689 1998 et
703 1932 1006 2013 Quadragesimae
1021 1948 1124 1997 suum
1143 1930 1429 1995 concionatorem
1450 1926 1511 1989 ha-

281 2040 416 2119 berent,
431 2048 470 2105 ut
484 2039 615 2105 scholis
629 2057 761 2105 vacare
775 2041 900 2105 melius
914 2048 1069 2122 possent,
1087 2038 1132 2103 ad
1147 2054 1237 2119 quas
1251 2036 1288 2100 in
1304 2034 1427 2117 primis
1448 2032 1512 2097 So·

282 2147 394 2212 cletas
407 2164 451 2210 co
465 2146 501 2210 in
514 2146 594 2212 loco
613 2149 815 2227 tenebatur,
836 2156 871 2211 et
891 2148 928 2211 in
947 2147 999 2211 eis
1020 2164 1091 2211 non
1110 2147 1212 2226 plene
1235 2142 1423 2208 videbatur
1444 2139 1512 2205 Ar·

282 2254 513 2335 gentensibus
523 2253 627 2335 J'uxta
641 2255 800 2336 ipsorum
814 2253 1029 2319 desiderium
1043 2250 1221 2317 satisfieri.

341 2360 412 2425 800.
455 2359 744 2426 Confessionibus
758 2362 865 2426 etiam
880 2361 1065 2425 audiendis
1084 2369 1119 2424 et
1141 2358 1269 2423 animis
1289 2356 1513 2422 adversario·

284 2483 363 2532 rum
378 2468 609 2533 conciliandis
621 2486 752 2533 vacare
763 2469 832 2533 hoc
843 2480 1002 2549 tempore
1018 2467 1171 2532 volebat.
1183 2466 1270 2531 Erat
1282 2474 1399 2529 autem
1412 2462 1513 2527 scho-

284 2575 488 2640 lasticorum
508 2592 677 2641 numerus
690 2576 755 2641 sub
777 2576 924 2640 aestatis
941 2576 1045 2640 linem
1059 2574 1260 2654 sexaginta,
1275 2581 1311 2636 et
1327 2570 1435 2653 aliqui
1456 2588 1513 2634 eo·

285 2700 364 2747 rum
377 2691 413 2747 et
426 2683 463 2748 in
477 2684 619 2764 graecis
632 2683 759 2748 litteris
772 2694 808 2748 et
822 2684 858 2747 in
872 2683 1060 2748 rhetoricis
1073 2681 1261 2746 exercendi
1277 2689 1390 2744 erant.
1494 2707 1497 2714 ¹

343 2788 415 2854 801.
456 2789 538 2873 Jam
552 2792 598 2856 ab
611 2791 712 2856 initio
734 2789 839 2873 buius
858 2791 942 2856 anni
964 2790 1137 2872 agebatur
1159 2788 1329 2853 dedomo
1355 2787 1391 2850 in
1412 2801 1515 2850 usum

286 2907 488 2962 nostrorum
502 2898 779 2978 Argentensium
791 2897 952 2978 emenda;
968 2909 1002 2962 et
1017 2897 1100 2979 quia
1115 2897 1208 2960 bona
1223 2911 1305 2960 cum
1320 2896 1426 2960 venia
1441 2893 1514 2958 Du·

286 3005 339 3068 cis
353 3004 548 3086 Collegium
563 3004 644 3071 inde.
658 3007 835 3072 removeri
856 3023 927 3070 non
942 3022 1047 3088 posse
1066 3003 1225 3086 putabat,
1241 3001 1307 3066 sibi
1321 3001 1477 3083 permitti
1492 3018 1513 3064 a

287 3107 326 3176 P.
353 3109 492 3193 ignatio
516 3115 658 3194 petebat
682 3112 706 3193 ³,
733 3124 771 3178 ut
796 3113 979 3195 propriam
1005 3112 1147 3176 domum
1173 3111 1304 3176 nostris
1332 3109 1516 3189 Argentac

287 3219 473 3284 emendam
486 3230 639 3286 curaret.

345 3325 428 3391 802.
459 3326 577 3392 Locus
601 3328 746 3409 quidam
770 3329 924 3393 maxime
950 3327 1098 3393 idoneus
1126 3326 1259 3391 nostris
1286 3325 1515 3402 offerebatur,

288 3434 349 3499 ubi
369 3433 497 3500 domus
516 3446 595 3500 erat
613 3435 748 3516 opt-ima
769 3446 803 3500 et
824 3436 1070 3515 saluberrima,
1095 3445 1129 3499 ct
1152 3434 1303 3498 ecclesia
1323 3432 1397 3513 jam
1419 3431 1516 3496 iacta

288 3559 399 3625 prope
412 3543 578 3624 plateam,
594 3534 822 3608 et‘sexcentis
837 3544 956 3608 aureis
970 3543 1121 3607 obtineri
1137 3551 1287 3624 poterat,
1305 3549 1339 3604 et
1356 3540 1401 3604 ad
1415 3539 1516 3620 quin·

290 3657 417 3730 gentos
437 3648 476 3714 P.
497 3648 705 3715 Pelletarius
725 3669 764 3716 se
785 3650 1010 3722 extendebat.
1034 3661 1080 3731 et,
1103 3651 1135 3714 si
1154 3647 1369 3714 manendum
1391 3647 1516 3712 fuisset

292 3756 485 3838 Argentae,
502 3775 574 3822 non
588 3757 774 3823 videbatur
789 3769 933 3840 propter
953 3768 1094 3823 centum
1114 3773 1242 3822 aureos
1262 3753 1346 3821 talis
1364 3765 1519 3821 commo·

291 3864 382 3929 ditas
397 3863 620 3945 negligenda.
636 3864 706 3930 Sed
720 3865 810 3930 forte
826 3865 908 3947 quia
920 3865 988 3930 Dei
1003 3867 1169 3930 voluntas
1183 3882 1255 3928 non
1266 3873 1343 3928 erat
1354 3862 1518 3926 utnostri

290 3982 562 4055 perseverarent
575 3989 617 4036 eo
632 3973 669 4036 in
683 3975 774 4052 loco,
791 3974 922 4054 emptio
938 3983 1119 4038 transacta
1134 3990 1205 4038 non
1220 3972 1297 4051 luit,
1311 3987 1392 4035 curn
1404 3979 1519 4035 trans·

290 4081 341 4162 igi
358 4079 489 4161 potuit;
508 4074 671 4144 venditor
690 4080 902 4146 sententiam
917 4082 1079 4161 mutavit,
1096 4090 1131 4145 et
1146 4098 1216 4145 non
1236 4079 1306 4144 nisi
1323 4080 1431 4144 multo
1446 4093 1520 4142 ma·

288 4187 356 4270 jori
370 4187 485 4270 pretio
497 4203 578 4252 eam
592 4188 736 4253 domum
746 4188 832 4252 darc
843 4190 998 4270 volebat;
1011 4199 1044 4254 et
1057 4190 1100 4253 de
1112 4190 1181 4253 alia
1197 4189 1258 4274 agi
1272 4196 1437 4269 coeptum
1452 4195 1516 4250 est.

333 4360 342 4392 Ι
370 4357 467 4404 &rum
477 4358 608 4414 videlicet,
619 4359 751 4415 dequibus
762 4366 848 4406 actum
856 4369 895 4407 ast
906 4372 994 4418 supra,
1005 4368 1015 4407 t
1035 4373 1072 4419 tv,
1082 4373 1144 4417 pag.
1154 4361 1181 4406 87
1192 4361 1227 4416 90,
1239 4372 1281 4405 na.
1293 4337 1392 4405 tbtftot

332 4429 345 4463 ⁹
372 4430 663 4487 vineaupramaaato,
673 4443 698 4476 a.
708 4431 759 4476 7³⁹.

334 4501 347 4537 ⁸
372 4503 489 4557 Scilicet,
502 4511 547 4548 aut
562 4501 591 4548 P.
606 4503 726 4548 Andreas
740 4503 928 4559 Bonainsegna,
944 4511 990 4550 aut
1003 4505 1031 4551 P.
1046 4505 1209 4559 Pelletarlus,
1223 4505 1254 4550 dc
1269 4505 1360 4560 qulbus
1378 4503 1454 4559 lulum
1469 4515 1519 4549 uon

295 4577 363 4622 enlm
372 4576 423 4622 lda
432 4575 460 4621 P.
469 4575 570 4631 ignatio
579 4583 669 4632 patero
681 4577 787 4621 valebat
797 4575 909 4630 Joannes
919 4577 1040 4633 Baptista
1052 4577 1148 4633 velati,
1160 4579 1202 4634 qni
1213 4588 1262 4623 noa
1275 4578 1350 4634 priua
1365 4587 1442 4632 quam
1453 4578 1523 4634 ulge-
1572 4586 1574 4592 ’

296 4650 363 4697 sima
370 4656 447 4695 aesta
458 4647 612 4695 Novembris
622 4650 768 4705 argentam
776 4649 923 4705 appulerat.
