3642 5350
376 440 430 503 742
833 440 960 505 Canon.
981 430 1058 504 Soc'.
1078 442 1148 518 Jns.

376 588 539 654 omnibus
554 588 715 654 amabilis
729 598 833 655 esset.
855 588 909 654 Ob
932 598 1150 655 senectutem
1164 598 1283 654 autem
1296 589 1407 670 Regis
1428 598 1463 654 et
1481 589 1610 655 adver·

375 712 453 761 sam
467 694 706 761 valetudinem
721 712 833 779 usque
848 697 938 762 adeo
952 692 1085 763 statum
1099 698 1221 762 curiae
1236 697 1457 762 immutatum
1469 697 1611 763 invenit

375 800 414 867 P.
429 801 633 868 Ludovicus
648 802 844 885 Gonzalez,
861 812 899 869 ut
919 804 964 870 ad
978 804 1120 887 quidvis
1134 822 1216 870 cum
1230 803 1329 885 Rege
1347 803 1608 871 conficiendum

376 911 481 991 longe
496 910 566 975 alia
581 910 640 974 via
655 911 808 978 tenenda
819 909 894 992 jam
908 922 1003 977 esset
1020 929 1127 994 quam
1140 913 1251 994 prius,
1267 928 1349 977 cum
1362 928 1408 976 ex
1422 910 1610 993 Portugal·

376 1016 423 1082 lia
437 1016 635 1098 recederet,
655 1018 760 1082 solita
774 1028 867 1100 erat;
883 1027 918 1084 et
937 1021 1048 1085 multa
1067 1019 1210 1084 cuidam
1231 1018 1393 1084 ministro
1412 1020 1611 1085 committe·

375 1124 522 1204 bantur,
549 1141 630 1189 cum
654 1142 724 1208 quo
746 1143 818 1191 non
832 1124 979 1207 perinde
1003 1137 1110 1208 atque
1134 1126 1218 1191 olim
1239 1142 1321 1191 cum
1342 1126 1440 1205 Rege
1462 1128 1611 1208 negotia

367 1232 534 1312 ‘transigi
547 1240 729 1313 poterant3
745 1242 780 1297 et
795 1233 830 1296 id
844 1234 880 1297 in
903 1250 1014 1298 causa
1033 1232 1143 1298 fuisse
1161 1234 1319 1315 putabat,
1342 1233 1438 1315 quod
1459 1233 1612 1314 Collegii

376 1338 678 1405 Conimbricensis
692 1340 826 1405 reditus
841 1340 1025 1406 constituti
1045 1340 1201 1407 nondum
1222 1350 1357 1421 essent;
1376 1340 1484 1406 immo
1505 1359 1549 1406 ne
1571 1342 1610 1407 id

377 1445 530 1529 quidem,
547 1447 642 1530 quod
655 1447 701 1512 ad
716 1447 914 1529 Collegium
927 1448 1137 1530 pertinebat.

437 1552 528 1618 3213.
573 1554 731 1621 Curabat
745 1565 864 1621 autem
878 1555 955 1637 ipse
977 1566 1015 1622 ut
1036 1556 1181 1638 negotia
1204 1557 1249 1622 ad
1268 1557 1456 1639 pristinum
1477 1564 1610 1621 statum

379 1660 651 1744 reducerentur;
673 1662 750 1745 ipse
772 1673 891 1728 autem
910 1664 949 1729 P.
973 1662 1181 1728 Ludovicus
1201 1664 1399 1730 absentiam
1418 1683 1440 1729 a
1461 1679 1611 1729 romana

378 1767 571 1850 Societate‚
587 1770 669 1834 licet
683 1770 720 1835 in
733 1770 850 1851 patria
865 1780 975 1849 esset,
991 1770 1151 1852 graviter
1164 1771 1313 1838 ferebat.

439 1875 531 1942 3214.
574 1875 694 1943 Dabat
713 1876 889 1943 interdum
916 1896 1062 1961 operam
1086 1878 1333 1960 concionibus,
1360 1889 1396 1943 et
1420 1880 1457 1942 in
1479 1878 1610 1943 hebdo

379 1984 486 2050 mada
502 1992 627 2049 sancta
642 2002 714 2049 non
728 2001 863 2066 paucas
879 1987 1016 2067 habuit,
1033 1996 1068 2051 et
1083 1995 1155 2051 tres
1169 1985 1278 2051 horas
1297 1987 1344 2051 de
1355 1985 1526 2051 Passione
1539 1986 1610 2051 Do

378 2092 463 2158 mini
478 2091 713 2173 praedicavit.
729 2093 857 2159 Visum
871 2104 926 2159 est
940 2083 1058 2158 autem
1073 2092 1112 2159 P.
1128 2092 1344 2160 Provinciali
1359 2103 1398 2159 ut
1408 2092 1563 2158 Eboram
1574 2103 1610 2158 et

378 2199 644 2266 conimbricam
664 2200 965 2283 proficisceretur,
987 2202 1034 2266 ad
1059 2200 1280 2284 quodetiam
1304 2202 1463 2266 romanis
1485 2200 1611 2265 litteris

379 2308 557 2373 animatus
570 2308 705 2389 iuerat,
720 2318 759 2373 ut
773 2307 916 2373 modum
931 2325 975 2373 ac
988 2309 1165 2374 rationem
1179 2306 1369 2373 Societatis
1388 2324 1558 2373 romanae
1572 2307 1611 2372 in

378 2432 421 2481 ea
437 2416 587 2497 collegia
602 2413 799 2493 induceret;
817 2417 956 2498 aliquos
970 2426 1089 2481 tamen
1103 2414 1218 2480 Roma
1240 2417 1347 2497 mitti,
1363 2416 1424 2497 qui
1437 2414 1611 2482 Rectores

380 2533 501 2588 essent
515 2524 746 2604 collegiorum
760 2522 1001 2604 Portugalliae
1015 2523 1195 2605 cupiebat,
1212 2541 1254 2587 eo
1269 2522 1364 2604 quod
1384 2523 1501 2589 nullus
1514 2533 1611 2589 esset

380 2630 418 2698 in
431 2648 474 2697 ea
488 2630 690 2711 Provincia,
704 2632 764 2714 qui
778 2629 1069 2696 consuetudinem
1080 2647 1251 2696 romanae
1262 2629 1450 2697 Societatis
1461 2638 1610 2696 teneret.

440 2739 533 2804 3215.
575 2740 764 2804 Allocutus
778 2748 832 2805 est
853 2739 992 2804 Ducem
1012 2738 1227 2818 Bergantiae
1248 2739 1297 2830 de
1313 2737 1467 2803 Domino
1485 2738 1612 2803 Teuto-

380 2847 457 2928 nio,
473 2846 548 2930 ejus
558 2845 690 2927 fratre,
706 2856 742 2913 et
762 2846 937 2912 Infantem
956 2847 1064 2913 etiam
1079 2845 1270 2911 Dominam
1288 2844 1486 2927 Isabellam,
1502 2846 1615 2927 ipsius

382 2971 555 3035 sororem,
572 2963 608 3020 et
622 2965 768 3037 uterque
783 2954 867 3020 boni
882 2955 1058 3021 consuluit
1073 2954 1167 3036 quod
1182 2973 1204 3019 a
1218 2953 1407 3034 Societate‚
1420 2963 1525 3036 prout
1537 2955 1615 3036 ipse

381 3061 546 3143 optabat,
568 3063 656 3127 liber
681 3063 848 3127 dimissus
867 3072 940 3142 est3
959 3072 995 3127 et
1019 3071 1143 3127 neuter
1165 3079 1288 3127 eorum
1313 3061 1482 3126 Societati
1505 3063 1615 3126 ullam

381 3171 525 3251 culpam
540 3169 782 3250 adscribebat,
804 3187 870 3234 nec
890 3171 966 3251 ipse
984 3169 1063 3234 Rex
1081 3169 1125 3234 de
1144 3169 1204 3234 illo
1227 3169 1419 3251 quidquam
1440 3168 1480 3234 P.
1499 3166 1613 3233 Ludo·

381 3277 463 3341 vico
479 3276 618 3341 locutus
632 3286 702 3358 est,
718 3277 883 3358 quamvis
896 3288 1021 3360 postea
1035 3275 1250 3359 significavit
1273 3276 1340 3341 sibi
1355 3276 1498 3358 probari
1520 3276 1613 3358 quod

382 3383 419 3448 in
434 3381 611 3474 Societate
626 3402 697 3449 non
711 3382 963 3465 retineretur&

441 3489 533 3556 3216.
577 3490 796 3556 Intellectum
807 3501 860 3556 est
871 3490 965 3574 quod
976 3491 1141 3557 doctores
1152 3491 1406 3557 Universitatis
1418 3489 1614 3556 Conimbri-

382 3597 500 3663 censis
514 3595 729 3664 Societatem
744 3598 933 3680 timebant,
954 3616 999 3663 ne
1013 3599 1149 3664 scilicet
1163 3600 1197 3664 ei
1212 3597 1290 3665 Rex
1305 3599 1412 3663 totius
1432 3597 1612 3662 Universi·

383 3705 468 3772 tatis
481 3723 605 3770 curam
620 3705 869 3786 committeret,
885 3705 987 3771 etsie
1001 3724 1093 3772 unns
1112 3725 1235 3772 eorum
1255 3707 1359 3785 dixit,
1375 3704 1614 3786 implendum·

383 3831 461 3878 esse
476 3811 658 3878 decretum
677 3813 890 3894 parisiense,
906 3815 1002 3894 quod
1021 3814 1156 3878 scilicet
1173 3811 1334 3878 Societas
1353 3811 1614 3878 Universitates

382 3930 475 3987 esset
497 3937 686 4000 eversura,
713 3920 808 4002 quod
834 3935 915 3984 curn
943 3920 1101 4001 Reginae
1126 3920 1304 3985 retulisset
1329 3917 1367 3984 P.
1395 3917 1613 3998 Ludovicus,

382 4029 570 4093 subridens
582 4014 653 4104 illa,
663 4028 752 4094 dixit
766 4027 860 4092 “fieri
871 4045 975 4110 posse
986 4038 1025 4092 ut
1035 4027 1085 4091 illi
1096 4029 1359 4109 proplectarent
1369 4024 1394 4105 ⁸,
1403 4036 1439 4091 et
1449 4036 1489 4091 ut
1498 4025 1614 4091 Socie

384 4145 439 4201 tas
460 4145 584 4201 nostra
599 4145 672 4201 tam
693 4136 838 4216 egregie
857 4150 896 4199 se
915 4144 1074 4215 gereret,
1091 4144 1130 4199 ut
1147 4133 1226 4200 Rex
1245 4133 1313 4216 ipsi
1332 4142 1445 4199 totam
1466 4132 1615 4199 Univer-

384 4243 499 4308 sitatis
511 4261 636 4308 curam
658 4243 924 4320 committeret„

424 4415 434 4448 ¹
462 4412 531 4458 Vide
540 4413 636 4458 carras
646 4413 680 4458 de
691 4413 745 4457 Son
756 4413 875 4467 ignatio,
884 4420 902 4458 t.
912 4421 951 4467 ru,
962 4423 1023 4467 pag.
1033 4411 1081 4467 163,
1097 4419 1184 4457 annot.
1200 4413 1227 4462 2.
1242 4413 1284 4457 ubl
1301 4412 1383 4456 series
1392 4420 1511 4457 aetorum
1520 4412 1547 4456 ln
1560 4410 1616 4465 elue

383 4495 463 4530 causa
473 4495 504 4530 ac
513 4485 662 4530 dimissione
671 4491 803 4540 narratur,
814 4492 841 4529 et
852 4484 877 4530 iu
888 4484 944 4540 ipso
954 4494 1040 4540 opere,
1056 4489 1075 4530 t.
1087 4493 1123 4538 vr,
1138 4495 1199 4539 pag.
1211 4483 1248 4538 ³6,
1263 4489 1350 4529 annot.
1364 4483 1387 4529 2.
1403 4483 1442 4529 De
1452 4484 1543 4531 eodem
1556 4485 1615 4530 viro

383 4563 503 4602 recurret
512 4567 605 4612 sermo,
616 4557 692 4610 inira,
704 4568 728 4601 n.
737 4557 801 4600 8214.

424 4628 436 4661 ⁸
462 4627 509 4674 Mt·
521 4629 730 4683 inrmpleadum.

424 4697 436 4732 ⁸
464 4697 516 4755 Sic;
527 4699 655 4756 apoplexi
664 4699 882 4755 corriperentur?
