3642 5350
373 395 410 456 36
783 385 788 393 ’
833 395 961 456 Canon.
982 393 1058 454 Soc.
1078 397 1148 471 Jas.

375 542 467 621 dam,
496 541 653 620 Collegio
680 539 859 620 donatam,
887 553 1078 606 curaverat
1098 544 1132 618 ¹).
1163 542 1376 606 Admonitus
1395 551 1512 606 tamen
1539 541 1604 606 fuit

375 657 493 712 aerem
518 648 615 710 illum
641 648 776 711 aestivo
797 659 954 729 tempore
979 649 1195 713 insalubrem
1217 667 1312 728 esse,
1342 646 1467 713 domus
1495 649 1602 713 etiam

372 771 494 818 muros
518 771 588 818 non
611 755 711 834 plene
736 755 936 819 exsiccatos
960 772 1054 834 esse,
1076 756 1171 837 quod
1188 755 1292 819 facile
1311 757 1361 819 illi
1386 756 1598 835 sentiebant,

373 863 433 943 qui
447 861 602 924 exterius
622 861 820 924 cubiculum
842 862 1001 927 clausum
1026 861 1325 942 ingrediebantur.
1346 861 1519 942 Quamvis
1541 881 1601 928 au·

372 977 443 1032 tem
459 968 533 1048 ipse
548 969 644 1030 vitae
659 968 863 1049 temporalis
878 979 1016 1032 amator
1035 987 1106 1032 non
1125 979 1228 1046 esset,
1252 969 1361 1033 immo
1383 970 1523 1049 magnis
1543 969 1600 1033 de·

371 1075 510 1139 sideriis
525 1075 569 1138 ad
585 1083 766 1138 aeternam
781 1076 950 1139 continuo
966 1076 1151 1156 aspiraret,
1168 1078 1301 1156 placuit
1321 1077 1354 1140 ei
1368 1087 1488 1140 tamen
1502 1078 1597 1157 quod

372 1183 528 1246 medicus
544 1182 796 1262 consuleretur,
819 1191 853 1246 et
868 1181 933 1245 Dr.
950 1182 1154 1246 Alexander
1168 1182 1211 1246 de
1227 1183 1344 1247 Civita
1365 1182 1377 1214 ¹
1398 1183 1435 1247 in
1456 1183 1599 1247 domum

371 1291 468 1353 illam
482 1289 639 1367 veniens,
657 1289 819 1352 omnibus
834 1291 1068 1370 perlustratis,
1086 1291 1360 1371 permittendum
1382 1291 1519 1354 censuit
1534 1290 1599 1355 Pa·

370 1398 416 1461 tri
431 1391 568 1476 ignatio
583 1404 620 1458 ut
635 1397 764 1460 ibidem
780 1407 949 1471 maneret,
967 1415 1047 1460 cum
1062 1415 1104 1460 ea
1119 1395 1307 1460 solitudine
1327 1415 1407 1461 eum
1429 1399 1600 1461 delectari

371 1505 525 1582 videret;
547 1503 608 1566 sed
629 1521 710 1566 cum
731 1504 767 1566 in
789 1504 865 1567 dies
887 1503 1036 1567 debilior
1056 1503 1278 1582 redderetur,
1302 1504 1452 1568 Romam
1468 1505 1513 1568 ad
1527 1504 1599 1569 Do·

371 1628 467 1674 mum
483 1619 642 1674 nostram
656 1611 776 1674 rediit:
794 1620 828 1675 et
844 1611 1006 1691 quamvis
1021 1610 1145 1673 debilis
1164 1621 1240 1674 erat
1260 1628 1325 1674 nec
1347 1612 1433 1675 liber
1455 1613 1598 1676 omnino

370 1737 392 1780 a
418 1718 506 1782 iebri
530 1717 733 1796 videbatur,
754 1718 811 1780 die
831 1719 1015 1797 trigesima
1033 1717 1115 1800 Julii
1134 1729 1215 1798 post
1234 1718 1427 1796 meridiem,
1449 1728 1599 1784 mortem

372 1826 440 1889 sibi
454 1825 610 1889 vicinam
626 1823 815 1888 admodum
830 1827 997 1901 sentiens,
1015 1823 1252 1890 Secretarium
1267 1825 1487 1905 praedictum
1502 1827 1597 1890 adse

373 1935 529 2007 vocavit,
546 1947 580 1996 et
596 1933 671 1995 sine
687 1929 855 1995 arbitris³
874 1933 907 1994 ei
927 1933 1016 1994 (lixit
1036 1949 1074 1994 se
1095 1932 1141 1995 ad
1160 1919 1358 1995 extremum
1377 1931 1482 2014 hujus
1500 1951 1597 2014 pere·

372 2040 583 2119 grinationis
598 2039 691 2102 diem
707 2039 888 2118 accedere,
905 2047 940 2101 et
959 2037 1109 2118 iniunxit
1131 2049 1168 2101 ut
1187 2037 1372 2102 Summum
1391 2038 1598 2104 Pontificem

371 2147 491 2210 statim
507 2146 620 2210 adiret
635 2156 670 2208 et
685 2146 729 2209 ab
745 2163 787 2209 eo
802 2145 1083 2210 benedictionem
1098 2163 1162 2208 suo
1178 2147 1318 2209 nomine
1340 2154 1475 2226 peteret
1494 2155 1529 2211 et
1547 2150 1596 2210 in·

371 2254 599 2333 dulgentiam,
617 2263 654 2316 ut
670 2253 726 2316 cui
742 2271 786 2316 ex
801 2253 868 2316 hac
883 2252 959 2315 vita
978 2252 1077 2315 brevi
1092 2253 1317 2331 migrandum
1337 2264 1441 2330 esset,
1464 2253 1597 2318 addens

370 2360 558 2424 Societatis
572 2370 715 2422 nostrae
731 2359 1089 2438 commendationem;
1106 2368 1140 2421 et
1156 2360 1187 2421 si
1202 2377 1222 2420 a
1237 2357 1402 2437 Domino,
1422 2371 1459 2422 ut
1478 2377 1594 2440 spera·

371 2469 441 2545 bat,
459 2467 504 2529 ad
520 2484 599 2530 eum
615 2468 730 2530 locum
752 2465 1001 2543 deduceretur,
1023 2464 1147 2544 inquo
1170 2474 1314 2545 possent
1336 2465 1446 2545 ipsius
1468 2467 1595 2530 oratio·

370 2592 433 2638 nes
448 2574 581 2654 aliquid
596 2573 689 2653 apud
705 2573 863 2636 divinam
878 2573 1059 2654 pietatem,
1074 2589 1124 2650 se,
1146 2573 1242 2653 quod
1263 2573 1300 2634 in
1320 2573 1388 2635 hac
1411 2575 1485 2636 vita
1505 2573 1593 2638 fece·

370 2694 436 2759 rat,
453 2700 517 2761 pro
533 2682 609 2761 ipso
624 2678 791 2744 Pontifice
807 2680 1000 2761 impensius
1013 2680 1201 2743 iacturum.

429 2788 479 2851 96.
523 2787 612 2851 Turn
628 2786 859 2866 Secretarius,
877 2788 938 2867 qui
952 2787 1159 2867 saepissime
1179 2787 1214 2850 in
1237 2787 1343 2851 simili
1363 2796 1459 2852 statu
1478 2787 1552 2868 jam
1572 2805 1593 2849 a

370 2896 488 2961 multis
503 2896 606 2959 annis
621 2895 687 2958 sibi
702 2894 888 2957 videbatur
903 2893 941 2957 P.
959 2893 1135 2973 ignatium
1151 2894 1298 2958 vidisse:
1317 2894 1424 2957 “Tam
1444 2898 1592 2973 malene,

369 3002 493 3083 inquit,
522 3000 637 3078 Pater,
662 3013 696 3064 te
717 3002 827 3077 habes
848 3010 887 3063 ut
908 3001 1159 3078 migrationem
1184 3017 1229 3063 ex
1250 3002 1318 3064 hac
1341 3002 1416 3064 vita
1438 3001 1593 3065 vicinam

367 3110 539 3183 sentiasi„
566 3106 658 3171 Nam
681 3107 828 3170 meliora
853 3108 896 3170 de
921 3106 1032 3187 ipsius
1060 3107 1261 3171 valetudine
1289 3109 1466 3188 sperabat.
1493 3107 1523 3171 T
1526 3126 1595 3172 unc

368 3227 490 3296 aperte
507 3216 595 3278 dixit
616 3213 654 3278 P.
677 3215 837 3294 ignatius
859 3232 986 3294 parum
1008 3212 1074 3276 sibi
1096 3214 1287 3278 admodum
1307 3215 1431 3277 deesse
1452 3215 1498 3278 ad
1517 3216 1593 3279 ulti·

367 3342 463 3388 mum
490 3324 651 3404 spiritum
673 3320 920 3399 emittendum;
942 3329 976 3383 et
998 3321 1133 3384 addidit
1155 3331 1193 3384 ut
1215 3340 1236 3384 a
1258 3319 1403 3386 Summo
1425 3321 1594 3387 Pontifice

365 3433 474 3496 etiam
492 3448 556 3511 pro
578 3431 648 3493 alio
667 3447 712 3492 ex
731 3429 863 3492 nostris
884 3426 1035 3491 similem
1058 3428 1337 3492 benedictionem
1358 3438 1392 3492 et
1411 3429 1594 3509 indulgen·

366 3540 452 3603 tiam
464 3536 611 3618 ‘peteret

425 3645 476 3708 97.
518 3643 720 3707 Laborabat
746 3642 839 3705 enim
863 3641 898 3705 in
925 3641 1093 3704 extremis
1117 3643 1242 3706 eodem
1262 3651 1420 3725 tempore
1440 3642 1479 3705 Ρ.
1500 3642 1592 3723 Lay-

366 3770 442 3832 nez,
458 3760 492 3814 et
507 3760 586 3830 post
601 3747 746 3813 biduum
760 3747 951 3811 Extremae
964 3748 1152 3812 Unctionis
1170 3758 1432 3813 sacramentum
1447 3749 1514 3829 ipsi
1530 3751 1591 3813 mi·

365 3861 552 3921 nistratum
578 3864 650 3932 est,
671 3866 706 3917 et
728 3856 777 3917 ita
797 3852 1017 3918 Secretarius
1038 3854 1264 3917 existimabat
1284 3854 1327 3917 de
1349 3855 1408 3917 illo
1431 3854 1469 3919 P.
1490 3854 1592 3936 Igna·

405 4062 414 4095 ¹
441 4061 524 4103 “nella
535 4060 621 4113 vigne,
633 4058 658 4101 dl
669 4058 709 4102 cul
720 4068 787 4101 aves
797 4068 861 4111 poco
871 4058 956 4111 prima
965 4056 1109 4111 provednto
1119 4057 1138 4100 Ι1
1148 4056 1271 4112 Colleglo,
1282 4057 1372 4102 dentre
1386 4058 1404 4101 il
1414 4058 1508 4103 ricinto
1524 4060 1591 4104 delle

349 4144 352 4151 ’
363 4143 445 4185 roura,
455 4132 495 4175 ira
507 4132 529 4174 le
540 4130 631 4173 Terme
642 4132 788 4173 Antoniane
799 4140 813 4171 e
827 4129 852 4173 S.
863 4129 996 4181 Belbina„
1006 4128 1126 4176 Bxurou.
1136 4130 1152 4173 1.
1165 4140 1196 4182 c.,
1208 4130 1253 4173 lib.
1263 4140 1300 4178 rv,
1311 4128 1368 4182 581.

403 4204 415 4235 ⁹
440 4202 603 4245 “Alexander
612 4200 756 4255 Petronius,
766 4201 807 4244 vlr
818 4208 956 4255 praestans
966 4207 992 4244 et
1002 4200 1113 4243 scientia
1121 4200 1236 4244 medendi
1245 4199 1427 4253 clarissimus„
1438 4200 1591 4257 Oecaxorxt,

363 4274 502 4319 Historiae
512 4272 567 4316 Soc.
577 4271 653 4326 Jesu,
665 4285 688 4327 p.
704 4282 721 4327 r,
735 4273 779 4316 llb.
795 4282 848 4317 xvr.
862 4284 886 4315 n.
901 4270 1018 4317 95.-Cur
1028 4277 1115 4315 autem
1131 4272 1173 4315 bic
1188 4272 1373 4325 appelleturde
1389 4270 1478 4317 Clvlta
1491 4274 1536 4324 (de
1552 4276 1591 4319 ct·

363 4345 431 4399 vita)
441 4344 596 4399 ignoramus:
607 4344 674 4387 iorte
685 4344 746 4398 qula
756 4343 877 4387 oriundus
887 4350 944 4386 erat
954 4354 968 4387 e
977 4342 1092 4387 civitate
1101 4342 1251 4387 Castellum
1258 4342 1357 4396 (civita
1371 4343 1542 4399 castellana),
1549 4348 1591 4390 rel

363 4418 416 4462 ella
426 4415 510 4465 simili.
519 4426 551 4458 ex
562 4414 610 4467 his,
621 4426 686 4469 quae
696 4414 785 4459 italice
796 4425 887 4458 nomen
898 4413 985 4457 Clvttd
995 4414 1138 4469 praefixum
1148 4414 1242 4457 ierunt.

402 4488 414 4521 ⁸
441 4488 471 4544 “y
484 4486 608 4530 haelendo
619 4487 683 4529 salir
693 4486 724 4530 de
740 4488 765 4529 la
781 4488 887 4529 camara
903 4488 929 4530 11
943 4486 1088 4529 eniermero
1102 4484 1144 4528 ιΗ.
1160 4484 1227 4538 Juen
1242 4484 1336 4529 Tomas
1348 4484 1518 4542 carnulentia„
1532 4490 1591 4545 lpse

362 4560 490 4604 Polancus
503 4558 599 4602 litteris
618 4556 650 4599 ad
668 4556 695 4601 Ρ.
715 4557 819 4601 Petrum
838 4557 868 4601 de
889 4556 1063 4601 Rivadeneira
1079 4557 1116 4600 1.·
1126 4557 1195 4609 Aug.
1206 4556 1283 4600 (11111.
1295 4555 1433 4603 Cortasde
1443 4558 1498 4603 San
1510 4560 1590 4615 lgna-

360 4632 410 4685 cr'o,
420 4638 438 4676 t.
451 4640 486 4686 vr,
496 4641 555 4685 pag.
567 4628 616 4674 862.
