3642 5350
346 468 399 531 aot
803 470 933 534 Cannu.
952 472 1030 533 Soc.
1051 473 1122 547 Jus.

346 616 460 693 batur;
478 626 513 682 et
527 604 665 698 gratiae
680 620 846 683 eisdema
860 620 991 684 nostris
1003 620 1145 683 habitae
1156 619 1310 697 fuerunt;
1327 627 1455 683 etcum
1466 618 1576 684 omni·

347 723 413 788 bus
426 724 500 789 fere
518 724 724 792 doctoribus
744 727 1023 791 familiaritatem
1044 736 1310 807 contraxerunt3
1327 744 1393 790 nec
1413 727 1464 790 illi
1479 727 1576 807 quid·

347 849 454 913 quam
469 832 612 898 adversi
627 835 753 913 moliri,
771 835 833 899 sed
848 834 966 915 potius
979 832 1103 898 favere
1117 834 1250 898 nostris
1264 833 1488 898 videbantur.

409 939 496 1004 1673.
538 940 694 1022 Populus
729 941 1017 1022 ingolstadiensis
1052 942 1269 1005 moderatior
1303 949 1338 1004 et
1373 940 1575 1018 humanior,

346 1065 453 1131 quam
466 1049 513 1129 „in
538 1049 617 1113 aliis
637 1047 851 1113 Germaniae
871 1048 959 1111 locis
978 1047 1176 1112 videbatur.
1197 1047 1446 1112 Studiosorum
1467 1048 1577 1113 etiam

346 1172 515 1220 numerus
529 1156 575 1220 ad
585 1157 841 1237 septingentos
854 1166 892 1220 ut
902 1155 999 1220 fama
1009 1166 1097 1234 erat,
1110 1156 1342 1219 ascendebat:
1356 1155 1577 1236 professores

347 1263 435 1327 satis
449 1261 573 1328 doctos
587 1264 624 1327 in
638 1266 765 1343 quavis
778 1263 947 1328 facultate
961 1264 1093 1328 habere
1108 1264 1303 1343 dicebatur;
1320 1262 1409 1327 duos
1422 1263 1482 1327 vel
1501 1272 1576 1328 tres

347 1370 568 1452 professores
591 1370 807 1452 theologiae,
829 1382 980 1452 quatuor
995 1372 1031 1435 16
1044 1370 1135 1451 jnre.
1156 1370 1320 1434 nnumin
1340 1369 1577 1452 philosophia;

349 1487 489 1559 praeter
505 1478 595 1543 alios
611 1480 670 1561 qui
685 1479 907 1558 medicinam,
926 1479 1188 1558 mathematica,
1202 1493 1347 1557 graeca,
1364 1487 1400 1541 et
1410 1477 1578 1543 hebraica

348 1594 382 1651 et
395 1586 506 1650 latina
525 1587 790 1667 praelegebant.

410 1693 499 1757 1674.
542 1692 704 1758 Durabat
731 1694 960 1758 etiamnunc
988 1696 1159 1759 memoria
1188 1705 1404 1771 nostrorum,
1431 1694 1490 1775 qui
1515 1695 1577 1758 ali·

349 1800 489 1884 quando
503 1800 711 1881 ingolstadii
726 1800 931 1880 docuerant,
949 1813 984 1866 et
994 1820 1088 1865 novo
1104 1802 1263 1883 Collegio
1278 1802 1576 1867 existimationem

348 1919 384 1974 et
399 1910 648 1974 auctoritatem
662 1910 876 1974 conciliabat
893 1906 914 1973 ¹.

411 2016 498 2080 1675.
541 2015 580 2081 16
595 2017 676 2081 aula
696 2026 815 2080 tamen
830 2015 1016 2099 Principis,
1033 2028 1174 2098 praeter
1188 2020 1382 2085 Doctorem
1398 2018 1579 2083 Hundium

347 2135 383 2190 et
403 2123 640 2190 secretarium
660 2124 866 2202 Henricum,
891 2135 926 2189 et
947 2143 1082 2206 paucos
1104 2128 1204 2207 alios,
1230 2146 1302 2192 non
1323 2128 1425 2191 multi
1445 2126 1579 2191 nostris

350 2231 532 2311 favebant;
547 2232 655 2296 immo
669 2232 715 2297 ad
726 2232 902 2296 haeresim
918 2230 1083 2316 [aliquos]
1099 2234 1277 2299 declinare
1296 2233 1485 2298 ferebatur.
1502 2234 1581 2314 Ipse

348 2350 467 2404 autem
478 2338 647 2420 Princeps
658 2357 743 2403 vere
755 2338 953 2404 catholicus
964 2342 1125 2419 erat,sed
1134 2344 1303 2422 populum
1315 2340 1582 2406 satisinfectum

348 2445 517 2525 habebat,
534 2454 569 2509 et
584 2456 710 2510 contra
729 2456 871 2511 nostros
891 2447 1000 2528 aliqui
1015 2465 1117 2512 suum
1132 2446 1301 2513 affectum
1321 2446 1581 2529 significabant;

353 2570 437 2618 nam
448 2552 484 2617 in
499 2554 611 2633 portis
625 2554 871 2618 cubiculorum
889 2556 1061 2637 scriptum
1076 2557 1268 2638 aliquando
1284 2558 1508 2621 invenerunt:
1524 2555 1582 2618 ho·

349 2660 405 2725 die
419 2666 560 2742 oportet
575 2677 758 2742 mtgrare,·
773 2672 807 2726 et
822 2680 933 2743 prope
944 2672 1084 2744 portam
1100 2675 1242 2728 nostrae
1257 2664 1487 2729 habitationis
1504 2679 1582 2744 ger·

349 2770 488 2834 manice
503 2770 722 2850 scripserant
742 2770 904 2850 verbum,
925 2771 1019 2852 quod
1042 2771 1192 2835 sonabat
1213 2781 1338 2836 contra
1358 2771 1491 2854 Jesum.
1513 2769 1582 2835 Sed

349 2876 438 2941 haee
454 2895 475 2941 a
490 2877 614 2958 paucis
627 2876 819 2941 haereticis
833 2877 1013 2959 proficisci
1027 2887 1202 2959 poterant.

413 2983 501 3049 1676.
546 2984 617 3049 Alii
628 2985 1060 3064 contra,benevolentiam
1072 2985 1288 3049 exhibebant
1300 2986 1407 3049 etiam
1418 2986 1534 3064 factis,
1545 2995 1583 3050 ut

261 3111 265 3121 ·
351 3093 503 3155 honesta
523 3091 697 3172 quaedam
722 3092 842 3171 vidua,
859 3110 951 3173 quae
971 3094 1038 3155 hac
1061 3094 1138 3173 ipsa
1161 3101 1296 3156 aestate
1320 3093 1463 3157 vineam
1481 3092 1584 3174 juxta

352 3198 548 3279 Collegium
562 3200 693 3264 nostris
705 3198 811 3278 dedit;
824 3201 884 3264 ubi
897 3211 1040 3280 praeter
1052 3217 1203 3264 uvarum
1214 3218 1286 3264 non
1297 3200 1514 3265 mediocrem
1528 3219 1584 3265 co·

353 3305 460 3387 piam,
473 3307 647 3388 piscinam
658 3308 766 3371 etiam
780 3325 932 3388 paruam
944 3308 1108 3386 habebat,
1122 3316 1156 3371 et
1169 3318 1243 3371 tam
1253 3310 1469 3373 recreationi
1479 3326 1584 3389 quarn

355 3411 497 3477 utilitati
515 3412 640 3478 fuisset
658 3414 773 3496 magis
796 3413 1040 3494 accommoda,
1062 3414 1092 3478 si
1114 3414 1315 3478 vicinorum
1336 3415 1500 3480 fenestris
1514 3431 1585 3479 non

353 3517 479 3584 fuisset
494 3521 668 3602 exposita.

415 3625 501 3690 1677.
544 3627 646 3692 Alius
662 3628 805 3710 quidam
820 3628 958 3693 Doctor
972 3631 1066 3694 ultro
1079 3631 1210 3695 nostris
1225 3632 1351 3695 obtulit
1366 3633 1507 3695 hortum
1517 3631 1584 3695 lae·

353 3734 526 3800 tissimum
550 3746 585 3800 et
606 3734 913 3816 jucundissimum,
940 3737 1000 3801 ubi
1026 3739 1217 3819 aliquando
1243 3738 1281 3802 P.
1309 3737 1494 3803 Salmeron
1514 3738 1585 3802 ani·

354 3857 461 3921 mum,
488 3842 613 3907 studiis
638 3843 837 3925 fatigatum,
860 3846 1099 3925 relaxaverat3
1122 3863 1205 3910 nam
1228 3855 1263 3909 et
1283 3846 1331 3909 ibi
1354 3846 1526 3925 navigare
1551 3853 1585 3909 et

353 3949 486 4031 piscari
499 3947 650 4014 dicebat.
666 3949 931 4016 Reficiebantur
943 3952 1085 4016 interim
1100 3945 1256 4034 quotidie
1271 3953 1366 4017 dorni
1380 3962 1523 4017 nostrae
1539 3955 1586 4029 (et

352 4065 555 4120 nostrorum
566 4057 686 4120 usibus
698 4067 732 4121 et
746 4059 791 4123 ad
802 4068 1007 4123 nostrorum
1020 4059 1219 4140 arbitrium)
1231 4038 1479 4139 habitationes,
1495 4060 1586 4124 inter

352 4180 442 4245 quas
456 4163 680 4228 refectorium
696 4167 895 4246 egregium,
913 4166 972 4229 ubi
986 4166 1214 4231 Universitas
1230 4184 1295 4230 sua
1310 4169 1491 4232 celebrare
1505 4185 1585 4232 con·

353 4270 453 4334 vivia
469 4271 615 4351 solebat,
633 4271 709 4336 fuit.
1445 4281 1453 4295 ’

352 4437 425 4494 jetta
435 4438 554 4483 oratioue
564 4439 731 4490 salutatoria.
748 4453 824 4496 quam
836 4442 912 4491 idem.
928 4441 971 4497 qul
987 4449 1047 4486 ante
1062 4449 1162 4497 septem
1177 4453 1259 4487 annos
1274 4445 1307 4487 ad
1323 4443 1500 4488 salmeronem
1514 4450 1590 4488 etso-

354 4509 417 4566 tlor,
429 4508 558 4565 Georgius
568 4509 707 4556 Theander
717 4513 831 4567 habuit...
840 4515 986 4562 Aottlcotn.
998 4513 1071 4558 Hist.
1084 4515 1161 4557 Prov.
1175 4514 1263 4558 Germ.
1274 4515 1348 4570 Sap,
1358 4515 1419 4561 Dec.
1430 4515 1449 4570 2,
1461 4526 1485 4559 n.
1494 4514 1530 4560 86.

395 4580 405 4615 ¹
433 4581 477 4627 ⁸1².
491 4581 640 4638 Alphousns
649 4581 785 4628 Salmerou
794 4585 869 4630 Pauli
880 4584 1014 4641 epistolam
1026 4585 1054 4629 Ρ,
1065 4585 1188 4631 claudius
1196 4587 1287 4642 [Jalus]
1295 4589 1448 4641 psalmos„...
1458 4585 1502 4631 “P.
1514 4586 1588 4631 canl·

355 4653 409 4696 slus
425 4650 577 4707 uuluam
593 4654 783 4699 sententiarum
797 4657 971 4701 enarrandum
985 4664 1180 4710 susceperuut...
1195 4655 1263 4703 vtae
1273 4669 1353 4712 supra
1366 4658 1400 4702 ad
1415 4668 1510 4701 anuum
1527 4656 1586 4708 tw.

355 4727 374 4768 t.
385 4731 403 4776 l,
413 4733 471 4780 pag.
481 4722 530 4776 lli,
541 4722 614 4767 naal
624 4729 650 4768 et
662 4735 725 4779 seqq
737 4733 753 4769 t.
766 4736 793 4780 ll,
805 4737 863 4781 pat.
873 4727 946 4779 66-71,
958 4739 982 4772 6.
994 4727 1033 4772 lto
1042 4735 1068 4770 et
1079 4737 1132 4784 seq.
