3642 5350
812 419 876 481 An.
899 420 969 481 1556
1450 422 1504 483 229

314 635 317 640 ⁴
332 564 407 631 tta.
449 565 539 633 Cum
552 566 588 633 in
603 566 767 649 ingressu
779 568 917 649 hyemis
928 569 1016 633 satis
1031 560 1142 633 libera
1154 567 1282 633 civitas
1297 586 1319 633 a
1333 578 1433 650 peste
1448 570 1497 634 vi·

277 672 430 753 deretur,
447 676 577 755 agebat
593 674 631 740 Ρ.
648 674 783 739 Caesar
796 674 841 739 de
854 674 986 739 scholis
1001 674 1237 756 restituendis,
1250 676 1313 740 sed
1323 675 1498 741 Dominus

278 780 379 845 Prior
408 779 514 862 hujus
538 790 616 847 erat
639 782 853 862 sententiae,
880 783 975 864 quod
999 782 1143 846 scholae
1168 791 1313 847 nostrae
1337 783 1499 849 Venetiis

275 904 401 969 parum
425 900 545 954 essent
569 889 732 954 utilitatis
757 890 943 970 allaturae,
964 898 999 953 et
1019 889 1093 953 sere
1114 889 1159 953 ab
1179 888 1278 953 initio
1297 888 1333 954 id
1351 888 1461 953 sensit
1476 887 1499 970 ¹,

275 995 370 1077 quod
384 1014 427 1060 ea
442 994 528 1061 urbs
541 1007 782 1076 mercaturae,
798 997 917 1078 potius
935 1014 1042 1078 quam
1062 996 1202 1077 studiiS,
1223 1014 1369 1078 operam
1387 997 1501 1075 daret,

275 1104 566 1168 utilioresautem
579 1104 656 1168 fore
671 1104 866 1185 operarios,
883 1106 943 1185 qui
958 1103 1280 1186 praedicationibus
1298 1113 1333 1169 et
1348 1105 1501 1171 ministe·

275 1210 330 1275 rio
341 1219 647 1276 sacramentorum
661 1212 791 1292 populo
806 1212 856 1276 illi
867 1210 1026 1292 juvando
1038 1220 1220 1276 vacarent.

333 1316 407 1381 854.
449 1317 529 1399 lpse
557 1327 677 1382 tamen
703 1317 741 1382 P.
772 1318 907 1383 Caesar
939 1318 1229 1383 satisfaciendum
1262 1319 1502 1384 arbitrabatur

275 1424 399 1499 Priori,
420 1424 645 1490 sacerdotum
667 1442 851 1490 numerum
876 1426 1052 1506 augenda,
1081 1424 1142 1489 sed
1168 1442 1276 1490 unum
1300 1435 1503 1507 praecepto·

273 1550 349 1599 rem
362 1532 591 1597 eruditiorem
605 1550 687 1597 cum
701 1533 820 1615 aliquo
834 1533 944 1614 ipsius
960 1534 995 1596 in
1015 1533 1146 1597 scholis
1166 1530 1372 1612 coadjutore
1387 1532 1502 1598 Vene-

273 1640 343 1705 tias
367 1639 574 1704 mittendum
600 1642 785 1718 censebat,
802 1651 942 1721 praeter
967 1640 1082 1719 illum,
1109 1641 1225 1721 quiin
1252 1638 1336 1704 villa
1361 1639 1502 1704 Astiani

273 1763 355 1811 cum
371 1747 521 1812 utilitate
536 1748 675 1811 versari
691 1757 765 1812 tum
779 1748 816 1811 in
829 1748 962 1824 schola,
981 1757 1055 1811 tum
1070 1748 1106 1811 in
1121 1746 1282 1811 doctrina
1294 1746 1501 1823 christiana,

268 1865 349 1918 turn
366 1852 403 1919 in
421 1843 618 1919 ministerio
639 1862 945 1919 sacramentorum
966 1855 1148 1935 pergebat.
1176 1852 1359 1918 Obtulerat
1384 1862 1502 1917 autem

276 1958 313 2025 Ρ.
329 1960 484 2044 Jacobus
497 1960 659 2043 Laynez,
677 1960 855 2041 Vicarius,
871 1959 940 2024 hoc
956 1970 1124 2025 autumno
1139 1959 1334 2025 subsidium
1353 1956 1502 2040 alicujus

276 2068 442 2149 operarii,
458 2069 490 2131 sl
505 2085 547 2132 eo
562 2085 652 2149 opus
666 2077 770 2133 esset.

333 2173 405 2238 Bai.
448 2172 599 2255 Quidam
613 2174 723 2239 irater
739 2184 870 2255 noster,
886 2174 1042 2257 Jacobus
1057 2174 1198 2240 nomine
1213 2174 1235 2251 ¹,
1259 2174 1382 2240 diebus
1402 2172 1504 2239 lestis

277 2282 561 2348 exhortationem
588 2281 778 2365 quamdam
808 2283 960 2347 habebat
975 2284 1020 2347 ad
1039 2282 1211 2363 quosdam
1229 2280 1431 2363 spirituales
1450 2282 1501 2345 vi·

275 2406 351 2470 roS,
371 2389 486 2471 quiin
505 2390 649 2455 domum
668 2389 801 2455 Prioris
820 2391 1097 2467 conveniebant,
1114 2389 1177 2453 sed
1198 2390 1265 2453 hoc
1284 2405 1378 2453 anno
1397 2388 1502 2453 lectio

275 2498 333 2561 cel
356 2498 482 2562 concio
507 2496 578 2561 alia
603 2498 639 2561 in
663 2498 794 2578 templo
816 2507 940 2562 nostro
965 2515 1036 2561 non
1057 2505 1110 2561 est
1132 2496 1265 2574 habita,
1288 2514 1333 2559 ne
1354 2496 1399 2559 ab
1425 2496 1502 2577 ipso

275 2601 417 2686 quidem
435 2603 474 2669 P.
491 2603 661 2686 Caesare,
682 2605 790 2668 etiam
812 2613 999 2687 postquam
1019 2602 1168 2667 Patauio
1187 2602 1318 2682 nostri,
1339 2619 1381 2666 eo
1405 2596 1503 2667 mis'si

275 2721 419 2793 propter
439 2721 587 2793 pestem,
608 2713 676 2776 hac
701 2713 779 2793 ipsa
798 2713 926 2794 hyeme
950 2712 1139 2776 redierunt.
1164 2711 1253 2778 Cum
1270 2710 1363 2776 enim
1385 2708 1424 2774 P.
1444 2708 1504 2774 Al·

273 2820 395 2884 bertus
409 2829 583 2901 quartana
597 2819 796 2899 laboraret,
818 2818 1098 2884 confessionibus
1118 2819 1193 2899 ipse
1216 2818 1351 2883 Caesar
1372 2833 1504 2881 vacare

275 2925 407 2992 debuit.

334 3033 406 3098 856.
448 3034 598 3118 Juvenis
622 3034 777 3116 quidam,
799 3034 956 3116 Joannes
980 3034 1138 3115 Baptista
1167 3032 1302 3114 Vignes
1327 3049 1505 3114 nuncupa·

276 3151 344 3222 tus,
366 3141 525 3206 honestis
542 3141 748 3222 parentibus
769 3150 873 3204 natus
898 3149 932 3204 et
956 3141 993 3205 in
1017 3141 1144 3205 litteris
1168 3140 1288 3204 latinis
1307 3151 1342 3204 ct
1363 3139 1505 3220 graecis

276 3247 437 3319 nonnihil
457 3258 633 3326 versatus,
656 3247 692 3312 in
718 3245 930 3312 Societatem
956 3247 1092 3311 admitti
1118 3247 1329 3328 postulabat,
1355 3246 1503 3310 elalius

276 3353 353 3437 cius
366 3356 497 3434 socies,
514 3355 682 3436 egregiae
697 3353 836 3429 indolis,
852 3355 887 3419 id
903 3355 1017 3435 ipsum
1033 3354 1246 3434 postulabat,
1266 3353 1408 3417 nomine
1434 3352 1505 3418 Va·

279 3461 445 3541 lentinus,
461 3462 522 3544 qui
536 3463 655 3526 lurtim
670 3471 705 3526 et
719 3461 915 3526 subsecivis
929 3460 1028 3524 horis
1049 3460 1178 3524 latinas
1199 3470 1233 3523 et
1252 3475 1403 3540 graecas
1417 3459 1506 3524 litte·

278 3585 339 3634 ras
352 3569 428 3650 ipse
442 3569 621 3650 attigeram
636 3578 672 3632 et
686 3578 833 3649 uterque
847 3569 916 3632 hoc
937 3581 1107 3632 autumno
1130 3565 1278 3630 Romam
1293 3575 1369 3630 erat
1385 3576 1505 3630 ventu·

278 3693 350 3741 rus.
367 3675 436 3742 Sed
451 3693 531 3741 cum
548 3678 583 3742 in
599 3676 859 3757 aegritudinem
874 3675 914 3739 P.
931 3675 942 3706 ³
957 3675 1117 3758 Baptista
1133 3674 1328 3754 incidisset,
1351 3673 1508 3738 Valenti·

280 3801 347 3848 nus
361 3782 524 3848 Venetiis
538 3783 714 3847 admissus
728 3792 793 3848 est.

337 3889 410 3954 ⁸57.
454 3887 606 3970 Quidam
627 3891 735 3954 ctiam
758 3891 861 3968 alius,
885 3890 946 3972 qui
970 3890 1249 3954 barbitonsorius
1270 3897 1358 3969 erat,
1381 3887 1506 3952 admis-

279 4012 340 4062 sus
360 3997 427 4063 luit
448 4006 483 4061 et
506 3993 692 4062 Patavium
714 3999 859 4062 missus·
1548 3991 1553 4000 '

335 4102 408 4168 858.
451 4102 551 4168 Tunc
566 4103 672 4168 etiam
691 4102 854 4184 Raphael
869 4103 1023 4184 Radius,
1040 4107 1101 4186 qui
1115 4103 1335 4170 secretarius
1349 4113 1427 4172 erat
1441 4102 1506 4168 Ar·

275 4209 492 4293 chiepiscopi
509 4210 796 4291 Mediolanensis,
813 4211 991 4291 Archinti,
1015 4213 1099 4276 olim
1115 4212 1251 4278 Vicarii
1271 4209 1406 4276 Summi
1420 4210 1507 4277 Pon·

317 4451 327 4486 Ι
354 4450 421 4498 Vide
430 4463 518 4509 sama,
526 4459 546 4498 t.
554 4463 592 4508 rr,
602 4465 665 4509 pac.
676 4453 724 4508 tar,
735 4453 818 4499 nabl-

318 4523 329 4554 ¹
356 4521 467 4576 lacobus
477 4523 615 4580 Phlllppua
624 4524 802 4571 Castellanus?
813 4525 880 4571 Vide
891 4537 978 4582 supra,
990 4537 1050 4582 pag.
1060 4527 1107 4582 2³5,
1119 4538 1142 4571 n.
1153 4525 1202 4572 842.

238 4586 243 4594 ’
317 4592 329 4628 ¹
355 4593 386 4638 ln
395 4606 442 4640 m.
451 4595 548 4650 lenitur
559 4595 589 4639 P.
601 4595 731 4651 Baptista:
743 4608 777 4641 ex
788 4597 864 4643 dletls
872 4603 959 4642 uatem
971 4609 1021 4642 non
1031 4604 1135 4644 constat
1153 4608 1210 4644 eum
1220 4609 1276 4644 esse
1290 4599 1467 4656 sacerdotem,
1482 4605 1508 4644 et

279 4665 345 4711 torte
356 4677 402 4722 pro
412 4665 442 4713 Ρ.
453 4666 615 4712 metuendam
627 4674 696 4712 esset
705 4667 744 4725 J„
753 4669 861 4726 sellicet,
871 4669 1000 4727 joannes.
