3642 5350
330 374 386 443 aar
790 376 918 443 Canon.
938 374 1014 443 Soc.
1034 377 1106 457 Jns.

331 529 454 611 pulsus
467 526 544 608 fuit;
560 535 595 592 et
609 536 683 593 tam
697 528 921 610 impudentes
936 537 1038 592 erant
1053 529 1222 607 nonnulli,
1239 538 1278 593 ut
1291 529 1367 611 ipsa
1384 528 1559 608 cubicula,

332 636 485 700 culinam
504 645 539 700 et
559 636 629 705 alia
654 636 803 717 Collegii
827 638 918 716 loca,
940 654 1013 700 non
1034 637 1166 716 vocati,
1187 637 1469 717 ingrederentur.
1490 637 1559 703 Sed

330 742 419 807 haec
442 752 477 806 et
498 741 698 824 hujusmodi
725 744 830 823 paulo
858 752 938 824 post
966 755 1163 824 cessarunt,
1190 746 1319 825 partim
1346 746 1558 810 auctoritate

329 849 518 932 PrincipiS,
534 851 664 931 partim
678 851 900 932 propensiori
914 850 1046 927 redito,
1067 853 1176 916 etiam
1194 852 1408 933 husitarum,
1427 852 1558 934 affectu

330 974 417 1039 erga
433 967 585 1023 nostros

392 1064 479 1129 1614.
521 1065 716 1131 Ferebatur
727 1074 844 1130 autem
857 1085 876 1130 e
887 1065 1080 1131 Germania
1093 1066 1263 1130 advocari
1275 1067 1372 1131 viros
1383 1068 1557 1148 quosdam

329 1173 470 1253 doctoS,
491 1183 529 1237 ut
548 1174 664 1239 studia
686 1174 879 1254 pragensia
897 1173 1155 1254 instaurarent,
1177 1190 1269 1254 quae
1285 1190 1501 1255 magnopere
1521 1176 1557 1240 id

327 1281 496 1363 temporis
508 1279 686 1361 jacebant,
702 1282 765 1345 sed
776 1280 878 1361 hujus
890 1291 1039 1345 conatus
1051 1299 1238 1346 successus
1250 1283 1366 1345 nullus
1377 1282 1478 1347 visus
1489 1292 1553 1347 est.

328 1388 440 1453 Erant
454 1399 489 1452 et
503 1389 562 1469 qui
576 1399 718 1453 nostros
733 1388 802 1453 alia
814 1390 952 1453 ratione
964 1398 1222 1470 oppugnarent3
1235 1398 1271 1452 et
1284 1388 1505 1471 [suadebant]
1518 1399 1556 1454 ut

327 1507 514 1577 parcerent
529 1505 603 1560 tam
618 1496 736 1561 multis
751 1496 941 1574 laboribus,
958 1506 994 1559 et
1009 1506 1082 1560 tam
1096 1495 1281 1576 frugaliter
1293 1514 1365 1561 non
1379 1498 1553 1577 viverent,

328 1614 362 1668 et
377 1604 512 1684 amplos
526 1602 661 1669 reditus
680 1601 814 1684 aRege
834 1604 994 1668 obtinere
1014 1614 1192 1683 curarent,
1215 1622 1296 1667 cum
1318 1606 1378 1667 alii
1397 1604 1554 1684 religiosi

327 1719 421 1775 totos
435 1709 510 1775 dies
525 1711 600 1775 sine
615 1710 823 1791 cujusquam
839 1710 987 1774 utilitate
1002 1710 1217 1780 desiderent:
1235 1721 1270 1775 et
1286 1713 1332 1775 ad
1347 1713 1417 1776 alia
1439 1712 1554 1793 huius·

328 1818 423 1885 modi
441 1817 691 1896 hortabantur;
712 1818 794 1898 quia
815 1820 903 1881 tales
922 1818 1085 1881 fortassis
1106 1819 1228 1882 videre
1252 1829 1394 1883 nostros
1415 1820 1554 1883 maluis-

323 1922 416 2006 sent,
432 1944 476 1991 ne
491 1926 648 2007 ipsorum
662 1926 758 1989 vitae
778 1927 978 2007 exemplum
999 1943 1121 1989 eorum
1137 1928 1194 1989 vel
1214 1928 1398 2008 crapulam
1412 1928 1469 1989 vel
1484 1927 1554 1990 alia

327 2033 447 2116 pejora
462 2034 562 2113 vitia,
578 2034 709 2097 nostris
725 2033 933 2112 tacentibus
947 2033 1233 2113 reprehenderet.

388 2140 475 2205 1615.
518 2139 633 2205 Aliter
647 2141 877 2204 concionator
893 2141 1037 2221 quidam
1059 2141 1265 2220 catholicus,
1292 2140 1427 2205 Doctor
1446 2138 1552 2220 Sigis-

327 2248 493 2328 mundus,
518 2258 552 2311 et
575 2248 701 2312 melius
723 2248 863 2327 agebat;
886 2248 946 2327 qui
969 2248 1061 2311 inter
1076 2248 1338 2312 ecclesiasticos
1359 2248 1554 2312 catholicos

325 2367 410 2421 tunc
425 2356 559 2438 primas
573 2355 727 2434 tenebat;
744 2355 802 2419 bic
818 2355 911 2418 enim
927 2356 1065 2436 publice
1080 2366 1114 2418 et
1130 2356 1309 2436 privatim,
1327 2355 1428 2436 quasi
1443 2372 1465 2417 a
1484 2354 1552 2418 Do·

325 2464 420 2529 mino
436 2464 471 2527 id
482 2462 550 2543 ipsi
565 2460 760 2543 injunctum
771 2471 877 2542 esset,
891 2480 1038 2526 causam
1052 2462 1243 2526 Societatis
1253 2472 1398 2527 nostrae
1410 2463 1551 2542 agebat3
1591 2514 1595 2520 .

325 2590 368 2636 ac
382 2572 550 2653 populum
561 2569 728 2633 monebat
737 2587 781 2633 ne
793 2569 998 2633 viderentur
1009 2570 1102 2634 hanc
1113 2570 1278 2650 gratiam,
1292 2571 1338 2633 ad
1349 2589 1411 2634 eos
1421 2570 1552 2635 missae

324 2679 513 2745 Societatis
532 2690 688 2759 nostrae,
709 2668 1282 2759 frustra'accepisse.'Muneribus
1296 2681 1405 2745 etiam
1419 2681 1550 2760 missis,
1658 2761 1663 2768 Ι

323 2804 425 2852 suam
438 2805 525 2868 erga
539 2805 605 2851 nos
618 2787 901 2851 benevolentiam
913 2787 1128 2850 declarabat.

383 2895 470 2959 1616.
513 2893 720 2959 Praefectus
740 2895 846 2958 etiam
868 2895 1055 2975 hospitalis
1075 2894 1185 2958 vicini
1207 2898 1242 2969 (a
1257 2913 1327 2976 quo
1350 2897 1462 2960 nostri
1481 2896 1551 2960 fru-

323 3011 419 3067 ctum
427 3003 645 3085 spiritualem
655 3001 805 3083 aliquem
814 3005 1034 3080 retulerunt),
1048 3001 1291 3065 valdenostris
1302 3001 1450 3067 affectus
1461 3013 1549 3078 erat;

323 3112 420 3176 etita
435 3111 495 3174 alii
510 3109 670 3191 primarii
684 3110 753 3174 viri
767 3109 969 3189 Bohemiae,
986 3110 1202 3174 Archiducis
1223 3110 1414 3175 Bohemiae
1433 3129 1549 3176 exem·

322 3220 419 3299 plum
429 3227 627 3299 sequentes.

385 3324 472 3389 1617.
516 3324 594 3388 Non
610 3326 769 3390 omittam
785 3324 878 3406 quod
893 3335 1055 3389 curatum
1075 3324 1141 3389 fuit
1156 3334 1239 3389 ante
1258 3343 1439 3390 recessum
1461 3325 1548 3407 ejus·

322 3434 402 3499 dem
416 3431 643 3514 Ferdinandi,
661 3443 700 3497 ut
714 3451 776 3515 per
791 3443 902 3498 totam
918 3433 1125 3497 Bohemiam
1138 3434 1370 3498 innovaretur
1385 3453 1461 3499 mos
1479 3453 1549 3499 me·

321 3541 410 3605 ridie
426 3549 551 3605 contra
566 3540 698 3605 Christi
717 3543 836 3605 hostes
856 3541 902 3605 ad
922 3542 1120 3605 orationem
1139 3541 1302 3621 pulsandi
1317 3553 1352 3606 et
1372 3559 1437 3622 pro
1459 3544 1549 3608 chri·

321 3650 458 3714 stianae
472 3649 656 3730 religionis
671 3665 841 3731 prospero
856 3665 1035 3728 successu;
1052 3661 1087 3713 et
1101 3649 1242 3728 quidem
1254 3667 1335 3713 cum
1349 3668 1481 3731 magna
1497 3670 1549 3716 re·

321 3757 481 3822 verentia
503 3756 689 3821 Archidux
709 3758 846 3838 gratias
865 3756 902 3820 P.
927 3757 1069 3821 Canisio
1088 3757 1172 3836 egit,
1194 3757 1287 3837 quod
1307 3768 1380 3823 tam
1399 3760 1548 3824 honesta

318 3864 491 3946 rogando,
509 3862 709 3945 Principem
724 3865 939 3928 catholicum
954 3865 1009 3927 sui
1026 3864 1129 3928 officii
1145 3863 1396 3930 admonuisset.

383 3969 470 4036 1618.
515 3971 571 4035 Ab
587 3970 710 4036 eodem
725 3973 832 4036 etiam
852 3973 1079 4052 impetratum
1093 3981 1146 4034 est
1161 3972 1253 4036 inter
1267 3975 1350 4051 alia,
1369 3985 1406 4039 ut
1421 3975 1547 4056 ipsein

320 4078 442 4144 militia
458 4079 630 4159 probatae
645 4079 726 4143 fidei
740 4079 857 4143 virum
879 4079 1168 4143 concionatorem
1190 4079 1348 4161 haberet,
1369 4092 1403 4146 et
1423 4083 1548 4148 diebus

318 4187 461 4252 veneris
475 4187 511 4250 in
526 4195 600 4251 tota
616 4187 784 4252 Bohemia
800 4186 947 4250 Missam
968 4187 1011 4249 de
1032 4186 1099 4250 Sl*
1119 4206 1224 4252 cruce
1246 4189 1445 4270 decantari,
1467 4209 1546 4273 pro·

319 4295 516 4359 cessionem
528 4293 616 4375 fieri,
633 4304 667 4359 et
682 4296 850 4377 populum
865 4295 908 4358 de
923 4295 1141 4374 poenitentia
1161 4308 1195 4360 et
1214 4297 1347 4377 pietate
1362 4299 1547 4365 admoneri

320 4411 473 4467 curaret.

382 4509 469 4572 1619.
511 4510 621 4574 Fama
651 4509 755 4590 hujus
787 4509 935 4590 Collegii
960 4511 1005 4574 ad
1035 4512 1276 4577 Marchiouem
1304 4513 1543 4580 Brandurber·

319 4635 465 4704 gensem
479 4617 561 4700 (sic)
575 4627 610 4682 et
624 4618 760 4684 Ducem
776 4617 965 4698 Saxoniae,
983 4630 1017 4684 et
1032 4622 1142 4686 multo
1157 4623 1274 4703 magis
1288 4640 1352 4705 per
1365 4631 1477 4690 totum
1491 4641 1544 4691 re·
