3642 5350
780 436 845 497 Art.
871 438 941 496 1556
1424 434 1478 497 133

245 584 285 651 Ρ.
301 585 463 668 Baptista
477 584 683 650 Firmianus
699 582 720 665 ¹;
737 585 800 647 sed
814 584 941 647 deinde
962 581 1037 663 ejus
1056 584 1247 647 conciones
1266 592 1476 663 prosecutus

246 703 301 758 est
318 692 358 757 P.
380 692 634 774 Hieronymus,
657 692 715 772 qui
737 692 844 755 etiam
862 700 944 770 post
962 690 1145 754 meridiem
1167 689 1398 755 christianam
1416 691 1474 755 do·

247 802 399 865 ctrinam
413 801 449 864 in
462 800 587 865 eodem
601 801 732 879 templo
753 798 966 877 explicabat.
987 796 1026 860 In
1046 814 1184 861 summo
1206 806 1325 862 autem
1345 800 1474 879 templo

179 914 182 919 ⁴
247 906 287 973 P.
311 906 525 971 Laurentius
544 906 744 986 PatariuuS,
771 904 927 969 Laureto
948 923 969 967 a
992 904 1031 968 P.
1057 903 1204 967 Vicario
1230 914 1411 984 evocatus
1438 905 1475 969 iu

246 1014 415 1081 Adventu
429 1015 573 1079 Domini
588 1016 820 1078 concionatus
835 1023 899 1076 est.
917 1012 955 1075 ld
970 1012 1064 1075 enim
1078 1011 1260 1076 Cardinali
1273 1014 1424 1093 placuit;
1439 1023 1474 1076 et

248 1122 390 1205 quidem
405 1122 493 1187 satis
507 1122 683 1202 frequenti
698 1121 873 1184 auditorio
889 1130 1020 1183 etcum
1040 1117 1282 1183 satisfactione
1301 1128 1337 1182 et
1357 1119 1471 1184 aedifi·

245 1231 386 1295 catione
402 1246 533 1310 magna
548 1248 590 1294 eo
606 1228 720 1292 officio
734 1228 877 1293 functus
892 1237 956 1291 est.

305 1336 375 1401 488.
418 1337 499 1401 Duo
515 1355 560 1400 ex
574 1336 743 1400 militibus
759 1338 853 1399 arcis
867 1336 904 1399 in
925 1334 1136 1399 Societatem
1151 1344 1311 1399 nostram
1326 1333 1473 1399 admissi

244 1452 342 1521 sunt;
371 1462 473 1525 unuS,
500 1443 716 1507 Franciscus
742 1443 899 1521 nomine,
926 1442 1131 1505 domesticis
1155 1441 1360 1505 ministeriis
1385 1441 1472 1505 satis

246 1560 445 1631 opportune
470 1568 571 1614 suam
592 1567 739 1631 operam
759 1550 897 1625 obtulit;
920 1551 1036 1612 nullus
1057 1550 1152 1612 enim
1173 1557 1250 1612 erat
1272 1566 1318 1612 ex
1339 1548 1472 1613 nostris

245 1658 306 1738 qui
320 1656 538 1737 coadjutoris
552 1674 697 1721 munere
713 1657 932 1737 fungeretur,
949 1666 984 1719 et
999 1657 1107 1720 etiam
1122 1658 1260 1720 culinae
1275 1656 1471 1720 ministeria

245 1764 405 1828 vicissim
417 1764 620 1829 sacerdotes
632 1773 666 1828 et
677 1772 929 1845 praeceptores
941 1764 1125 1842 curabant,
1136 1773 1170 1826 et
1182 1764 1227 1826 ad
1237 1781 1295 1826 res
1303 1763 1471 1827 emendas

248 1872 386 1936 externi
406 1870 588 1952 cujusdam
610 1889 719 1953 opera
744 1873 943 1936 utebantur.
970 1870 1072 1934 Alter
1097 1872 1237 1935 nomine
1261 1869 1472 1935 Vincentius

245 1977 384 2060 Tonda,
401 1998 446 2043 ex
461 1996 573 2059 regno
597 1979 795 2057 Valentiae,
818 1978 946 2042 nobilis
965 1987 1000 2041 et
1023 1978 1151 2058 viginti
1172 1978 1260 2041 duos
1278 1996 1392 2041 annos
1410 1996 1470 2041 na·

247 2098 317 2167 tuS,
333 2087 393 2168 qui
409 2104 488 2150 cum
503 2088 537 2149 in
554 2087 660 2150 rebus
675 2087 916 2150 saecularibus
930 2086 1117 2150 immersus
1136 2096 1240 2164 esset,
1261 2085 1471 2150 admiranda

251 2196 404 2276 quadam
422 2194 617 2258 mutatione
642 2202 752 2258 totum
771 2212 809 2257 se
829 2193 983 2258 Domino
1003 2210 1215 2257 consecrare
1235 2193 1413 2273 decrevit;
1435 2201 1471 2257 et

246 2320 328 2365 cum
352 2301 540 2365 irridentes
564 2300 625 2364 alii
649 2299 778 2364 milites
803 2300 848 2364 ab
868 2320 909 2365 eo
929 2310 1152 2381 quaererent,
1175 2318 1259 2364 num
1278 2320 1324 2365 ex
1338 2302 1470 2366 nostris

247 2426 324 2472 csse
338 2410 455 2488 vellet,
472 2408 649 2472 fatebatur
663 2407 697 2471 id
713 2425 750 2471 se
766 2426 895 2488 cupere
915 2410 1153 2488 vehementer,
1169 2409 1232 2471 sed
1246 2425 1284 2472 se
1300 2418 1398 2472 tanto
1414 2409 1469 2471 be·

249 2515 373 2580 neficio
388 2515 571 2597 indignum
588 2514 710 2597 [esse];
727 2517 872 2596 proinde
888 2526 926 2579 ut
941 2515 1056 2580 Deum
1077 2526 1220 2580 orarent
1238 2526 1277 2580 ut
1296 2535 1318 2579 a
1337 2517 1470 2580 nostris

247 2623 507 2704 admitteretur3
532 2633 566 2688 et
588 2640 669 2688 cum
689 2624 885 2688 humilitate
905 2642 1036 2706 magna
1057 2626 1215 2707 pulsans,
1239 2624 1381 2688 tandem
1406 2624 1470 2688 sub

245 2732 456 2797 annifinem
484 2733 668 2812 ingressus
696 2741 760 2811 est,
789 2742 824 2795 et
852 2733 968 2796 studio
997 2732 1205 2812 abjectionis
1221 2749 1293 2812 sper
1317 2732 1469 2796 mediam

244 2841 367 2905 urbem
381 2839 530 2904 asellum
549 2839 665 2903 farina
686 2847 850 2903 onustum
869 2840 1012 2904 circiter
1031 2840 1100 2903 duo
1115 2839 1225 2903 millia
1239 2857 1409 2920 passuum
1425 2840 1470 2904 ad

245 2957 338 3026 eum',
355 2949 415 3028 qui
430 2963 557 3027 panem
573 2946 792 3026 conficiebat,
815 2945 990 3027 ductavit;
1011 2965 1078 3010 nec
1099 2947 1145 3010 ab
1162 2946 1362 3026 hujusmodi
1380 2965 1470 3011 mor·

247 3053 440 3118 tificatione
455 3054 616 3117 militaris
631 3054 742 3117 vestis
757 3071 823 3116 nec
845 3054 1122 3118 commilitonum
1144 3055 1312 3133 ludibria,
1334 3064 1394 3117 aut
1413 3054 1471 3117 du·

195 3240 199 3246 ¹
246 3179 328 3226 cum
343 3170 378 3225 et
392 3162 511 3242 populi
526 3161 620 3225 dicta
638 3159 804 3240 juvenem
820 3161 1054 3226 deterrebant.
1074 3163 1119 3226 Et
1138 3163 1188 3227 ita
1208 3163 1244 3226 in
1266 3163 1356 3242 aliis,
1380 3179 1470 3243 quae

246 3269 292 3332 ad
307 3283 437 3350 corpus
456 3268 703 3348 castigandum
727 3270 920 3349 pertinent,
943 3279 1084 3333 strenue
1106 3271 1142 3333 hi
1163 3270 1292 3333 milites
1313 3287 1352 3332 se
1372 3287 1471 3350 gere·

244 3377 341 3456 bant,
356 3385 391 3439 et
406 3393 529 3440 eorum
545 3378 705 3456 exemplo
721 3387 755 3440 et
776 3376 1083 3441 adhortationibus
1099 3379 1197 3440 multi
1218 3377 1345 3440 milites
1365 3383 1377 3413 ⁸
1394 3395 1470 3457 per·

244 3483 330 3548 moti
348 3484 394 3548 ad
408 3483 665 3548 confessionem
681 3483 917 3562 accedebant,
933 3495 967 3546 et
982 3485 1090 3565 aliqui
1109 3485 1216 3549 etiam
1235 3485 1414 3549 instabant
1433 3493 1472 3547 ut

243 3591 279 3654 in
305 3588 517 3655 Societatem
539 3589 817 3656 admitterentur.
845 3589 917 3654 Sub
939 3590 1043 3654 finem
1065 3593 1171 3655 etiam
1194 3593 1276 3655 anni
1295 3593 1472 3656 admissus

243 3697 309 3762 fuit
324 3697 500 3762 Antonius
515 3697 666 3761 Vitelius
681 3695 703 3772 ³,
721 3699 848 3761 nobilis
862 3700 1033 3777 senensis
1050 3715 1132 3762 cum
1151 3700 1249 3780 prius
1267 3703 1377 3763 multa
1392 3719 1471 3781 pro·

243 3805 365 3869 bitatis
380 3813 413 3868 et
429 3807 716 3885 perseverantiae
731 3807 834 3886 signa
850 3807 1014 3870 dedisset.
1031 3806 1101 3871 Sed
1115 3808 1145 3870 is
1161 3807 1311 3872 Romam
1325 3808 1470 3889 adpro·
1555 3825 1558 3830 ·

242 3911 424 3976 barionem
438 3922 588 3976 vocatus
603 3921 667 3975 est.

304 4017 376 4085 489.
417 4019 591 4083 Dominus
616 4018 832 4084 Franciscus
854 4019 1047 4085 Villanova
1067 4040 1149 4086 cum
1170 4023 1267 4086 Patri
1290 4023 1470 4103 Baptistae

242 4127 312 4192 hac
338 4135 475 4191 aestate
500 4126 729 4192 confiteretur
748 4137 876 4192 octavo
896 4146 1036 4209 quoque
1058 4129 1125 4210 die,
1148 4140 1183 4194 et
1206 4131 1242 4194 in
1261 4132 1391 4211 templo
1410 4149 1469 4196 no·

282 4403 289 4436 ¹
318 4403 365 4448 Ma.
379 4403 576 4456 Firminianus,
587 4405 653 4452 idem
666 4405 709 4460 qul
719 4416 798 4460 snpra
808 4413 833 4449 et
844 4406 913 4449 infra
923 4405 1265 4459 Firmiensr's,Fr'rminius,
1274 4413 1301 4452 et
1312 4408 1472 4454 Firmianus

241 4475 367 4592 wimiis.
378 4547 474 4592 multis
483 4548 625 4592 militibus.

241 4616 479 4740 “Ltzppgllzagur
490 4619 532 4664 bic
544 4621 663 4673 Angelus
673 4619 778 4676 (Augei)
788 4619 813 4664 in
826 4619 921 4667 cartas
935 4621 968 4664 de
980 4621 1036 4665 San
1045 4620 1164 4674 Ignacio,
1174 4627 1193 4665 t.
1204 4635 1239 4676 vr,
1250 4636 1310 4681 pag.
1324 4625 1371 4684 199,
1381 4626 1407 4670 iu
1421 4625 1470 4674 fine
