3642 5350
370 441 425 504 lto
824 440 952 504 Canon.
973 440 1051 501 Soc.
1072 438 1141 516 Jas.

372 612 393 657 a
409 591 555 669 Mathia,
572 604 758 655 cursorum
771 605 835 652 seu
849 598 1034 671 postarum
1049 586 1229 669 praelecto
1246 584 1266 666 ¹,
1283 586 1462 669 quondam
1480 582 1595 649 audie·

372 709 440 778 rat,
470 698 533 762 sed
557 715 639 761 cum
664 697 829 761 Parmam
853 696 1010 760 venisset
1035 712 1155 759 mense
1183 692 1278 775 Majo
1299 692 1337 757 P.
1361 693 1479 771 Viola,
1502 702 1596 757 autc·

374 823 481 889 quam
496 806 532 869 in
547 805 699 869 Galliam
716 802 1013 885 proficisceretur,
1028 803 1084 867 vir
1100 799 1242 883 quidam
1257 801 1445 880 religiosus
1463 799 1596 863 ordinis

372 913 431 980 S.¹¹
452 912 645 991 Dominici,
667 911 808 975 nomine
826 909 1040 986 Bernardus,
1067 909 1203 973 Ducem
1225 905 1414 972 Octavium
1434 908 1596 971 hortatus

371 1032 436 1100 est,
452 1029 490 1084 ut
505 1021 571 1084 hoc
586 1018 683 1101 pium
696 1035 786 1099 opus
800 1018 1072 1098 amplecteretur
1084 1026 1118 1081 et
1130 1032 1192 1080 eos
1203 1016 1302 1081 cives
1313 1014 1466 1094 audiret,
1479 1016 1537 1096 qui
1553 1031 1596 1077 cn

371 1130 415 1194 de
429 1145 468 1193 re
483 1126 597 1192 acturi
611 1143 693 1190 cum
707 1126 784 1206 ipso
798 1133 910 1189 erant.

432 1234 504 1299 909.
546 1232 738 1316 Aequievit
753 1250 840 1312 ergo
854 1232 938 1296 Dux
952 1232 1002 1296 illi
1021 1232 1186 1313 religioso
1201 1250 1288 1313 erga
1302 1240 1460 1296 nostram
1479 1228 1595 1294 Socie·
1690 1256 1694 1265 ·

372 1352 480 1410 tatem
510 1342 598 1406 bene
622 1340 771 1419 affecto,
798 1348 939 1403 etcum
964 1356 1027 1420 per
1052 1339 1296 1420 sesquihoram
1320 1348 1473 1420 quatuor
1498 1337 1596 1401 cives
1677 1340 1683 1355 ’

371 1451 582 1516 Parmenses
595 1446 751 1511 audisset
766 1456 800 1511 et
815 1464 896 1510 cum
912 1447 1044 1510 eisdem
1059 1448 1127 1509 hac
1142 1447 1185 1511 de
1204 1464 1243 1511 re
1259 1448 1368 1512 multa
1383 1448 1476 1510 ultro
1491 1444 1595 1509 citro·

371 1575 440 1641 que
451 1556 668 1635 contulisset,
681 1554 769 1618 dixit
782 1553 866 1618 Dux
876 1571 915 1617 se
928 1555 1166 1633 cogitaturum
1179 1556 1260 1635 quid
1271 1555 1367 1618 facto
1382 1570 1471 1635 opus
1490 1561 1594 1628 esset,

371 1683 453 1731 cum
464 1665 575 1729 multa
586 1663 622 1727 in
637 1670 823 1741 utramque
836 1670 974 1743 partem
987 1661 1030 1725 de
1040 1660 1219 1726 Societate
1231 1662 1299 1744 ipsi
1311 1663 1422 1727 relata
1434 1660 1593 1740 fuissent;

371 1774 434 1839 sed
447 1772 574 1855 aliquis
588 1786 711 1833 eorum
725 1769 857 1833 ciuium
872 1770 991 1833 retulit
1006 1787 1075 1832 non
1090 1769 1178 1834 bene
1194 1768 1359 1834 affectum
1374 1786 1464 1834 esse.

430 1879 501 1944 910.
544 1878 632 1943 Cum
648 1888 767 1942 autem
786 1877 910 1940 eodem
927 1887 1084 1956 tempore
1096 1876 1134 1939 P.
1148 1874 1331 1942 Salmeron
1343 1876 1471 1941 Parma
1483 1886 1595 1941 trans-

370 1990 437 2055 iret
451 2004 533 2053 cum
548 1985 685 2065 Legato
704 1984 865 2065 superius
883 1982 1064 2047 nominato
1079 1992 1114 2047 et
1128 1984 1356 2048 intellexisset
1379 2002 1400 2048 a
1424 1984 1464 2049 P.
1489 1983 1595 2048 Viola

370 2114 462 2179 quae
477 2092 611 2157 aDuce
621 2091 740 2157 audita
752 2092 902 2169 fuerant,
915 2100 1059 2172 propter
1076 2108 1166 2172 quae
1177 2090 1391 2157 Societatem
1406 2110 1479 2156 non
1490 2093 1595 2157 liben-

371 2214 424 2269 ter
439 2202 722 2283 amplecteretur,
738 2199 855 2263 visum
870 2207 923 2261 est
938 2198 970 2261 ei
989 2198 1155 2278 expedire
1174 2208 1212 2263 ut
1232 2199 1394 2263 eumdem
1413 2199 1594 2277 inviseret,

369 2321 404 2375 et
419 2311 481 2388 ita,
496 2308 624 2374 comite
638 2307 677 2371 P.
693 2306 809 2383 Viola,
827 2306 964 2369 Ducem
978 2314 1013 2369 et
1027 2303 1102 2385 ejus
1116 2322 1283 2384 uxorem,
1299 2306 1489 2371 Dominam
1504 2306 1594 2371 Mar·

370 2418 525 2499 garitam
538 2415 583 2479 de
597 2411 754 2491 Austria,
771 2414 970 2477 salutarunt
985 2412 1022 2477 P.
1040 2411 1167 2492 Ignatii
1182 2430 1224 2477 ac
1237 2412 1274 2477 P.
1287 2413 1431 2494 Laynez
1441 2413 1593 2477 nomine.

429 2523 501 2588 911.
543 2522 700 2602 Uterque
714 2530 832 2583 autem
847 2520 1047 2584 humaniter
1060 2530 1201 2585 nostros
1220 2521 1375 2601 excepit,
1392 2520 1454 2585 sed
1473 2520 1520 2585 ad
1539 2538 1595 2585 ue·

371 2632 507 2713 gotium
522 2628 671 2708 Collegii
685 2636 914 2693 ventumnon
929 2636 994 2706 est,
1011 2645 1092 2693 curn
1113 2628 1208 2693 nulla
1228 2629 1370 2694 occasio
1385 2629 1430 2693 ab
1445 2629 1497 2693 eis
1512 2627 1609 2694 data.

371 2740 508 2803 fuisset.
524 2736 613 2800 Tam
628 2745 747 2812 autem
761 2734 843 2799 Dux
858 2751 965 2816 quam
981 2735 1056 2816 ejus
1071 2753 1161 2801 uxor
1176 2735 1387 2801 Societatem
1404 2736 1439 2800 in
1458 2737 1594 2800 univer·

371 2843 673 2920 sumlaudabant,
692 2843 769 2923 ipsa
789 2851 908 2907 autem
928 2842 1081 2908 Ducissa
1102 2844 1334 2924 apraedictis
1349 2845 1486 2908 civibus
1508 2845 1596 2910 satis

373 2969 549 3034 propensa
565 2951 709 3014 inventa
723 2959 777 3012 est
791 2949 837 3013 ad
851 2967 940 3030 cpus
954 2949 1101 3031 Collegit
1117 2951 1399 3033 amplectendum
1413 2949 1434 3032 ';
1448 2952 1541 3017 etita
1558 2969 1595 3016 se

372 3076 515 3124 cessare
544 3058 635 3121 nolle
664 3055 909 3136 affirmabant,
941 3058 1055 3122 donec
1082 3059 1312 3140 impetrarent
1343 3061 1439 3140 quod
1465 3077 1592 3142 propo·

371 3175 528 3231 suerunt.

430 3274 502 3337 912.
544 3272 590 3335 Et
605 3272 722 3337 hocin
738 3281 833 3336 statu
853 3272 958 3339 rebus
980 3271 1229 3350 Parmensibus
1250 3283 1333 3339 tunc
1354 3274 1500 3354 relictis,
1523 3285 1596 3339 tam

373 3381 411 3446 P.
431 3379 615 3445 Salmeron
633 3396 739 3459 quam
757 3377 796 3443 P.
818 3380 979 3460 Baptista
999 3378 1103 3443 Viola
1123 3397 1204 3445 cum
1225 3381 1332 3445 sociis
1352 3379 1364 3412 ⁸
1385 3381 1429 3445 ad
1445 3384 1534 3462 loca,
1551 3383 1597 3446 ad

373 3505 464 3570 quae
479 3486 676 3550 obedientia
691 3504 752 3550 eos
767 3486 1023 3566 destinaverat,
1045 3498 1294 3568 perrexerunt;
1310 3497 1345 3552 et
1359 3499 1499 3570 praeter
1521 3507 1596 3571 pre·

372 3597 459 3660 tium
475 3594 639 3658 venditae
654 3593 778 3658 domus
793 3594 902 3675 ipsius
919 3594 955 3658 P.
972 3593 1109 3674 Violac,
1127 3596 1300 3677 quaedam
1316 3597 1384 3660 alia
1400 3615 1445 3660 ex
1456 3614 1521 3661 suo
1537 3614 1595 3679 pa·

372 3701 537 3769 trimonio
551 3700 657 3764 vendi
673 3700 823 3780 curavit,
839 3713 877 3764 ut
893 3701 1062 3766 viaticum
1077 3711 1110 3765 et
1127 3703 1194 3784 ipsi
1213 3715 1247 3768 et
1267 3703 1373 3768 sociis
1392 3705 1427 3767 in
1442 3701 1595 3770 Galliam

372 3827 483 3891 usque
493 3818 706 3890 suppeteret,
722 3808 790 3872 hoc
805 3825 912 3872 onere
923 3807 1121 3874 Romanam
1133 3808 1286 3876 Domum
1297 3811 1516 3876 sublevando
1530 3809 1552 3875 ⁴.

412 3981 421 4012 ¹
453 3978 520 4024 Vide
530 3988 618 4033 snpra,
628 3984 648 4021 t.
659 3989 677 4032 r,
685 3988 749 4033 pag.
759 3977 807 4030 169,
817 3989 845 4021 ιι.
858 3978 904 4022 tlt.
1024 4023 1026 4026 ,
1604 4030 1608 4040 Ι

412 4051 424 4083 ¹
450 4048 483 4094 lll
494 4051 601 4094 iuventa
609 4047 648 4092 ric
657 4056 734 4102 esset,
744 4049 822 4097 valde
831 4049 879 4094 sibl
889 4051 938 4106 lpsi
947 4050 1078 4095 dlsslmilir
1089 4051 1178 4096 lulsset
1186 4051 1329 4106 Morzarlru
1337 4053 1369 4096 de
1378 4053 1494 4106 Austris,
1502 4056 1536 4098 ab
1544 4055 1597 4106 itta.

375 4132 441 4177 qnae
449 4122 566 4177 plurlbns
575 4127 655 4166 antea
664 4121 739 4165 annls
749 4127 803 4165 tarn
811 4121 1094 4178 iamlltarlterlgnatio,
1103 4123 1197 4168 Codurl
1207 4125 1314 4178 aliisque
1321 4126 1397 4171 sociis
1405 4125 1500 4170 Romae
1514 4127 1598 4172 iuerat

371 4205 428 4248 usa,
439 4199 467 4239 ut
477 4194 567 4237 videre
577 4201 617 4237 est
626 4193 651 4237 ln
663 4191 758 4237 Canas
767 4193 800 4237 da
811 4193 866 4237 San
882 4193 1001 4248 lgnacto,
1016 4200 1034 4239 t.
1046 4207 1054 4238 r
1071 4201 1097 4239 ot
1113 4208 1132 4240 rr
1146 4203 1173 4240 et
1188 4197 1254 4252 apud
1271 4209 1359 4242 ornnes
1371 4199 1433 4247 lore,
1447 4200 1488 4253 qui
1510 4198 1598 4244 Vitam

373 4267 477 4320 [gaam
492 4264 796 4320 sulpura-Caeterum
811 4267 851 4311 lta
865 4266 1002 4322 Polnncus,
1018 4279 1051 4311 ex
1065 4279 1141 4319 corre..
1155 4269 1286 4313 rcribebat
1302 4269 1373 4314 Patri
1392 4269 1475 4325 viola,
1485 4269 1498 4314 2
1508 4272 1519 4296 ·
1529 4271 1598 4326 Maii:

371 4338 418 4382 *Dl
431 4337 553 4382 Madame
562 4349 610 4382 non
623 4338 772 4382 dubbttamo
782 4339 830 4382 che
840 4338 950 4384 horaria
961 4340 1099 4395 piacerdel
1109 4341 1227 4396 collegio,
1235 4353 1276 4386 ma
1286 4342 1309 4385 le
1321 4342 1390 4386 torae
1398 4343 1599 4397 peragglutarlo

372 4421 422 4454 non
434 4421 462 4453 so
473 4417 567 4463 ouante
578 4411 651 4453 siano
662 4441 674 4462 „

414 4480 426 4513 ²
453 4480 543 4525 Socloa
559 4479 631 4523 Patrl
648 4479 791 4524 Salmcronl
806 4491 864 4525 erat
880 4482 983 4535 quidam
998 4484 1098 4527 nomine
1113 4485 1235 4530 Gioiredo
1249 4485 1317 4538 (vide
1332 4497 1419 4540 supra,
1430 4497 1490 4542 pag.
1505 4487 1539 4539 21,
1556 4498 1599 4532 an·

373 4559 424 4596 not.
443 4553 466 4608 5)
481 4554 525 4596 vel
541 4550 628 4604 tertre
645 4551 718 4595 Patri
733 4558 820 4595 autem
835 4551 913 4597 Viola
928 4553 1032 4608 quidam
1042 4554 1191 4602 Baithasar.
1202 4557 1242 4602 lta
1253 4557 1278 4600 in
1292 4557 1388 4600 litteris
1402 4557 1434 4601 ad
1450 4557 1479 4606 P.
1495 4556 1571 4603 Viola
1582 4569 1598 4602 a

377 4623 497 4676 Polanco,
508 4633 542 4666 ex
556 4633 633 4669 com..
647 4622 672 4666 ln
688 4624 778 4666 urbem
792 4621 897 4667 Fornoli
913 4625 998 4668 missis
1007 4625 1044 4668 5.·
1053 4625 1149 4672 Martii.

412 4697 425 4731 ⁴
451 4694 494 4740 “ln
509 4693 604 4740 Parma
619 4692 694 4738 ultro.
709 4693 839 4740 Gloranni
854 4693 940 4741 Llnati
951 4697 985 4741 ha
1001 4699 1115 4744 ronduta
1132 4702 1155 4744 la
1166 4711 1227 4746 casa
1237 4712 1282 4757 per
1292 4701 1361 4748 millo
1372 4712 1385 4746 e
1396 4705 1471 4748 cento
1481 4701 1561 4760 lire,e
1573 4703 1596 4748 le
