3642 5350
768 430 832 493 Αιι.
855 431 926 492 1556
1178 428 1181 431 ’
1404 430 1460 491 825

229 578 387 659 periculo
416 576 590 660 intrepide
614 578 844 661 contempsit;
870 596 962 662 quae
983 580 1092 645 animi
1115 577 1324 661 magnitudo
1348 578 1458 643 etiam

231 685 326 767 apud
344 686 441 767 ipsos
457 685 673 770 japonenses
687 704 857 768 magnam
870 687 922 753 illi
940 686 1141 753 sanctitatis
1160 686 1458 752 existimationem

232 794 449 859 conciliavit.

281 898 383 965 3533.
427 900 507 983 Quo
520 911 679 983 tempore
689 900 756 969 fuit
769 902 885 983 Bungi
896 902 935 967 P.
947 903 1118 970 Melchior
1128 900 1288 985 Nugnez,
1301 900 1402 966 multi
1412 918 1458 967 ex

232 1010 440 1090 proceribus
454 1008 557 1090 regni
571 1018 695 1075 contra
714 1006 850 1091 Regem
871 998 1235 1092 arma'susceperant,
1256 1018 1291 1074 et
1310 1028 1353 1073 eo
1367 1008 1456 1073 occi·

233 1132 285 1197 so,
308 1116 416 1183 alium
434 1115 569 1197 Regem
590 1134 715 1183 creare
733 1118 1002 1199 constituerant3
1017 1127 1053 1183 et
1066 1118 1104 1183 id
1124 1134 1294 1199 magnum
1314 1108 1457 1198 impedi·

232 1233 389 1289 mentum
419 1224 606 1305 evangelio
633 1226 839 1307 praestabat
867 1224 888 1287 ¹.
920 1226 1114 1292 Christiani
1142 1224 1369 1290 nihilominus
1397 1232 1459 1288 aut

230 1340 327 1397 certe
340 1331 435 1397 bona
448 1349 571 1397 eorum
585 1350 670 1415 pars
684 1342 720 1399 et
731 1333 906 1399 sacrificia
918 1334 1108 1399 Missurum
1120 1344 1155 1399 et
1166 1332 1267 1398 verbi
1278 1331 1346 1397 Dei
1357 1349 1457 1413 prae·

229 1438 443 1505 dicationem
462 1440 744 1523 frequentabant,
767 1449 803 1506 et
823 1441 932 1523 aliqui
950 1441 1058 1506 etiam
1076 1439 1122 1506 ad
1141 1440 1272 1506 Christi
1288 1438 1393 1505 fidem
1415 1454 1458 1503 eo

229 1559 386 1630 tempore
401 1558 640 1629 accesserunt,
657 1551 766 1614 multo
780 1550 899 1630 plures
913 1548 1039 1629 futuri,
1054 1548 1086 1613 si
1101 1547 1293 1613 seditiones
1311 1557 1347 1612 et
1365 1546 1458 1611 bella

231 1672 293 1721 eos
306 1672 378 1720 non
392 1656 645 1721 retardassent.
1144 1652 1148 1660 '

290 1761 382 1827 3534.
425 1762 560 1828 Partim
585 1780 671 1845 ergo
696 1761 790 1843 quod
815 1780 965 1845 regnum
989 1763 1075 1828 illud
1098 1761 1305 1827 tumultibus
1322 1760 1460 1825 bellicis

232 1869 404 1951 fervebat,
433 1871 563 1953 partim
591 1872 685 1954 quod
713 1872 884 1937 continua
909 1871 997 1936 febri
1025 1871 1064 1936 P.
1091 1871 1274 1951 Melchior,
1291 1867 1459 1952 quamdiu

232 1976 348 2059 Bungi
361 1978 438 2058 suit,
453 1978 650 2059 laborabat,
666 1978 821 2044 fructum
842 1979 1011 2059 exiguum
1030 1995 1117 2043 suae
1138 1977 1360 2061 praesentiae
1382 1974 1460 2041 iore

232 2086 451 2166 existimans,
471 2087 508 2151 in
525 2085 661 2152 Indiam
680 2087 796 2153 redire
817 2096 852 2152 et
876 2085 1111 2151 Prouincialis
1132 2102 1257 2174 curam
1278 2100 1458 2163 exercere,

233 2195 312 2274 (nec
327 2194 421 2259 enim
435 2192 551 2259 adbuc
567 2194 624 2259 ille
639 2195 731 2259 scire
745 2203 886 2275 poterat
899 2210 1146 2259 successorem
1157 2211 1199 2259 eo
1210 2192 1248 2258 in
1262 2190 1378 2256 officio
1392 2191 1461 2256 sibi

233 2301 379 2382 datum),
395 2301 587 2366 constituit.

290 2407 382 2472 3535.
426 2406 579 2490 Magnus
593 2409 712 2492 itaque
724 2410 783 2475 ille
797 2419 992 2493 apparatus
1006 2418 1041 2475 et
1054 2409 1188 2488 fervor,
1199 2426 1282 2491 quo,
1298 2425 1363 2473 sua
1378 2406 1459 2472 Pro·

232 2516 350 2581 vincia
365 2516 503 2595 relicta,
520 2516 557 2581 in
570 2515 743 2600 Japonem
757 2518 880 2583 venire
893 2518 1023 2596 voluit,
1043 2516 1148 2583 facile
1166 2535 1212 2583 ex
1229 2515 1366 2581 itineris
1386 2515 1461 2579 diu·

233 2624 401 2690 turnitate
421 2622 485 2707 [et]¹
501 2626 631 2706 exiguo
652 2641 820 2694 successu
834 2626 947 2710 ipsius
957 2626 1178 2692 adventusin
1191 2624 1376 2710 Japonem,
1388 2638 1460 2688 non

235 2749 256 2796 a
271 2729 392 2797 divino
407 2732 531 2814 spiritu
543 2733 651 2798 luisse
663 2733 855 2814 proiectus,
868 2733 932 2800 sed
942 2752 965 2798 a
975 2734 1120 2816 propria
1133 2734 1313 2798 voluntate
1324 2739 1361 2796 et
1372 2729 1461 2811 J'udi·

235 2839 302 2920 cio,
322 2839 404 2904 licet
418 2840 524 2917 bono,
544 2839 658 2904 videri
672 2851 794 2922 posset
809 2841 831 2906 ⁸.
1238 2911 1243 2918 ,

292 2945 385 3013 3536.
427 2945 582 3029 Reliquit
596 2958 714 3014 autem
728 2947 766 3013 P.
784 2948 950 3014 Villelam
965 2957 999 3014 et
1014 2951 1104 3014 duos
1115 2949 1205 3014 alios
1217 2948 1359 3028 iratres,
1371 2954 1410 3011 ut
1424 2947 1461 3011 in

231 3055 338 3118 vinea
349 3052 537 3137 japonensi
550 3057 747 3121 excolenda
761 3057 850 3122 alios
861 3056 1041 3139 jnvarent3
1057 3057 1156 3122 etita
1174 3065 1255 3122 octo
1269 3073 1315 3121 ex
1328 3054 1462 3121 nostris

234 3162 406 3244 operariis
420 3160 457 3226 in
469 3180 513 3226 ea
528 3163 674 3244 regione
688 3180 767 3230 esse
782 3174 987 3245 coeperunt.
1011 3163 1091 3247 Ipse
1109 3180 1197 3229 vero
1217 3162 1256 3229 P.
1277 3162 1460 3242 Melcbior‚

231 3270 312 3336 licet
326 3271 535 3336 saevissime
549 3271 703 3353 quinque
719 3270 855 3336 dierum
869 3281 1078 3355 tempestate
1089 3271 1257 3353 jactatus,
1273 3271 1310 3336 in
1324 3269 1461 3335 Indiam

231 3379 419 3444 incolumis
433 3379 605 3461 pervenit.

291 3486 383 3552 3537.
427 3485 511 3552 Post
524 3486 738 3568 legationem
757 3487 938 3569 Prossregis
956 3488 1076 3554 indiae
1095 3487 1172 3553 Rex
1186 3487 1302 3568 Bungi
1315 3485 1462 3551 dederat

233 3595 365 3660 nostris
378 3595 552 3676 quasdam
566 3601 651 3659 suds
665 3596 789 3660 domos
804 3613 848 3660 ex
863 3596 969 3676 lignis
980 3596 1078 3660 cedri
1093 3594 1274 3661 confectas
1282 3643 1290 3676 ,
1307 3609 1398 3677 quae
1411 3593 1460 3658 in·

233 3713 288 3768 ter
298 3702 508 3784 praecipuas
519 3700 595 3784 ejus
606 3702 703 3767 urbis
714 3703 942 3783 erant,simul
953 3720 1035 3768 cum
1045 3703 1222 3783 vectigale
1233 3718 1351 3767 annuo
1362 3702 1460 3782 quio·

234 3810 405 3894 quaginta
420 3809 640 3889 ducatorum,
657 3810 738 3874 licet
752 3828 823 3875 non
839 3810 970 3891 optime
984 3810 1020 3875 id
1040 3811 1245 3875 solvebatur
1266 3827 1288 3874 a
1308 3807 1461 3891 quodam

232 3917 353 3996 nobili,
370 3917 427 3982 cui
441 3917 519 3981 Rex
533 3917 569 3980 id
583 3913 795 3997 injunxerat.
812 3916 933 3982 Nostri
953 3925 1072 3983 autem
1085 3917 1137 3982 sic
1158 3935 1196 3982 se
1210 3916 1406 3998 habebant,
1423 3925 1462 3981 ut

233 4026 352 4091 oblata
366 4025 604 4104 admitterent,
621 4025 709 4090 nihil
723 4033 842 4090 tamen
857 4025 1054 4107 exigerent.

272 4195 281 4228 ¹
309 4194 455 4241 Voluerunt
465 4196 567 4252 qnidam
576 4195 722 4250 perduelles
737 4195 835 4250 Regem
852 4195 936 4251 Bnngi
953 4197 1080 4246 occidere.
1092 4202 1119 4241 et
1130 4197 1209 4242 allum
1220 4196 1289 4241 illins
1299 4197 1355 4240 loco
1366 4195 1462 4241 consti·

231 4275 312 4322 tuere:
329 4273 357 4312 st
371 4267 436 4312 vlctl
450 4269 618 4324 snperathue
633 4267 743 4312 inerunt.
760 4265 827 4312 Vide
844 4267 921 4321 inire,
935 4279 956 4311 n
971 4267 1054 4312 33³9ae
1063 4267 1151 4313 “Hunc
1167 4278 1272 4313 cursum
1286 4279 1345 4312 enm
1360 4272 1464 4312 teneret

230 4339 374 4385 christinus
383 4349 427 4384 res
434 4339 526 4394 Bongi,
536 4345 642 4395 repente
652 4338 744 4396 gravis
754 4345 794 4384 est
809 4344 900 4385 coortu
910 4339 1012 4384 seditio.
1022 4339 1148 4385 Defecere
1160 4351 1176 4384 ι
1186 4339 1258 4396 Rege
1268 4339 1387 4395 primsril
1401 4349 1463 4384 non·

229 4413 291 4456 nolli
301 4417 332 4455 ut·
339 4412 363 4455 el
373 4412 526 4456 molirentur
536 4411 652 4462 exitium.
661 4418 687 4455 et
697 4411 776 4456 allum
786 4411 811 4456 lo
821 4411 887 4456 solio
897 4412 1081 4457 collocarent...
1098 4411 1255 4466 Compositis
1272 4411 1363 4456 deinde
1374 4412 1461 4464 rebus,

231 4492 257 4529 et
268 4494 332 4539 psce
342 4483 440 4538 Regem
456 4483 523 4528 inter
533 4494 565 4528 sc
579 4484 725 4538 perduelles
741 4483 889 4538 conciliata,
898 4494 951 4528 sos
961 4483 1097 4528 Ecclesiae
1110 4483 1272 4528 ioecnmlitss
1281 4483 1403 4538 redllt...„
1411 4481 1462 4528 Οι-

231 4566 346 4608 ιιιιιοιιιι,
357 4555 374 4598 l.
385 4567 417 4607 c.,
425 4555 468 4599 ilb.
479 4565 533 4610 xvr,
544 4565 569 4600 ιι.
584 4553 619 4600 86.

273 4626 285 4659 ⁸
311 4625 485 4679 lis-Magnus
494 4627 586 4680 itaque
596 4626 644 4671 ille
653 4631 806 4681 apparatus
815 4629 841 4671 et
849 4628 969 4681 fervor...
984 4637 1037 4671 nors
1053 4639 1070 4671 a
1086 4626 1387 4684 divinosplrs'tssfuisse
1394 4632 1456 4684 pro·

231 4699 342 4755 sectum,
350 4697 399 4742 sed
408 4709 425 4742 a
431 4699 545 4752 propria
555 4697 721 4744 voluntate...
728 4696 881 4753 profectum
891 4699 931 4744 iri
938 4698 1029 4744 uideri
1039 4704 1128 4756 posse.
