<?xml version="1.0" encoding="UTF-8"?>
<!DOCTYPE html PUBLIC "-//W3C//DTD XHTML 1.0 Transitional//EN"
    "http://www.w3.org/TR/xhtml1/DTD/xhtml1-transitional.dtd">
<html xmlns="http://www.w3.org/1999/xhtml" xml:lang="en" lang="en">
 <head>
  <title>
</title>
<meta http-equiv="Content-Type" content="text/html;charset=utf-8" />
  <meta name='ocr-system' content='tesseract 3.04.00' />
  <meta name='ocr-capabilities' content='ocr_page ocr_carea ocr_par ocr_line ocrx_word'/>
</head>
<body>
  <div class='ocr_page' id='page_1' title='image "./vitaignatiiloio00polagoog_0030.png"; bbox 0 0 3642 5350; ppageno 0'>
   <div class='ocr_carea' id='block_1_1' title="bbox 331 385 1101 462">
    <p class='ocr_par' dir='ltr' id='par_1_1' title="bbox 331 385 1101 462">
     <span class='ocr_line' id='line_1_1' title="bbox 331 385 1101 462; baseline 0.001 -15"><span class='ocrx_word' id='word_1_1' title='bbox 331 385 368 447; x_wconf 69' lang='grc'>24</span> <span class='ocrx_word' id='word_1_2' title='bbox 787 391 912 450; x_wconf 77' lang='lat' dir='ltr'>Canon.</span> <span class='ocrx_word' id='word_1_3' title='bbox 933 387 1010 450; x_wconf 86' lang='lat' dir='ltr'><strong>Soc.</strong></span> <span class='ocrx_word' id='word_1_4' title='bbox 1030 392 1101 462; x_wconf 80' lang='lat' dir='ltr'>Jss.</span> 
     </span>
    </p>
   </div>
   <div class='ocr_carea' id='block_1_2' title="bbox 332 530 1575 4144">
    <p class='ocr_par' dir='ltr' id='par_1_2' title="bbox 332 530 1563 1238">
     <span class='ocr_line' id='line_1_2' title="bbox 332 530 1559 613; baseline 0 -15"><span class='ocrx_word' id='word_1_5' title='bbox 332 533 394 613; x_wconf 90' lang='lat' dir='ltr'>gio</span> <span class='ocrx_word' id='word_1_6' title='bbox 410 530 557 598; x_wconf 85' lang='lat' dir='ltr'>Senensi</span> <span class='ocrx_word' id='word_1_7' title='bbox 571 533 709 598; x_wconf 89' lang='lat' dir='ltr'>initium</span> <span class='ocrx_word' id='word_1_8' title='bbox 724 534 844 600; x_wconf 87' lang='lat' dir='ltr'>datum</span> <span class='ocrx_word' id='word_1_9' title='bbox 859 546 926 600; x_wconf 88' lang='lat' dir='ltr'>est.</span> <span class='ocrx_word' id='word_1_10' title='bbox 941 533 1027 598; x_wconf 86' lang='lat' dir='ltr'>Post</span> <span class='ocrx_word' id='word_1_11' title='bbox 1041 536 1241 599; x_wconf 83' lang='lat' dir='ltr'>consectum</span> <span class='ocrx_word' id='word_1_12' title='bbox 1255 535 1351 598; x_wconf 89' lang='lat' dir='ltr'>enim</span> <span class='ocrx_word' id='word_1_13' title='bbox 1365 534 1494 598; x_wconf 87' lang='lat' dir='ltr'>bellum</span> <span class='ocrx_word' id='word_1_14' title='bbox 1506 551 1559 598; x_wconf 90' lang='lat' dir='ltr'>se·</span> 
     </span>
     <span class='ocr_line' id='line_1_3' title="bbox 333 639 1562 723; baseline 0.002 -21"><span class='ocrx_word' id='word_1_15' title='bbox 333 657 454 717; x_wconf 88' lang='lat' dir='ltr'>nense,</span> <span class='ocrx_word' id='word_1_16' title='bbox 470 658 512 703; x_wconf 88' lang='lat' dir='ltr'>ea</span> <span class='ocrx_word' id='word_1_17' title='bbox 527 641 613 704; x_wconf 92' lang='lat' dir='ltr'>urbe</span> <span class='ocrx_word' id='word_1_18' title='bbox 634 658 677 704; x_wconf 89' lang='lat' dir='ltr'>ac</span> <span class='ocrx_word' id='word_1_19' title='bbox 696 641 851 706; x_wconf 92' lang='lat' dir='ltr'>dominio</span> <span class='ocrx_word' id='word_1_20' title='bbox 870 643 906 707; x_wconf 91' lang='lat' dir='ltr'>in</span> <span class='ocrx_word' id='word_1_21' title='bbox 928 650 1141 723; x_wconf 88' lang='lat' dir='ltr'>potestatem</span> <span class='ocrx_word' id='word_1_22' title='bbox 1159 641 1311 722; x_wconf 88' lang='lat' dir='ltr'>Philippi</span> <span class='ocrx_word' id='word_1_23' title='bbox 1330 639 1440 721; x_wconf 91' lang='lat' dir='ltr'>Regis</span> <span class='ocrx_word' id='word_1_24' title='bbox 1460 642 1562 707; x_wconf 84' lang='lat' dir='ltr'>reda·</span> 
     </span>
     <span class='ocr_line' id='line_1_4' title="bbox 335 746 1563 828; baseline -0.001 -17"><span class='ocrx_word' id='word_1_25' title='bbox 335 755 404 828; x_wconf 92' lang='lat' dir='ltr'>cto,</span> <span class='ocrx_word' id='word_1_26' title='bbox 429 764 509 811; x_wconf 92' lang='lat' dir='ltr'>cum</span> <span class='ocrx_word' id='word_1_27' title='bbox 533 746 758 812; x_wconf 85' lang='lat' dir='ltr'>Gubernator</span> <span class='ocrx_word' id='word_1_28' title='bbox 772 748 902 813; x_wconf 86' lang='lat' dir='ltr'>ibidem</span> <span class='ocrx_word' id='word_1_29' title='bbox 917 750 1058 828; x_wconf 87' lang='lat' dir='ltr'>missus,</span> <span class='ocrx_word' id='word_1_30' title='bbox 1076 747 1263 827; x_wconf 80' lang='lat' dir='ltr'>Dominus,</span> <span class='ocrx_word' id='word_1_31' title='bbox 1279 748 1495 812; x_wconf 87' lang='lat' dir='ltr'>Franciscus</span> <span class='ocrx_word' id='word_1_32' title='bbox 1515 748 1563 811; x_wconf 90' lang='lat' dir='ltr'>de</span> 
     </span>
     <span class='ocr_line' id='line_1_5' title="bbox 334 853 1559 936; baseline 0 -18"><span class='ocrx_word' id='word_1_33' title='bbox 334 853 480 932; x_wconf 89' lang='lat' dir='ltr'>Toledo,</span> <span class='ocrx_word' id='word_1_34' title='bbox 497 865 648 918; x_wconf 88' lang='lat' dir='ltr'>mortem</span> <span class='ocrx_word' id='word_1_35' title='bbox 663 856 807 920; x_wconf 89' lang='lat' dir='ltr'>obiisset</span> <span class='ocrx_word' id='word_1_36' title='bbox 823 854 844 935; x_wconf 89' lang='lat'>¹,</span> <span class='ocrx_word' id='word_1_37' title='bbox 862 857 991 920; x_wconf 91' lang='lat' dir='ltr'>missus</span> <span class='ocrx_word' id='word_1_38' title='bbox 1006 855 1120 919; x_wconf 91' lang='lat' dir='ltr'>estad</span> <span class='ocrx_word' id='word_1_39' title='bbox 1135 853 1239 936; x_wconf 86' lang='lat' dir='ltr'>hujus</span> <span class='ocrx_word' id='word_1_40' title='bbox 1253 853 1399 919; x_wconf 88' lang='lat' dir='ltr'>dominii</span> <span class='ocrx_word' id='word_1_41' title='bbox 1413 855 1559 919; x_wconf 87' lang='lat' dir='ltr'>admini-</span> 
     </span>
     <span class='ocr_line' id='line_1_6' title="bbox 336 960 1563 1040; baseline 0.001 -15"><span class='ocrx_word' id='word_1_42' title='bbox 336 962 545 1026; x_wconf 83' lang='lat' dir='ltr'>strationem</span> <span class='ocrx_word' id='word_1_43' title='bbox 570 960 743 1026; x_wconf 88' lang='lat' dir='ltr'>Dominus</span> <span class='ocrx_word' id='word_1_44' title='bbox 768 961 984 1028; x_wconf 87' lang='lat' dir='ltr'>Franciscus</span> <span class='ocrx_word' id='word_1_45' title='bbox 1007 962 1051 1026; x_wconf 90' lang='lat' dir='ltr'>de</span> <span class='ocrx_word' id='word_1_46' title='bbox 1078 962 1269 1040; x_wconf 89' lang='lat' dir='ltr'>Mendoza,</span> <span class='ocrx_word' id='word_1_47' title='bbox 1299 961 1498 1027; x_wconf 91' lang='lat' dir='ltr'>Cardinalis</span> <span class='ocrx_word' id='word_1_48' title='bbox 1526 971 1563 1026; x_wconf 91' lang='lat' dir='ltr'>et</span> 
     </span>
     <span class='ocr_line' id='line_1_7' title="bbox 334 1066 1561 1150; baseline 0 -18"><span class='ocrx_word' id='word_1_49' title='bbox 334 1066 532 1150; x_wconf 89' lang='lat' dir='ltr'>Episcopus</span> <span class='ocrx_word' id='word_1_50' title='bbox 556 1067 761 1148; x_wconf 91' lang='lat' dir='ltr'>Burgensis,</span> <span class='ocrx_word' id='word_1_51' title='bbox 788 1069 929 1134; x_wconf 89' lang='lat' dir='ltr'>interim</span> <span class='ocrx_word' id='word_1_52' title='bbox 953 1069 1038 1134; x_wconf 91' lang='lat' dir='ltr'>dum</span> <span class='ocrx_word' id='word_1_53' title='bbox 1062 1067 1140 1134; x_wconf 88' lang='lat' dir='ltr'>Rex</span> <span class='ocrx_word' id='word_1_54' title='bbox 1164 1069 1225 1132; x_wconf 88' lang='lat' dir='ltr'>alii</span> <span class='ocrx_word' id='word_1_55' title='bbox 1243 1069 1337 1132; x_wconf 87' lang='lat' dir='ltr'>banc</span> <span class='ocrx_word' id='word_1_56' title='bbox 1357 1086 1482 1132; x_wconf 89' lang='lat' dir='ltr'>curam</span> <span class='ocrx_word' id='word_1_57' title='bbox 1502 1069 1561 1132; x_wconf 91' lang='lat' dir='ltr'>de·</span> 
     </span>
     <span class='ocr_line' id='line_1_8' title="bbox 334 1173 566 1238; baseline -0.017 0"><span class='ocrx_word' id='word_1_58' title='bbox 334 1175 527 1238; x_wconf 89' lang='lat' dir='ltr'>mandabat</span> <span class='ocrx_word' id='word_1_59' title='bbox 542 1173 566 1234; x_wconf 80' lang='lat'>⁸.</span> 
     </span>
    </p>

    <p class='ocr_par' dir='ltr' id='par_1_3' title="bbox 335 1279 1569 2753">
     <span class='ocr_line' id='line_1_9' title="bbox 394 1279 1564 1362; baseline 0 -18"><span class='ocrx_word' id='word_1_60' title='bbox 394 1280 445 1344; x_wconf 83' lang='lat'>62.</span> <span class='ocrx_word' id='word_1_61' title='bbox 488 1281 549 1345; x_wconf 91' lang='lat' dir='ltr'>Ille</span> <span class='ocrx_word' id='word_1_62' title='bbox 563 1289 694 1361; x_wconf 90' lang='lat' dir='ltr'>autem,</span> <span class='ocrx_word' id='word_1_63' title='bbox 711 1282 885 1362; x_wconf 81' lang='lat' dir='ltr'>spirituali</span> <span class='ocrx_word' id='word_1_64' title='bbox 899 1283 1143 1346; x_wconf 80' lang='lat' dir='ltr'>consolatione</span> <span class='ocrx_word' id='word_1_65' title='bbox 1158 1279 1310 1346; x_wconf 84' lang='lat' dir='ltr'>afflictae</span> <span class='ocrx_word' id='word_1_66' title='bbox 1328 1282 1466 1346; x_wconf 84' lang='lat' dir='ltr'>civitati</span> <span class='ocrx_word' id='word_1_67' title='bbox 1481 1299 1564 1346; x_wconf 88' lang='lat' dir='ltr'>con-</span> 
     </span>
     <span class='ocr_line' id='line_1_10' title="bbox 336 1387 1564 1470; baseline 0.001 -19"><span class='ocrx_word' id='word_1_68' title='bbox 336 1389 452 1452; x_wconf 91' lang='lat' dir='ltr'>sulere</span> <span class='ocrx_word' id='word_1_69' title='bbox 467 1389 624 1469; x_wconf 88' lang='lat' dir='ltr'>cupiens,</span> <span class='ocrx_word' id='word_1_70' title='bbox 641 1387 679 1451; x_wconf 86' lang='grc' dir='ltr'>Ρ.</span> <span class='ocrx_word' id='word_1_71' title='bbox 693 1389 830 1468; x_wconf 84' lang='lat' dir='ltr'>ignatio</span> <span class='ocrx_word' id='word_1_72' title='bbox 842 1389 995 1470; x_wconf 88' lang='lat' dir='ltr'>scripsit,</span> <span class='ocrx_word' id='word_1_73' title='bbox 1009 1407 1139 1470; x_wconf 89' lang='lat' dir='ltr'>cupere</span> <span class='ocrx_word' id='word_1_74' title='bbox 1153 1407 1191 1453; x_wconf 87' lang='lat' dir='ltr'>se</span> <span class='ocrx_word' id='word_1_75' title='bbox 1202 1390 1340 1469; x_wconf 88' lang='lat' dir='ltr'>aliquos</span> <span class='ocrx_word' id='word_1_76' title='bbox 1350 1406 1436 1452; x_wconf 89' lang='lat' dir='ltr'>suae</span> <span class='ocrx_word' id='word_1_77' title='bbox 1446 1389 1564 1453; x_wconf 82' lang='lat' dir='ltr'>Socie-</span> 
     </span>
     <span class='ocr_line' id='line_1_11' title="bbox 337 1495 1564 1577; baseline -0.001 -18"><span class='ocrx_word' id='word_1_78' title='bbox 337 1495 423 1559; x_wconf 86' lang='lat' dir='ltr'>tatis</span> <span class='ocrx_word' id='word_1_79' title='bbox 439 1495 633 1576; x_wconf 88' lang='lat' dir='ltr'>operarios,</span> <span class='ocrx_word' id='word_1_80' title='bbox 650 1495 710 1577; x_wconf 91' lang='lat' dir='ltr'>qui</span> <span class='ocrx_word' id='word_1_81' title='bbox 729 1497 859 1576; x_wconf 89' lang='lat' dir='ltr'>partim</span> <span class='ocrx_word' id='word_1_82' title='bbox 880 1495 1137 1575; x_wconf 88' lang='lat' dir='ltr'>concionando,</span> <span class='ocrx_word' id='word_1_83' title='bbox 1157 1496 1367 1576; x_wconf 87' lang='lat' dir='ltr'>praesertim</span> <span class='ocrx_word' id='word_1_84' title='bbox 1388 1496 1424 1560; x_wconf 92' lang='lat' dir='ltr'>in</span> <span class='ocrx_word' id='word_1_85' title='bbox 1445 1513 1564 1560; x_wconf 90' lang='lat' dir='ltr'>carce-</span> 
     </span>
     <span class='ocr_line' id='line_1_12' title="bbox 338 1600 1560 1685; baseline -0.002 -17"><span class='ocrx_word' id='word_1_86' title='bbox 338 1602 435 1668; x_wconf 88' lang='lat' dir='ltr'>ribus</span> <span class='ocrx_word' id='word_1_87' title='bbox 449 1613 483 1666; x_wconf 89' lang='lat' dir='ltr'>et</span> <span class='ocrx_word' id='word_1_88' title='bbox 499 1600 702 1682; x_wconf 91' lang='lat' dir='ltr'>hujusmodi</span> <span class='ocrx_word' id='word_1_89' title='bbox 715 1603 784 1684; x_wconf 92' lang='lat' dir='ltr'>piis</span> <span class='ocrx_word' id='word_1_90' title='bbox 798 1604 896 1682; x_wconf 90' lang='lat' dir='ltr'>locis,</span> <span class='ocrx_word' id='word_1_91' title='bbox 913 1603 1043 1685; x_wconf 89' lang='lat' dir='ltr'>partim</span> <span class='ocrx_word' id='word_1_92' title='bbox 1057 1603 1163 1668; x_wconf 90' lang='lat' dir='ltr'>etiam</span> <span class='ocrx_word' id='word_1_93' title='bbox 1184 1603 1383 1667; x_wconf 87' lang='lat' dir='ltr'>doctrinam</span> <span class='ocrx_word' id='word_1_94' title='bbox 1402 1603 1560 1666; x_wconf 90' lang='lat' dir='ltr'>christia·</span> 
     </span>
     <span class='ocr_line' id='line_1_13' title="bbox 338 1709 1566 1790; baseline -0.001 -16"><span class='ocrx_word' id='word_1_95' title='bbox 338 1727 422 1774; x_wconf 88' lang='lat' dir='ltr'>nam</span> <span class='ocrx_word' id='word_1_96' title='bbox 452 1718 486 1772; x_wconf 92' lang='lat' dir='ltr'>et</span> <span class='ocrx_word' id='word_1_97' title='bbox 513 1710 787 1790; x_wconf 84' lang='lat' dir='ltr'>grammaticam</span> <span class='ocrx_word' id='word_1_98' title='bbox 815 1711 987 1790; x_wconf 89' lang='lat' dir='ltr'>docendo,</span> <span class='ocrx_word' id='word_1_99' title='bbox 1017 1711 1235 1775; x_wconf 86' lang='lat' dir='ltr'>benemereti</span> <span class='ocrx_word' id='word_1_100' title='bbox 1262 1709 1307 1774; x_wconf 93' lang='lat' dir='ltr'>de</span> <span class='ocrx_word' id='word_1_101' title='bbox 1334 1711 1393 1774; x_wconf 85' lang='lat' dir='ltr'>illa</span> <span class='ocrx_word' id='word_1_102' title='bbox 1418 1709 1566 1774; x_wconf 88' lang='lat' dir='ltr'>civitate</span> 
     </span>
     <span class='ocr_line' id='line_1_14' title="bbox 335 1813 1566 1896; baseline 0.001 -18"><span class='ocrx_word' id='word_1_103' title='bbox 335 1813 437 1896; x_wconf 88' lang='lat' dir='ltr'>juxta</span> <span class='ocrx_word' id='word_1_104' title='bbox 460 1814 614 1880; x_wconf 88' lang='lat' dir='ltr'>Instituti</span> <span class='ocrx_word' id='word_1_105' title='bbox 638 1817 751 1881; x_wconf 89' lang='lat' dir='ltr'>nostri</span> <span class='ocrx_word' id='word_1_106' title='bbox 776 1815 964 1881; x_wconf 84' lang='lat' dir='ltr'>formulam</span> <span class='ocrx_word' id='word_1_107' title='bbox 992 1818 1185 1881; x_wconf 89' lang='lat' dir='ltr'>studerent.</span> <span class='ocrx_word' id='word_1_108' title='bbox 1215 1817 1261 1880; x_wconf 89' lang='lat' dir='ltr'>Et</span> <span class='ocrx_word' id='word_1_109' title='bbox 1287 1826 1440 1896; x_wconf 87' lang='lat' dir='ltr'>quatuor</span> <span class='ocrx_word' id='word_1_110' title='bbox 1463 1816 1566 1880; x_wconf 90' lang='lat' dir='ltr'>initio</span> 
     </span>
     <span class='ocr_line' id='line_1_15' title="bbox 337 1923 1563 2005; baseline -0.001 -18"><span class='ocrx_word' id='word_1_111' title='bbox 337 1923 433 1988; x_wconf 90' lang='lat' dir='ltr'>mitti</span> <span class='ocrx_word' id='word_1_112' title='bbox 447 1923 660 2003; x_wconf 86' lang='lat' dir='ltr'>postulabat,</span> <span class='ocrx_word' id='word_1_113' title='bbox 682 1924 809 2004; x_wconf 90' lang='lat' dir='ltr'>quibus</span> <span class='ocrx_word' id='word_1_114' title='bbox 827 1924 903 2005; x_wconf 91' lang='lat' dir='ltr'>ipse</span> <span class='ocrx_word' id='word_1_115' title='bbox 925 1935 959 1988; x_wconf 90' lang='lat' dir='ltr'>et</span> <span class='ocrx_word' id='word_1_116' title='bbox 982 1924 1136 2002; x_wconf 86' lang='lat' dir='ltr'>domum,</span> <span class='ocrx_word' id='word_1_117' title='bbox 1159 1934 1195 1987; x_wconf 88' lang='lat' dir='ltr'>et</span> <span class='ocrx_word' id='word_1_118' title='bbox 1215 1924 1414 2001; x_wconf 89' lang='lat' dir='ltr'>ecclesiam,</span> <span class='ocrx_word' id='word_1_119' title='bbox 1436 1933 1472 1986; x_wconf 90' lang='lat' dir='ltr'>et</span> <span class='ocrx_word' id='word_1_120' title='bbox 1493 1923 1563 1986; x_wconf 88' lang='lat' dir='ltr'>alia</span> 
     </span>
     <span class='ocr_line' id='line_1_16' title="bbox 338 2028 1567 2112; baseline 0.001 -20"><span class='ocrx_word' id='word_1_121' title='bbox 338 2028 541 2093; x_wconf 89' lang='lat' dir='ltr'>necessaria</span> <span class='ocrx_word' id='word_1_122' title='bbox 563 2029 609 2092; x_wconf 89' lang='lat' dir='ltr'>ad</span> <span class='ocrx_word' id='word_1_123' title='bbox 629 2030 764 2094; x_wconf 91' lang='lat' dir='ltr'>victum</span> <span class='ocrx_word' id='word_1_124' title='bbox 785 2049 823 2095; x_wconf 92' lang='lat' dir='ltr'>se</span> <span class='ocrx_word' id='word_1_125' title='bbox 845 2040 1114 2112; x_wconf 85' lang='lat' dir='ltr'>prospecturum</span> <span class='ocrx_word' id='word_1_126' title='bbox 1135 2031 1289 2112; x_wconf 86' lang='lat' dir='ltr'>scripsit.</span> <span class='ocrx_word' id='word_1_127' title='bbox 1315 2029 1421 2093; x_wconf 90' lang='lat' dir='ltr'>Pater</span> <span class='ocrx_word' id='word_1_128' title='bbox 1444 2030 1567 2110; x_wconf 89' lang='lat' dir='ltr'>itaque</span> 
     </span>
     <span class='ocr_line' id='line_1_17' title="bbox 336 2135 1565 2218; baseline -0.001 -19"><span class='ocrx_word' id='word_1_129' title='bbox 336 2135 507 2216; x_wconf 80' lang='lat' dir='ltr'>IgnatiuS‚</span> <span class='ocrx_word' id='word_1_130' title='bbox 520 2139 614 2217; x_wconf 91' lang='lat' dir='ltr'>quod</span> <span class='ocrx_word' id='word_1_131' title='bbox 626 2136 693 2200; x_wconf 88' lang='lat' dir='ltr'>hoc</span> <span class='ocrx_word' id='word_1_132' title='bbox 705 2154 794 2218; x_wconf 91' lang='lat' dir='ltr'>opus</span> <span class='ocrx_word' id='word_1_133' title='bbox 805 2155 958 2218; x_wconf 88' lang='lat' dir='ltr'>magnae</span> <span class='ocrx_word' id='word_1_134' title='bbox 973 2137 1157 2201; x_wconf 88' lang='lat' dir='ltr'>charitatis</span> <span class='ocrx_word' id='word_1_135' title='bbox 1167 2155 1247 2202; x_wconf 91' lang='lat' dir='ltr'>esse</span> <span class='ocrx_word' id='word_1_136' title='bbox 1257 2136 1479 2216; x_wconf 85' lang='lat' dir='ltr'>intelligeret,</span> <span class='ocrx_word' id='word_1_137' title='bbox 1493 2153 1565 2199; x_wconf 94' lang='lat' dir='ltr'>non</span> 
     </span>
     <span class='ocr_line' id='line_1_18' title="bbox 337 2241 1569 2325; baseline 0 -19"><span class='ocrx_word' id='word_1_138' title='bbox 337 2245 453 2308; x_wconf 90' lang='lat' dir='ltr'>solum</span> <span class='ocrx_word' id='word_1_139' title='bbox 472 2243 567 2325; x_wconf 90' lang='lat' dir='ltr'>quod</span> <span class='ocrx_word' id='word_1_140' title='bbox 585 2245 727 2324; x_wconf 89' lang='lat' dir='ltr'>petebat</span> <span class='ocrx_word' id='word_1_141' title='bbox 747 2243 948 2309; x_wconf 88' lang='lat' dir='ltr'>Cardinalis</span> <span class='ocrx_word' id='word_1_142' title='bbox 966 2262 1005 2308; x_wconf 91' lang='lat' dir='ltr'>se</span> <span class='ocrx_word' id='word_1_143' title='bbox 1025 2245 1203 2310; x_wconf 81' lang='lat' dir='ltr'>facturum</span> <span class='ocrx_word' id='word_1_144' title='bbox 1224 2244 1367 2324; x_wconf 89' lang='lat' dir='ltr'>recepit,</span> <span class='ocrx_word' id='word_1_145' title='bbox 1383 2243 1446 2306; x_wconf 91' lang='lat' dir='ltr'>sed</span> <span class='ocrx_word' id='word_1_146' title='bbox 1466 2241 1569 2306; x_wconf 89' lang='lat' dir='ltr'>Patri</span> 
     </span>
     <span class='ocr_line' id='line_1_19' title="bbox 338 2347 1565 2432; baseline -0.003 -16"><span class='ocrx_word' id='word_1_147' title='bbox 338 2347 546 2430; x_wconf 90' lang='lat' dir='ltr'>Salmeroni,</span> <span class='ocrx_word' id='word_1_148' title='bbox 563 2353 623 2432; x_wconf 92' lang='lat' dir='ltr'>qui</span> <span class='ocrx_word' id='word_1_149' title='bbox 638 2361 721 2415; x_wconf 91' lang='lat' dir='ltr'>tunc</span> <span class='ocrx_word' id='word_1_150' title='bbox 736 2353 901 2416; x_wconf 86' lang='lat' dir='ltr'>veniebat</span> <span class='ocrx_word' id='word_1_151' title='bbox 916 2371 962 2416; x_wconf 87' lang='lat' dir='ltr'>ex</span> <span class='ocrx_word' id='word_1_152' title='bbox 975 2351 1135 2431; x_wconf 90' lang='lat' dir='ltr'>Polonia,</span> <span class='ocrx_word' id='word_1_153' title='bbox 1148 2351 1345 2415; x_wconf 87' lang='lat' dir='ltr'>Bononiam</span> <span class='ocrx_word' id='word_1_154' title='bbox 1355 2351 1492 2414; x_wconf 91' lang='lat' dir='ltr'>litteras</span> <span class='ocrx_word' id='word_1_155' title='bbox 1503 2349 1565 2413; x_wconf 91' lang='lat' dir='ltr'>mi·</span> 
     </span>
     <span class='ocr_line' id='line_1_20' title="bbox 340 2453 1566 2539; baseline -0.001 -19"><span class='ocrx_word' id='word_1_156' title='bbox 340 2457 385 2521; x_wconf 93' lang='lat' dir='ltr'>sit</span> <span class='ocrx_word' id='word_1_157' title='bbox 399 2465 437 2520; x_wconf 92' lang='lat' dir='ltr'>ut</span> <span class='ocrx_word' id='word_1_158' title='bbox 452 2453 555 2521; x_wconf 89' lang='lat' dir='ltr'>Senis</span> <span class='ocrx_word' id='word_1_159' title='bbox 569 2457 635 2522; x_wconf 91' lang='lat' dir='ltr'>iter</span> <span class='ocrx_word' id='word_1_160' title='bbox 649 2457 805 2537; x_wconf 90' lang='lat' dir='ltr'>haberet,</span> <span class='ocrx_word' id='word_1_161' title='bbox 823 2469 860 2521; x_wconf 91' lang='lat' dir='ltr'>ut</span> <span class='ocrx_word' id='word_1_162' title='bbox 874 2459 1104 2522; x_wconf 90' lang='lat' dir='ltr'>concionibus</span> <span class='ocrx_word' id='word_1_163' title='bbox 1118 2459 1253 2539; x_wconf 89' lang='lat' dir='ltr'>aliquot</span> <span class='ocrx_word' id='word_1_164' title='bbox 1267 2457 1449 2521; x_wconf 88' lang='lat' dir='ltr'>civitatem</span> <span class='ocrx_word' id='word_1_165' title='bbox 1468 2457 1566 2520; x_wconf 92' lang='lat' dir='ltr'>illam</span> 
     </span>
     <span class='ocr_line' id='line_1_21' title="bbox 340 2560 1569 2646; baseline -0.002 -18"><span class='ocrx_word' id='word_1_166' title='bbox 340 2573 374 2629; x_wconf 91' lang='lat' dir='ltr'>et</span> <span class='ocrx_word' id='word_1_167' title='bbox 395 2562 620 2628; x_wconf 89' lang='lat' dir='ltr'>Cardinalem</span> <span class='ocrx_word' id='word_1_168' title='bbox 640 2565 895 2642; x_wconf 88' lang='lat' dir='ltr'>consolaretur,</span> <span class='ocrx_word' id='word_1_169' title='bbox 915 2583 959 2628; x_wconf 93' lang='lat' dir='ltr'>ac</span> <span class='ocrx_word' id='word_1_170' title='bbox 977 2566 1082 2629; x_wconf 91' lang='lat' dir='ltr'>simul</span> <span class='ocrx_word' id='word_1_171' title='bbox 1101 2565 1290 2646; x_wconf 91' lang='lat' dir='ltr'>dispiceret</span> <span class='ocrx_word' id='word_1_172' title='bbox 1309 2560 1486 2646; x_wconf 92' lang='lat' dir='ltr'>quomodo</span> <span class='ocrx_word' id='word_1_173' title='bbox 1507 2580 1569 2626; x_wconf 91' lang='lat' dir='ltr'>res</span> 
     </span>
     <span class='ocr_line' id='line_1_22' title="bbox 339 2670 1146 2753; baseline -0.002 -16"><span class='ocrx_word' id='word_1_174' title='bbox 339 2671 384 2737; x_wconf 87' lang='lat' dir='ltr'>ad</span> <span class='ocrx_word' id='word_1_175' title='bbox 399 2671 587 2753; x_wconf 82' lang='lat' dir='ltr'>collegium</span> <span class='ocrx_word' id='word_1_176' title='bbox 602 2670 841 2736; x_wconf 90' lang='lat' dir='ltr'>inchoandum</span> <span class='ocrx_word' id='word_1_177' title='bbox 854 2680 973 2736; x_wconf 90' lang='lat' dir='ltr'>essent</span> <span class='ocrx_word' id='word_1_178' title='bbox 988 2680 1146 2753; x_wconf 89' lang='lat' dir='ltr'>paratae.</span> 
     </span>
    </p>

    <p class='ocr_par' dir='ltr' id='par_1_4' title="bbox 338 2777 1572 3502">
     <span class='ocr_line' id='line_1_23' title="bbox 397 2777 1567 2859; baseline -0.002 -16"><span class='ocrx_word' id='word_1_179' title='bbox 397 2778 449 2843; x_wconf 83' lang='lat'>63.</span> <span class='ocrx_word' id='word_1_180' title='bbox 492 2778 569 2843; x_wconf 90' lang='lat' dir='ltr'>Hoc</span> <span class='ocrx_word' id='word_1_181' title='bbox 584 2789 713 2855; x_wconf 86' lang='lat' dir='ltr'>autem,</span> <span class='ocrx_word' id='word_1_182' title='bbox 730 2780 893 2859; x_wconf 89' lang='lat' dir='ltr'>quamvis</span> <span class='ocrx_word' id='word_1_183' title='bbox 907 2779 1155 2843; x_wconf 81' lang='lat' dir='ltr'>auctoritatem</span> <span class='ocrx_word' id='word_1_184' title='bbox 1166 2777 1336 2843; x_wconf 87' lang='lat' dir='ltr'>Societati</span> <span class='ocrx_word' id='word_1_185' title='bbox 1346 2778 1567 2856; x_wconf 85' lang='lat' dir='ltr'>conciliavit,</span> 
     </span>
     <span class='ocr_line' id='line_1_24' title="bbox 339 2883 1566 2967; baseline -0.002 -16"><span class='ocrx_word' id='word_1_186' title='bbox 339 2886 518 2951; x_wconf 89' lang='lat' dir='ltr'>mittendis</span> <span class='ocrx_word' id='word_1_187' title='bbox 533 2895 651 2949; x_wconf 90' lang='lat' dir='ltr'>tamen</span> <span class='ocrx_word' id='word_1_188' title='bbox 666 2886 786 2949; x_wconf 82' lang='lat' dir='ltr'>statim</span> <span class='ocrx_word' id='word_1_189' title='bbox 800 2896 881 2967; x_wconf 92' lang='lat' dir='ltr'>post</span> <span class='ocrx_word' id='word_1_190' title='bbox 895 2886 1035 2951; x_wconf 89' lang='lat' dir='ltr'>Pascha</span> <span class='ocrx_word' id='word_1_191' title='bbox 1049 2904 1120 2950; x_wconf 92' lang='lat' dir='ltr'>non</span> <span class='ocrx_word' id='word_1_192' title='bbox 1134 2886 1283 2950; x_wconf 92' lang='lat' dir='ltr'>multum</span> <span class='ocrx_word' id='word_1_193' title='bbox 1297 2884 1343 2950; x_wconf 91' lang='lat' dir='ltr'>ad</span> <span class='ocrx_word' id='word_1_194' title='bbox 1354 2883 1566 2949; x_wconf 88' lang='lat' dir='ltr'>benevolen-</span> 
     </span>
     <span class='ocr_line' id='line_1_25' title="bbox 340 2991 1572 3074; baseline -0.002 -15"><span class='ocrx_word' id='word_1_195' title='bbox 340 2994 427 3059; x_wconf 86' lang='lat' dir='ltr'>tiam</span> <span class='ocrx_word' id='word_1_196' title='bbox 441 3004 476 3057; x_wconf 91' lang='lat' dir='ltr'>et</span> <span class='ocrx_word' id='word_1_197' title='bbox 490 2993 788 3057; x_wconf 86' lang='lat' dir='ltr'>existimationem</span> <span class='ocrx_word' id='word_1_198' title='bbox 805 2993 967 3073; x_wconf 88' lang='lat' dir='ltr'>contulit;</span> <span class='ocrx_word' id='word_1_199' title='bbox 983 3010 1064 3057; x_wconf 90' lang='lat' dir='ltr'>cum</span> <span class='ocrx_word' id='word_1_200' title='bbox 1078 2994 1172 3057; x_wconf 93' lang='lat' dir='ltr'>enim</span> <span class='ocrx_word' id='word_1_201' title='bbox 1186 2991 1262 3074; x_wconf 88' lang='lat' dir='ltr'>ejus</span> <span class='ocrx_word' id='word_1_202' title='bbox 1282 2991 1294 3024; x_wconf 83' lang='lat'>⁸</span> <span class='ocrx_word' id='word_1_203' title='bbox 1313 2993 1513 3058; x_wconf 86' lang='lat' dir='ltr'>doctrinam</span> <span class='ocrx_word' id='word_1_204' title='bbox 1532 3004 1572 3057; x_wconf 89' lang='lat' dir='ltr'>et</span> 
     </span>
     <span class='ocr_line' id='line_1_26' title="bbox 338 3099 1569 3183; baseline -0.002 -16"><span class='ocrx_word' id='word_1_205' title='bbox 338 3101 539 3167; x_wconf 89' lang='lat' dir='ltr'>Cardinalis</span> <span class='ocrx_word' id='word_1_206' title='bbox 564 3110 598 3164; x_wconf 92' lang='lat' dir='ltr'>et</span> <span class='ocrx_word' id='word_1_207' title='bbox 623 3100 680 3163; x_wconf 89' lang='lat' dir='ltr'>alii</span> <span class='ocrx_word' id='word_1_208' title='bbox 706 3110 927 3180; x_wconf 86' lang='lat' dir='ltr'>gustassent,</span> <span class='ocrx_word' id='word_1_209' title='bbox 948 3117 1056 3180; x_wconf 83' lang='lat' dir='ltr'>aegre</span> <span class='ocrx_word' id='word_1_210' title='bbox 1075 3099 1266 3164; x_wconf 89' lang='lat' dir='ltr'>admodum</span> <span class='ocrx_word' id='word_1_211' title='bbox 1292 3102 1448 3165; x_wconf 91' lang='lat' dir='ltr'>tulerunt</span> <span class='ocrx_word' id='word_1_212' title='bbox 1473 3101 1569 3183; x_wconf 89' lang='lat' dir='ltr'>quod</span> 
     </span>
     <span class='ocr_line' id='line_1_27' title="bbox 338 3205 1570 3284; baseline 0 -12"><span class='ocrx_word' id='word_1_213' title='bbox 338 3208 419 3272; x_wconf 90' lang='lat' dir='ltr'>inde</span> <span class='ocrx_word' id='word_1_214' title='bbox 435 3218 507 3271; x_wconf 89' lang='lat' dir='ltr'>tam</span> <span class='ocrx_word' id='word_1_215' title='bbox 523 3207 592 3271; x_wconf 91' lang='lat' dir='ltr'>cito</span> <span class='ocrx_word' id='word_1_216' title='bbox 608 3207 819 3271; x_wconf 89' lang='lat' dir='ltr'>auctoritate</span> <span class='ocrx_word' id='word_1_217' title='bbox 834 3206 968 3271; x_wconf 90' lang='lat' dir='ltr'>Summi</span> <span class='ocrx_word' id='word_1_218' title='bbox 983 3205 1162 3270; x_wconf 88' lang='lat' dir='ltr'>Pontificis</span> <span class='ocrx_word' id='word_1_219' title='bbox 1181 3216 1436 3284; x_wconf 88' lang='lat' dir='ltr'>removeretur;</span> <span class='ocrx_word' id='word_1_220' title='bbox 1461 3218 1497 3272; x_wconf 91' lang='lat' dir='ltr'>et</span> <span class='ocrx_word' id='word_1_221' title='bbox 1517 3208 1570 3273; x_wconf 86' lang='lat' dir='ltr'>ita</span> 
     </span>
     <span class='ocr_line' id='line_1_28' title="bbox 340 3312 1570 3395; baseline 0.001 -16"><span class='ocrx_word' id='word_1_222' title='bbox 340 3314 541 3380; x_wconf 88' lang='lat' dir='ltr'>Cardinalis</span> <span class='ocrx_word' id='word_1_223' title='bbox 565 3314 707 3395; x_wconf 90' lang='lat' dir='ltr'>scripsit</span> <span class='ocrx_word' id='word_1_224' title='bbox 729 3314 1007 3394; x_wconf 87' lang='lat' dir='ltr'>decimoquinto</span> <span class='ocrx_word' id='word_1_225' title='bbox 1029 3312 1165 3394; x_wconf 88' lang='lat' dir='ltr'>Aprilis</span> <span class='ocrx_word' id='word_1_226' title='bbox 1185 3315 1433 3379; x_wconf 91' lang='lat' dir='ltr'>molestissime</span> <span class='ocrx_word' id='word_1_227' title='bbox 1453 3332 1493 3379; x_wconf 89' lang='lat' dir='ltr'>se</span> <span class='ocrx_word' id='word_1_228' title='bbox 1514 3327 1570 3380; x_wconf 88' lang='lat' dir='ltr'>tu·</span> 
     </span>
     <span class='ocr_line' id='line_1_29' title="bbox 340 3419 1301 3502; baseline -0.001 -18"><span class='ocrx_word' id='word_1_229' title='bbox 340 3421 422 3485; x_wconf 88' lang='lat' dir='ltr'>lisse</span> <span class='ocrx_word' id='word_1_230' title='bbox 437 3420 532 3502; x_wconf 92' lang='lat' dir='ltr'>quod</span> <span class='ocrx_word' id='word_1_231' title='bbox 547 3422 693 3484; x_wconf 87' lang='lat' dir='ltr'>avulsus</span> <span class='ocrx_word' id='word_1_232' title='bbox 707 3419 789 3484; x_wconf 91' lang='lat' dir='ltr'>inde</span> <span class='ocrx_word' id='word_1_233' title='bbox 803 3420 928 3484; x_wconf 87' lang='lat' dir='ltr'>luisset</span> <span class='ocrx_word' id='word_1_234' title='bbox 942 3421 1144 3501; x_wconf 91' lang='lat' dir='ltr'>praedictus</span> <span class='ocrx_word' id='word_1_235' title='bbox 1159 3419 1265 3486; x_wconf 89' lang='lat' dir='ltr'>Pater</span> <span class='ocrx_word' id='word_1_236' title='bbox 1278 3419 1301 3483; x_wconf 79' lang='lat'>⁴.</span> 
     </span>
    </p>

    <p class='ocr_par' dir='ltr' id='par_1_5' title="bbox 339 3526 1575 4144">
     <span class='ocr_line' id='line_1_30' title="bbox 398 3526 1569 3609; baseline 0.003 -19"><span class='ocrx_word' id='word_1_237' title='bbox 398 3526 449 3591; x_wconf 85' lang='grc'>64.</span> <span class='ocrx_word' id='word_1_238' title='bbox 492 3526 676 3607; x_wconf 85' lang='lat' dir='ltr'>Quaedam</span> <span class='ocrx_word' id='word_1_239' title='bbox 691 3529 785 3592; x_wconf 90' lang='lat' dir='ltr'>enim</span> <span class='ocrx_word' id='word_1_240' title='bbox 806 3526 852 3591; x_wconf 92' lang='lat' dir='ltr'>ad</span> <span class='ocrx_word' id='word_1_241' title='bbox 871 3527 1025 3608; x_wconf 90' lang='lat' dir='ltr'>seipsum</span> <span class='ocrx_word' id='word_1_242' title='bbox 1045 3529 1255 3609; x_wconf 89' lang='lat' dir='ltr'>pertinentia</span> <span class='ocrx_word' id='word_1_243' title='bbox 1277 3548 1358 3595; x_wconf 88' lang='lat' dir='ltr'>cum</span> <span class='ocrx_word' id='word_1_244' title='bbox 1377 3549 1420 3595; x_wconf 95' lang='lat' dir='ltr'>eo</span> <span class='ocrx_word' id='word_1_245' title='bbox 1440 3538 1569 3595; x_wconf 86' lang='lat' dir='ltr'>tracta·</span> 
     </span>
     <span class='ocr_line' id='line_1_31' title="bbox 339 3633 1574 3714; baseline 0.003 -17"><span class='ocrx_word' id='word_1_246' title='bbox 339 3644 440 3699; x_wconf 90' lang='lat' dir='ltr'>turus</span> <span class='ocrx_word' id='word_1_247' title='bbox 454 3643 542 3714; x_wconf 87' lang='lat' dir='ltr'>erat,</span> <span class='ocrx_word' id='word_1_248' title='bbox 559 3642 593 3697; x_wconf 91' lang='lat' dir='ltr'>et</span> <span class='ocrx_word' id='word_1_249' title='bbox 613 3635 663 3697; x_wconf 92' lang='lat' dir='ltr'>ita</span> <span class='ocrx_word' id='word_1_250' title='bbox 682 3633 882 3697; x_wconf 90' lang='lat' dir='ltr'>omnimode</span> <span class='ocrx_word' id='word_1_251' title='bbox 900 3635 1087 3714; x_wconf 81' lang='lat' dir='ltr'>expetebat</span> <span class='ocrx_word' id='word_1_252' title='bbox 1109 3633 1221 3700; x_wconf 79' lang='lat' dir='ltr'>Senos</span> <span class='ocrx_word' id='word_1_253' title='bbox 1242 3638 1404 3702; x_wconf 90' lang='lat' dir='ltr'>eumdem</span> <span class='ocrx_word' id='word_1_254' title='bbox 1427 3636 1574 3701; x_wconf 89' lang='lat' dir='ltr'>Patrem</span> 
     </span>
     <span class='ocr_line' id='line_1_32' title="bbox 340 3740 1570 3825; baseline 0 -19"><span class='ocrx_word' id='word_1_255' title='bbox 340 3740 583 3807; x_wconf 88' lang='lat' dir='ltr'>Salmeronem</span> <span class='ocrx_word' id='word_1_256' title='bbox 599 3740 746 3818; x_wconf 91' lang='lat' dir='ltr'>remitti;</span> <span class='ocrx_word' id='word_1_257' title='bbox 769 3740 900 3821; x_wconf 90' lang='lat' dir='ltr'>alioqui</span> <span class='ocrx_word' id='word_1_258' title='bbox 919 3742 998 3821; x_wconf 88' lang='lat' dir='ltr'>plus</span> <span class='ocrx_word' id='word_1_259' title='bbox 1021 3759 1129 3823; x_wconf 90' lang='lat' dir='ltr'>quam</span> <span class='ocrx_word' id='word_1_260' title='bbox 1150 3744 1348 3808; x_wconf 88' lang='lat' dir='ltr'>mediocres</span> <span class='ocrx_word' id='word_1_261' title='bbox 1369 3762 1448 3808; x_wconf 90' lang='lat' dir='ltr'>esse</span> <span class='ocrx_word' id='word_1_262' title='bbox 1468 3760 1570 3825; x_wconf 86' lang='lat' dir='ltr'>opor·</span> 
     </span>
     <span class='ocr_line' id='line_1_33' title="bbox 342 3845 1570 3928; baseline 0.002 -17"><span class='ocrx_word' id='word_1_263' title='bbox 342 3858 417 3912; x_wconf 91' lang='lat' dir='ltr'>tere</span> <span class='ocrx_word' id='word_1_264' title='bbox 433 3848 533 3926; x_wconf 66' lang='lat' dir='ltr'>alios</span> <span class='ocrx_word' id='word_1_265' title='bbox 550 3847 610 3928; x_wconf 90' lang='lat' dir='ltr'>qui</span> <span class='ocrx_word' id='word_1_266' title='bbox 624 3845 736 3911; x_wconf 88' lang='lat' dir='ltr'>Senas</span> <span class='ocrx_word' id='word_1_267' title='bbox 751 3846 984 3927; x_wconf 89' lang='lat' dir='ltr'>mitterentur,</span> <span class='ocrx_word' id='word_1_268' title='bbox 1001 3858 1040 3911; x_wconf 94' lang='lat' dir='ltr'>ut</span> <span class='ocrx_word' id='word_1_269' title='bbox 1054 3849 1307 3915; x_wconf 85' lang='lat' dir='ltr'>existimationi</span> <span class='ocrx_word' id='word_1_270' title='bbox 1318 3850 1503 3916; x_wconf 88' lang='lat' dir='ltr'>Societatis</span> <span class='ocrx_word' id='word_1_271' title='bbox 1515 3868 1570 3913; x_wconf 90' lang='lat' dir='ltr'>sa-</span> 
     </span>
     <span class='ocr_line' id='line_1_34' title="bbox 341 3951 1573 4036; baseline 0.001 -18"><span class='ocrx_word' id='word_1_272' title='bbox 341 3954 558 4034; x_wconf 87' lang='lat' dir='ltr'>tissacerent,</span> <span class='ocrx_word' id='word_1_273' title='bbox 575 3953 768 4018; x_wconf 88' lang='lat' dir='ltr'>admonuit.</span> <span class='ocrx_word' id='word_1_274' title='bbox 785 3952 829 4017; x_wconf 89' lang='lat' dir='ltr'>Et</span> <span class='ocrx_word' id='word_1_275' title='bbox 844 3951 920 4034; x_wconf 89' lang='lat' dir='ltr'>ejus</span> <span class='ocrx_word' id='word_1_276' title='bbox 934 3954 1185 4036; x_wconf 85' lang='lat' dir='ltr'>confessarius,</span> <span class='ocrx_word' id='word_1_277' title='bbox 1207 3955 1378 4021; x_wconf 88' lang='lat' dir='ltr'>Societati</span> <span class='ocrx_word' id='word_1_278' title='bbox 1401 3958 1573 4021; x_wconf 87' lang='lat' dir='ltr'>amicissi-</span> 
     </span>
     <span class='ocr_line' id='line_1_35' title="bbox 341 4044 1575 4144; baseline 0.002 -19"><span class='ocrx_word' id='word_1_279' title='bbox 341 4078 432 4141; x_wconf 90' lang='lat' dir='ltr'>mus,</span> <span class='ocrx_word' id='word_1_280' title='bbox 448 4060 668 4126; x_wconf 90' lang='lat' dir='ltr'>Licentiatus</span> <span class='ocrx_word' id='word_1_281' title='bbox 681 4060 916 4139; x_wconf 90' lang='lat' dir='ltr'>Marchiante,</span> <span class='ocrx_word' id='word_1_282' title='bbox 929 4071 1053 4141; x_wconf 89' lang='lat' dir='ltr'>postea</span> <span class='ocrx_word' id='word_1_283' title='bbox 1064 4062 1274 4144; x_wconf 85' lang='lat' dir='ltr'>Episcopus,</span> <span class='ocrx_word' id='word_1_284' title='bbox 1290 4064 1433 4144; x_wconf 90' lang='lat' dir='ltr'>scripsit</span> <span class='ocrx_word' id='word_1_285' title='bbox 1447 4044 1575 4128; x_wconf 63' lang='lat' dir='ltr'>eodem⁸</span> 
     </span>
    </p>
   </div>
   <div class='ocr_carea' id='block_1_3' title="bbox 382 4337 876 4393">
    <p class='ocr_par' dir='ltr' id='par_1_6' title="bbox 382 4337 876 4393">
     <span class='ocr_line' id='line_1_36' title="bbox 382 4337 876 4393; baseline 0.004 -12"><span class='ocrx_word' id='word_1_286' title='bbox 382 4337 390 4371; x_wconf 78' lang='lat'>¹</span> <span class='ocrx_word' id='word_1_287' title='bbox 421 4337 488 4381; x_wconf 86' lang='lat' dir='ltr'>Vlde</span> <span class='ocrx_word' id='word_1_288' title='bbox 497 4348 585 4393; x_wconf 72' lang='lat' dir='ltr'>cupra,</span> <span class='ocrx_word' id='word_1_289' title='bbox 597 4342 616 4382; x_wconf 90' lang='lat' dir='ltr'>t.</span> <span class='ocrx_word' id='word_1_290' title='bbox 627 4350 653 4393; x_wconf 78' lang='lat' dir='ltr'>v,</span> <span class='ocrx_word' id='word_1_291' title='bbox 664 4348 724 4393; x_wconf 78' lang='lat' dir='ltr'>pag.</span> <span class='ocrx_word' id='word_1_292' title='bbox 736 4337 783 4391; x_wconf 68' lang='lat'>10⁴,</span> <span class='ocrx_word' id='word_1_293' title='bbox 793 4348 820 4383; x_wconf 81' lang='lat' dir='ltr'>a.</span> <span class='ocrx_word' id='word_1_294' title='bbox 828 4337 876 4382; x_wconf 72' lang='lat'><strong>28⁴.</strong></span> 
     </span>
    </p>
   </div>
   <div class='ocr_carea' id='block_1_4' title="bbox 340 4409 1575 4683">
    <p class='ocr_par' dir='ltr' id='par_1_7' title="bbox 340 4409 1575 4683">
     <span class='ocr_line' id='line_1_37' title="bbox 381 4409 1575 4470; baseline 0.005 -17"><span class='ocrx_word' id='word_1_295' title='bbox 381 4410 394 4444; x_wconf 79' lang='lat'><strong>¹</strong></span> <span class='ocrx_word' id='word_1_296' title='bbox 420 4410 487 4455; x_wconf 83' lang='lat' dir='ltr'>Vide</span> <span class='ocrx_word' id='word_1_297' title='bbox 502 4420 590 4466; x_wconf 79' lang='lat' dir='ltr'>supra,</span> <span class='ocrx_word' id='word_1_298' title='bbox 606 4422 632 4454; x_wconf 88' lang='lat' dir='ltr'>n.</span> <span class='ocrx_word' id='word_1_299' title='bbox 646 4410 681 4467; x_wconf 62' lang='grc' dir='ltr'>ἑός</span> <span class='ocrx_word' id='word_1_300' title='bbox 698 4415 724 4453; x_wconf 90' lang='lat' dir='ltr'>et</span> <span class='ocrx_word' id='word_1_301' title='bbox 741 4409 835 4454; x_wconf 82' lang='lat' dir='ltr'>cartas</span> <span class='ocrx_word' id='word_1_302' title='bbox 850 4411 883 4453; x_wconf 82' lang='lat' dir='ltr'>de</span> <span class='ocrx_word' id='word_1_303' title='bbox 896 4410 951 4454; x_wconf 86' lang='lat' dir='ltr'>San</span> <span class='ocrx_word' id='word_1_304' title='bbox 963 4412 1082 4465; x_wconf 73' lang='lat' dir='ltr'>ignatio,</span> <span class='ocrx_word' id='word_1_305' title='bbox 1092 4419 1111 4457; x_wconf 88' lang='lat' dir='ltr'>t.</span> <span class='ocrx_word' id='word_1_306' title='bbox 1122 4424 1158 4467; x_wconf 86' lang='lat' dir='ltr'>vr,</span> <span class='ocrx_word' id='word_1_307' title='bbox 1170 4421 1230 4468; x_wconf 77' lang='lat' dir='ltr'>pag.</span> <span class='ocrx_word' id='word_1_308' title='bbox 1247 4412 1344 4467; x_wconf 75' lang='lat'>197-200,</span> <span class='ocrx_word' id='word_1_309' title='bbox 1358 4415 1513 4470; x_wconf 67' lang='lat' dir='ltr'>praesertim</span> <span class='ocrx_word' id='word_1_310' title='bbox 1526 4422 1575 4459; x_wconf 70' lang='lat' dir='ltr'>au·</span> 
     </span>
     <span class='ocr_line' id='line_1_38' title="bbox 340 4482 745 4607; baseline 0.002 -9"><span class='ocrx_word' id='word_1_311' title='bbox 340 4488 396 4587; x_wconf 53' lang='lat' dir='ltr'>not·-</span> <span class='ocrx_word' id='word_1_312' title='bbox 406 4482 491 4607; x_wconf 42' lang='lat' dir='ltr'>²&#39;Scll.‚</span> <span class='ocrx_word' id='word_1_313' title='bbox 503 4552 590 4597; x_wconf 82' lang='lat' dir='ltr'>Patris</span> <span class='ocrx_word' id='word_1_314' title='bbox 601 4552 745 4599; x_wconf 84' lang='lat' dir='ltr'>Salmeron.</span> 
     </span>
     <span class='ocr_line' id='line_1_39' title="bbox 382 4622 1086 4683; baseline 0.003 -14"><span class='ocrx_word' id='word_1_315' title='bbox 382 4624 396 4659; x_wconf 61' lang='grc' dir='ltr'><strong><em>ὅ</em></strong></span> <span class='ocrx_word' id='word_1_316' title='bbox 421 4624 489 4669; x_wconf 85' lang='lat' dir='ltr'>Vide</span> <span class='ocrx_word' id='word_1_317' title='bbox 500 4622 594 4668; x_wconf 75' lang='lat' dir='ltr'>Carras</span> <span class='ocrx_word' id='word_1_318' title='bbox 605 4624 637 4668; x_wconf 81' lang='lat' dir='ltr'>de</span> <span class='ocrx_word' id='word_1_319' title='bbox 648 4624 704 4669; x_wconf 84' lang='lat' dir='ltr'>San</span> <span class='ocrx_word' id='word_1_320' title='bbox 717 4624 832 4680; x_wconf 83' lang='lat' dir='ltr'>Ignacio,</span> <span class='ocrx_word' id='word_1_321' title='bbox 842 4632 861 4673; x_wconf 88' lang='lat' dir='ltr'>t.</span> <span class='ocrx_word' id='word_1_322' title='bbox 871 4638 908 4681; x_wconf 76' lang='lat' dir='ltr'>rr,</span> <span class='ocrx_word' id='word_1_323' title='bbox 918 4638 979 4683; x_wconf 80' lang='lat' dir='ltr'>pag.</span> <span class='ocrx_word' id='word_1_324' title='bbox 988 4627 1086 4672; x_wconf 73' lang='lat' dir='ltr'>tal-225.</span> 
     </span>
    </p>
   </div>
   <div class='ocr_carea' id='block_1_5' title="bbox 589 4770 602 4798">
    <p class='ocr_par' dir='ltr' id='par_1_8' title="bbox 589 4770 602 4798">
     <span class='ocr_line' id='line_1_40' title="bbox 589 4770 602 4798; baseline 0 0"><span class='ocrx_word' id='word_1_325' title='bbox 589 4770 602 4798; x_wconf 84' lang='grc' dir='ltr'><strong><em>Ι</em></strong></span> 
     </span>
    </p>
   </div>
   <div class='ocr_carea' id='block_1_6' title="bbox 0 0 1842 5350">
    <p class='ocr_par' dir='ltr' id='par_1_9' title="bbox 0 0 1842 5350">
     <span class='ocr_line' id='line_1_41' title="bbox 0 0 1842 5350; baseline 0 0"><span class='ocrx_word' id='word_1_326' title='bbox 0 0 1842 5350; x_wconf 95' lang='lat' dir='ltr'> </span> 
     </span>
    </p>
   </div>
  </div>
 </body>
</html>
