3642 5350
773 443 836 505 Aa.
858 442 929 503 1556
1415 440 1465 499 ut

238 588 443 671 gligendam
457 606 536 655 esse
562 590 601 653 P.
627 590 792 656 Canisius
813 590 1009 669 sentiebat,
1034 588 1098 653 sed
1115 586 1213 668 Rege
1238 586 1466 664 assentiente,

238 698 390 763 comitiis
405 697 586 776 absolutis,
604 715 647 763 eo
661 696 836 763 sentiebat
851 696 919 761 sibi
932 694 1229 779 proficiscendum
1245 711 1334 759 esse.

301 802 388 869 1768.
432 802 555 869 Studia
569 804 783 869 Viennensis
799 803 948 885 Collegil
961 803 1093 884 frigere
1107 804 1187 885 plus
1201 802 1289 867 satis
1303 799 1341 865 Ρ.
1359 799 1468 865 Cani·

239 912 292 977 sio
307 912 530 992 videbantur,
546 913 628 978 licet
644 928 812 977 uumerus
826 920 1029 977 nostrorum
1047 926 1200 990 magnus
1214 917 1318 974 esset.
1339 907 1377 973 Ρ.
1400 908 1465 971 La·

239 1037 356 1102 noyus
370 1020 514 1084 scholae
528 1029 563 1084 et
577 1020 750 1084 classibus
764 1037 912 1107 causam
925 1019 1118 1096 tribuebat;
1135 1016 1198 1081 sed
1214 1018 1249 1081 iu
1269 1016 1376 1080 rebus
1391 1014 1468 1095 ejus

239 1126 386 1208 Collegii
401 1127 516 1193 minus
530 1127 720 1191 sollicitum
734 1144 773 1191 se
788 1143 866 1191 esse
885 1126 1015 1191 debere
1033 1124 1071 1190 Ρ.
1097 1125 1262 1191 Canisius
1276 1122 1465 1202 sentiebat,

239 1235 332 1317 quod
345 1235 439 1299 illius
453 1252 540 1299 cura
555 1233 592 1298 P.
612 1234 759 1315 Lanoyo
774 1232 988 1299 demandata
1002 1242 1107 1312 esset,
1123 1233 1184 1314 qui
1202 1250 1224 1296 a
1245 1229 1467 1309 Provinciali

239 1360 261 1406 a
275 1342 600 1423 superintendentia
617 1342 705 1407 liber
717 1351 808 1408 erat.

299 1448 387 1514 1769.
431 1448 681 1531 Occupaverat
706 1468 744 1515 se
768 1450 974 1531 praedictus
999 1448 1036 1514 P.
1064 1448 1230 1513 Canisius
1251 1446 1326 1527 jam
1351 1464 1373 1511 a
1399 1444 1468 1511 fine

237 1557 320 1622 anni
334 1556 513 1639 sequentis
527 1558 564 1621 iu
578 1557 818 1622 Universitate
832 1556 1116 1637 lngolstadiensi,
1133 1555 1192 1619 ubi
1207 1572 1287 1619 cum
1303 1552 1464 1636 frequen-

236 1664 263 1728 ti
277 1664 453 1731 auditorio
467 1673 503 1728 et
517 1682 649 1745 magna
663 1663 906 1730 satisfactione
919 1664 1020 1729 sestis
1034 1663 1156 1730 diebus
1171 1661 1465 1728 concionabatur.

236 1772 281 1837 Et
296 1790 377 1837 cum
392 1781 466 1836 tres
480 1772 674 1837 consiliarii
689 1770 801 1837 Ducis
815 1771 975 1854 primarii
994 1772 1110 1853 ipsum
1125 1770 1322 1849 audissent,
1347 1779 1381 1835 et
1405 1770 1467 1833 ho·

238 1880 373 1944 minum
396 1896 609 1945 concursum
633 1888 866 1961 spectassent,
892 1887 1149 1961 praeceperunt
1169 1876 1314 1957 Rectori
1334 1885 1369 1941 et
1393 1877 1467 1958 qui·

237 1985 387 2051 busdam
406 1986 585 2069 primariis
604 1988 829 2068 Rectoribus,
851 1996 889 2052 ut
910 1986 957 2053 ad
975 1996 1156 2068 pastorem
1171 1986 1264 2051 irent
1286 1995 1320 2050 et
1339 2002 1404 2049 suo
1424 2001 1466 2049 ac

237 2091 349 2158 Ducis
368 2095 510 2159 nomine
531 2096 563 2160 ei
583 2096 843 2177 praeciperent,
867 2103 905 2159 ut
920 2094 1210 2161 commoditatem
1232 2092 1468 2158 concionandi

237 2201 274 2264 Ρ.
292 2202 436 2267 Canisio
452 2202 564 2281 daret,
582 2203 689 2268 etiam
703 2220 785 2267 cum
800 2202 859 2267 alii
874 2203 1148 2267 concionatores
1162 2209 1361 2281 cessarent;
1384 2200 1469 2281 quia

237 2309 343 2374 etiam
369 2318 453 2374 tunc
473 2309 643 2391 majorem
660 2311 814 2376 fructum
836 2311 1046 2392 sperabant;
1066 2319 1101 2375 et
1124 2310 1173 2374 ita
1186 2308 1392 2374 concionari
1413 2308 1468 2372 bis

236 2416 387 2497 siugulis
402 2417 526 2482 diebus
545 2420 643 2483 festis
662 2426 846 2499 coeperat;
869 2435 914 2481 ae
933 2428 1118 2500 praeterea
1137 2418 1326 2482 lectionem
1346 2434 1466 2498 quam·

236 2524 321 2589 dam
348 2524 586 2607 theologicam
612 2525 823 2607 quibusdam
848 2526 1055 2607 praelegere
1077 2526 1194 2607 coepit
1215 2524 1312 2589 circa
1335 2528 1468 2588 statum

236 2632 505 2712 sacerdotalem,
522 2650 630 2715 quam
644 2634 821 2698 utiliorem
835 2634 914 2715 ipsa
929 2632 1193 2714 praedicatione
1207 2632 1392 2698 sentiebat.

299 2739 386 2805 1770.
431 2741 580 2806 Curavit
605 2742 713 2808 etiam
737 2743 831 2806 idem
855 2740 891 2804 Ρ.
917 2740 1092 2821 Canisius,
1109 2758 1189 2806 cum
1206 2740 1466 2824 typographiae

237 2847 470 2914 commoditas
494 2867 533 2913 se
558 2850 758 2929 obtulisset,
784 2859 824 2914 ut
847 2849 1048 2915 rudimenta
1076 2849 1347 2929 grammatices,
1375 2865 1467 2930 quae

237 2954 275 3018 Ρ.
291 2955 447 3022 Annibal
466 2955 509 3019 de
529 2957 706 3022 Coudreto
721 2957 935 3036 confecerat,
951 2957 988 3021 in
1005 2957 1250 3038 germanicum
1264 2973 1465 3020 sermonem

236 3063 728 3144 conversa,imprimerentur,
738 3065 784 3128 ad
794 3074 1001 3129 nostrarum
1010 3065 1216 3129 scholarum
1227 3064 1263 3128 iu
1272 3062 1466 3128 Germania

235 3188 349 3252 usum;
366 3171 576 3253 quibusdam
591 3173 627 3236 iu
641 3171 710 3236 fine
724 3191 770 3237 ex
784 3173 1002 3238 catechismo
1022 3171 1208 3253 adjunctis.
1225 3171 1269 3238 Et
1288 3171 1370 3253 quia
1392 3187 1464 3236 non

234 3278 505 3345 inveniebantur
520 3280 690 3362 epistolae
705 3289 739 3344 et
753 3281 958 3360 evangelia,
974 3299 1066 3363 quae
1084 3281 1121 3346 in
1137 3297 1231 3346 auno
1249 3280 1286 3346 in
1300 3279 1464 3344 Ecclesia

234 3387 333 3452 lestis
347 3387 470 3452 diebus
484 3390 748 3470 praeleguntur,
764 3388 832 3452 nisi
844 3387 947 3469 juxta
961 3389 1163 3454 versionem
1183 3388 1340 3464 Erasmi‚
1366 3405 1467 3452 cura·

235 3494 286 3559 vit
305 3495 448 3576 optimis
474 3497 740 3562 characteribus
765 3496 890 3562 eadem
907 3496 1009 3578 juxta
1030 3497 1233 3562 versionem
1252 3495 1465 3576 Hieronymi

235 3601 399 3684 imprimi,
416 3613 450 3667 et
465 3603 638 3685 quasdam
656 3603 823 3696 pulchras
838 3604 1019 3669 orationes
1032 3601 1178 3684 adjungi
1198 3603 1351 3680 curavit,
1368 3603 1466 3685 quod

234 3710 341 3774 libelli
369 3711 570 3791 precatorii,
597 3713 722 3792 quibus
750 3712 912 3777 homines
936 3712 1140 3790 utebantur,
1168 3727 1293 3782 verum
1319 3717 1464 3790 gustum

235 3817 416 3883 Ecclesiae
431 3819 627 3884 catholicae
641 3837 712 3884 non
727 3821 910 3899 haberent,
926 3838 994 3884 nec
1009 3819 1177 3901 juventus
1191 3819 1316 3884 orandi
1334 3819 1466 3883 sormu-

234 3926 305 3990 lam
326 3936 461 3990 certam
478 3927 642 4008 habebat,
663 3940 698 3992 et
717 3927 920 4009 hujusmodi
938 3928 1191 4010 opusculorum
1209 3927 1346 3992 fructus
1364 3926 1462 3991 latis·

235 4032 323 4097 sime
337 4044 460 4114 patere
475 4044 627 4115 poterat.

295 4140 383 4206 1771.
427 4141 567 4224 Rogatu
583 4144 689 4208 etiam
704 4145 989 4210 consiliariorum
1003 4145 1125 4226 Ducis,
1140 4144 1313 4227 quosdam
1327 4160 1464 4224 germa-

231 4248 332 4313 nicos
353 4249 499 4325 libellos,
529 4268 550 4314 a
575 4253 699 4333 paucis
721 4253 825 4318 annis
846 4255 941 4335 typis
962 4253 1123 4332 traditos,
1146 4252 1246 4333 vidit,
1269 4261 1308 4316 ut
1326 4253 1357 4316 si
1381 4251 1465 4333 quid

232 4357 492 4422 emendandum
507 4367 612 4438 esset,
628 4357 846 4425 admoneret.

294 4463 382 4530 1772.
425 4464 520 4531 Dum
532 4476 649 4531 autem
664 4468 753 4532 haec
765 4476 947 4547 tractaret,
961 4470 1026 4533 sub
1037 4469 1143 4533 finem
1154 4469 1237 4534 anni
1252 4468 1464 4552 praeceden-

233 4571 279 4637 tis
293 4588 374 4636 cum
388 4572 581 4654 praedictis
596 4575 808 4640 consiliariis
827 4575 871 4639 de
890 4576 1108 4642 institutione
1124 4575 1274 4656 Collegii
1294 4577 1466 4657 ingolsta·
1581 4607 1585 4612 ·

233 4679 366 4743 diensis
387 4682 471 4762 egit,
492 4689 527 4745 et
546 4683 711 4763 quamvis
730 4682 775 4746 ab
797 4682 886 4750 ideis
906 4684 1031 4750 alienis
1047 4703 1067 4749 a
1082 4693 1205 4750 nostro
1218 4687 1382 4752 instituto
1401 4704 1464 4753 eos
