3642 5350
786 412 850 471 Au.
872 412 942 470 1656
1427 408 1480 468 187
1548 418 1555 434 ·

253 566 435 640 tamquam
454 557 670 621 novitiorum
685 558 867 637 magister,
884 557 1169 621 exhortationem
1181 555 1306 620 diebus
1324 554 1477 633 veneris

183 731 187 737 ,
251 680 332 728 curn
347 665 591 729 aedificatione
605 674 640 728 et
654 666 790 746 spiritu,
808 674 842 728 et
857 666 968 746 ipsius
983 664 1145 728 Rectoris
1159 662 1404 727 consolatione
1415 662 1476 725 ha·
1530 681 1532 686 ·

250 772 367 849 bebat,
383 783 417 837 et
431 774 467 836 in
482 772 763 837 confessionibus
776 771 882 837 valde
896 772 1060 836 assiduus
1074 780 1162 837 erat.

310 876 381 943 683.
425 878 531 943 Pater
546 888 664 943 autem
678 879 803 962 JuliuS,
821 879 882 961 qui
896 880 975 943 loco
988 878 1085 959 Mag.
1102 878 1287 942 Francisci
1301 876 1479 958 Scipionis

251 986 380 1050 missus
395 995 460 1064 est,
475 984 694 1049 auditoribus
704 1002 776 1049 non
791 986 936 1067 perinde
950 986 1203 1065 satisfaciebat,
1217 995 1256 1050 ut
1269 986 1310 1060 is,
1325 986 1384 1049 cui
1399 1002 1478 1049 suc-

250 1092 369 1170 cessit;
396 1102 431 1156 et
455 1094 504 1156 ita
530 1094 682 1157 classem
707 1093 804 1156 illam
828 1092 925 1172 Mag.
952 1091 1162 1157 Sebastiano
1187 1093 1478 1161 committendam

250 1200 400 1279 censuit,
416 1199 579 1281 quamvis
595 1198 633 1263 P.
649 1200 763 1283 Julius
776 1216 947 1279 graecam
965 1201 1154 1265 lectionem
1174 1200 1211 1263 in
1230 1199 1362 1265 scholis
1376 1216 1476 1279 prae·

250 1308 384 1387 legeret
405 1316 439 1369 et
458 1304 554 1369 domi
573 1306 743 1370 fratribus
762 1307 932 1386 privatim
948 1309 1097 1370 alteram
1111 1307 1299 1371 lectionem
1320 1304 1478 1386 ejusdem

249 1414 392 1495 linguae
408 1414 718 1493 interpretabatur,
736 1424 770 1478 et
786 1413 1068 1478 confessionibus
1079 1413 1187 1477 etiam
1198 1412 1306 1479 dabat
1318 1430 1474 1493 operam.

249 1519 410 1585 Secunda
436 1530 554 1587 autem
579 1523 693 1587 classe
722 1520 943 1603 Hieronymo
970 1519 1120 1585 Senensi
1142 1520 1343 1599 commissa,
1373 1520 1478 1585 tertia

249 1627 426 1692 removeri
439 1646 545 1709 posse
556 1628 635 1692 visa
650 1638 714 1693 est.

308 1732 379 1799 684.
424 1734 530 1799 Venit
550 1735 726 1815 vigesima
740 1743 843 1799 sexta
866 1732 1033 1800 Octobris
1051 1734 1248 1798 Bononiam
1263 1733 1477 1816 Tarquinius

159 1824 161 1827 ⁵
249 1841 436 1922 Reynaldi,
452 1858 622 1907 romanus
638 1840 659 1919 ¹,
677 1842 737 1924 qui
751 1842 940 1906 Valentiae
960 1841 1165 1923 aliquandiu
1183 1842 1310 1905 litteris
1331 1858 1477 1921 operam

249 1946 405 2028 dederat,
419 1948 492 2029 sed,
506 1960 651 2030 propter
660 1949 901 2013 valetudinem
912 1966 1039 2030 parum
1052 1965 1273 2030 prosperam,
1286 1948 1323 2012 in
1338 1948 1477 2015 Italiam

250 2056 431 2135 remissus,
457 2054 639 2120 Bononiae
659 2057 825 2137 substitit,
853 2065 892 2120 ut
913 2074 978 2119 sua
997 2056 1114 2119 studia
1138 2055 1267 2120 ibidem
1288 2072 1476 2138 proseque-

249 2170 356 2227 retur.
375 2159 435 2226 Sic
449 2162 542 2226 enim
557 2160 596 2225 Ρ.
613 2163 759 2227 Vicario
774 2164 919 2243 Laynez
934 2164 1051 2227 visum
1065 2172 1130 2242 est;
1151 2172 1186 2226 et
1206 2163 1335 2227 mirum
1353 2163 1390 2227 in
1404 2179 1476 2226 mo·

248 2268 331 2333 dum
346 2268 421 2350 eius
435 2270 550 2333 virtus
564 2280 599 2333 et
613 2270 800 2351 prudentia
814 2270 959 2334 Rectori
973 2270 1117 2351 placuit,
1132 2286 1235 2351 aquo
1249 2269 1478 2333 subminister

245 2376 360 2440 iactus
371 2389 436 2455 est,
449 2387 484 2440 et
496 2377 542 2441 ad
553 2377 775 2457 disciplinam
789 2376 1005 2457 religiosam,
1019 2386 1058 2441 ut
1069 2376 1153 2440 illud
1165 2375 1363 2455 Collegium
1373 2375 1476 2439 redu·

248 2491 399 2562 ceretur,
414 2499 487 2546 non
502 2499 628 2564 parum
646 2482 793 2563 adjuvit.
1316 2496 1320 2504 ’

306 2588 378 2653 685.
420 2588 522 2669 Quod
537 2589 583 2653 ad
597 2606 655 2653 res
670 2590 795 2654 attinet
808 2591 1040 2671 temporales,
1056 2599 1259 2654 nostrorum
1279 2588 1476 2654 necessitas

247 2697 392 2764 Senatui
411 2697 624 2760 Bononiensi
646 2697 828 2778 proposita
852 2698 930 2777 fuit,
955 2709 990 2762 et
1008 2699 1162 2781 quinque
1177 2715 1222 2762 ex
1237 2695 1476 2778 quadraginta

247 2807 319 2884 (hic
333 2804 427 2868 enim
448 2812 501 2867 est
516 2820 685 2868 numerus
703 2812 738 2868 et
757 2805 878 2870 titulus
897 2804 1120 2885 Senatorum)
1136 2805 1239 2869 electi
1257 2805 1414 2884 suerunt,
1437 2812 1476 2866 ut

245 2912 408 2976 viderent
422 2929 513 2992 quae
527 2911 619 2974 ratio
634 2911 716 2976 iniri
735 2922 853 2992 posset
873 2913 919 2976 ad
940 2912 1134 2976 subsidium
1153 2910 1296 2993 aliquod
1316 2910 1474 2990 Collegio

246 3019 461 3084 Bononiensi
474 3017 825 3083 subministrandum.
841 3018 958 3099 Elegit
972 3020 1079 3083 etiam
1090 3036 1136 3083 ex
1151 3019 1276 3082 amicis
1288 3017 1475 3082 duodecim

244 3127 345 3191 viros
373 3124 412 3190 P.
442 3123 656 3189 Franciscus
683 3123 851 3204 Palmius,
882 3127 975 3190 inter
999 3143 1088 3208 quos
1112 3127 1312 3206 complures
1340 3124 1475 3188 nobiles

246 3243 359 3308 erant,
376 3239 411 3296 et
426 3231 573 3295 totidem
586 3227 783 3308 matronaS,
799 3241 850 3313 ut,
866 3241 1056 3314 postquam
1071 3249 1092 3295 a
1108 3230 1241 3296 Senatu
1261 3231 1394 3312 aliquid
1418 3231 1475 3295 ob·

243 3347 381 3404 tentum
399 3347 503 3417 esset,
526 3338 604 3419 ipsi,
625 3337 720 3418 quod
745 3338 919 3420 reliquum
934 3349 1022 3420 erat,
1039 3350 1217 3403 curarent.
1244 3339 1356 3403 Erant
1380 3339 1476 3402 enim

246 3445 421 3527 quaedam
448 3445 574 3508 domus
602 3445 772 3509 emendae
805 3456 839 3510 et
867 3445 1065 3510 aedificium
1093 3444 1374 3528 promovendum
1401 3454 1476 3510 tam

243 3553 449 3618 scholarum
464 3568 570 3632 quam
585 3552 720 3616 domus.

306 3657 378 3722 686.
419 3657 525 3723 Ratio
548 3658 655 3722 etiam
675 3659 762 3722 inita
781 3659 899 3724 estad
924 3660 1102 3724 hortulum
1125 3661 1162 3724 in
1181 3660 1241 3725 illo
1258 3661 1330 3724 situ
1349 3661 1474 3725 domus

244 3765 516 3845 conficiendum3
533 3773 568 3828 et
582 3782 673 3828 unus
687 3782 733 3829 ex
747 3762 917 3830 fratribus
931 3767 1075 3846 nostriS,
1092 3765 1301 3849 Rodolphus
1319 3768 1472 3847 nomine,

243 3871 346 3937 faber
364 3871 625 3936 caementarius
641 3870 834 3954 [institutus
848 3870 915 3956 est]
930 3891 1008 3953 nec,
1027 3884 1173 3955 propter
1187 3875 1371 3939 caritatem
1385 3873 1398 3906 ⁸
1412 3875 1473 3939 hu·

240 3977 396 4060 J'usmodi
423 3978 620 4059 artificum,
649 3979 740 4042 alius
767 3989 909 4064 praeter
936 3981 1032 4044 hunc
1060 3997 1204 4046 manum
1233 3983 1332 4062 operi
1356 3981 1473 4047 admo·

243 4086 364 4150 vebat.

303 4191 373 4257 687.
418 4191 507 4258 Cum
522 4193 629 4257 etiam
644 4193 744 4258 initio
759 4192 862 4275 hujus
880 4194 964 4258 anni
984 4204 1189 4274 aegrotaret
1203 4195 1378 4260 Dominus
1392 4196 1473 4261 Hie·

241 4317 424 4380 ronymuS,
441 4299 574 4364 Rector
584 4299 757 4364 ecclesiae
773 4299 856 4364 St*e
874 4301 1018 4381 Luciae,
1035 4301 1231 4367 curandum
1243 4304 1349 4367 etiam
1364 4305 1474 4386 aliqui

289 4504 297 4538 ¹
326 4503 393 4550 Vide
403 4516 491 4561 supra,
502 4511 522 4551 t.
531 4515 568 4558 ιιι,
579 4515 639 4561 pag.
650 4505 678 4549 63
688 4512 714 4549 et
723 4505 759 4561 ot,
771 4517 813 4550 nn.
823 4505 862 4550 118
871 4512 897 4550 et
909 4506 956 4561 116,
966 4513 993 4550 et
1003 4513 1023 4552 t.
1032 4517 1067 4560 rr,
1077 4518 1138 4562 pag.
1150 4507 1196 4563 140,
1212 4520 1237 4554 n.
1248 4508 1296 4564 2811,
1311 4515 1338 4554 et
1352 4521 1411 4566 pag.
1423 4510 1475 4564 866,

243 4587 269 4620 m
278 4575 370 4692 zulte.
381 4647 554 4693 charitatem.
