3642 5350
802 354 865 416 Aa.
888 353 958 417 1556
1445 356 1501 419 279

336 495 424 562 1089.
465 497 599 564 Fuerat
612 500 671 563 ille
689 503 840 583 populus
854 503 1178 583 superstitionibus
1200 503 1500 569 incantationibus

270 612 305 669 et
319 604 476 670 moribus
489 606 711 672 ethnicorum
726 608 831 673 valde
846 608 995 689 deditus,
1012 611 1126 690 primo
1141 610 1197 674 die
1210 611 1341 675 mensis
1356 611 1500 676 domum

271 710 480 794 cujusquam
495 715 629 779 intrare
644 720 706 778 aut
721 716 841 795 ignem
855 725 975 798 petere
990 716 1091 781 nefas
1106 718 1200 799 apud
1215 718 1311 799 ipsos
1327 726 1421 797 erat;
1437 719 1499 783 sed

271 836 408 885 ramum
427 821 465 885 in
483 822 607 902 portis,
629 822 766 886 utboni
791 824 964 901 nuntium,
986 824 1221 905 apponebant.
1238 824 1501 905 Tempestatem

271 928 397 1006 cultro,
425 926 526 1008 cuius
546 929 710 1009 capulum
730 930 873 1010 nigrum
892 940 985 1011 erat,
1007 928 1256 1011 conjurabant,
1278 931 1501 995 bombicibus

273 1035 430 1099 adhibito
445 1036 601 1115 incenso,
618 1037 898 1103 benedictionem
913 1038 1129 1117 tribuebant,
1146 1047 1185 1103 ut
1199 1039 1304 1103 serici
1318 1039 1500 1104 abundan-

272 1143 358 1206 tiam
373 1142 584 1224 proferrent,
599 1152 634 1207 et
649 1143 693 1207 ad
709 1145 777 1208 hoc
791 1145 952 1209 homines
965 1145 1096 1211 larvati
1114 1155 1149 1209 et
1163 1146 1408 1210 tintinnabulis
1430 1146 1500 1210 cir·

270 1249 462 1314 cumcincti
475 1248 776 1330 designabantur,
797 1251 907 1333 quiin
928 1251 1051 1334 vigilia
1066 1251 1355 1317 circumcisionis
1375 1252 1500 1316 domos

270 1357 444 1421 intrarent
459 1366 494 1421 et
508 1357 560 1422 sic
575 1358 653 1421 illas
668 1358 970 1423 benedictionibus
981 1360 1168 1440 replerent,
1183 1368 1221 1423 ut
1232 1359 1402 1440 quidquid
1414 1360 1500 1424 inte·

270 1463 336 1528 rim
352 1464 397 1527 ad
416 1463 547 1529 uictum
562 1465 744 1546 pertinens
765 1466 896 1530 habere
910 1473 1091 1546 poterant,
1107 1466 1305 1546 auferrent,
1320 1484 1387 1531 nec
1401 1464 1499 1547 quid·

182 1557 184 1560 ’
270 1588 375 1653 quam
392 1572 588 1636 reclamare
602 1572 658 1635 fas
672 1581 765 1652 erat;
786 1572 821 1636 in
838 1572 970 1636 morbis
984 1582 1019 1637 et
1038 1573 1325 1653 necessitatibus,
1342 1574 1501 1639 incanta·

271 1679 353 1758 trix,
366 1679 469 1743 varia
480 1678 636 1743 remedia
645 1678 859 1758 adhibitura,
870 1679 1127 1744 inveniebatur.
1138 1678 1174 1743 Si
1184 1678 1262 1761 quis
1271 1680 1499 1758 moriebatur,

271 1803 395 1851 omnes
415 1786 673 1867 consanguinei
692 1803 800 1849 voces
822 1786 985 1850 diversas
1005 1785 1229 1866 emittebant,
1250 1786 1319 1850 viri
1339 1786 1499 1865 barbam,

271 1895 437 1959 mulieres
451 1910 602 1973 comam,
619 1894 777 1957 cadaver
791 1894 1075 1971 circumstantes,
1092 1894 1301 1972 evellebant;
1325 1903 1359 1957 et
1382 1892 1500 1959 delato

270 2001 315 2065 ad
341 2001 530 2066 ecclesium
554 2002 690 2080 funere,
711 2018 781 2082 quo
800 2001 949 2083 quisque
974 2002 1147 2081 sanguine
1173 1999 1394 2081 conjunctior
1408 2011 1497 2079 erat,

270 2128 312 2173 eo
326 2108 458 2173 diutius
471 2109 517 2172 ab
536 2108 700 2188 ingressu
718 2109 892 2172 ecclesiae
913 2116 947 2173 et
968 2108 1143 2172 audiendo
1158 2106 1270 2172 Sacro
1286 2117 1320 2171 et
1335 2107 1497 2172 oratione

271 2208 451 2273 dominica
465 2206 701 2271 abstinebant.

332 2314 421 2379 1090.
464 2312 521 2379 Ab
541 2314 597 2378 his
616 2323 652 2379 et
671 2313 750 2378 aliis
768 2314 946 2393 gentilicis
971 2313 1152 2379 erroribus
1171 2314 1223 2377 sic
1245 2313 1405 2377 revocati
1428 2312 1503 2377 fue-

271 2432 365 2500 runt,
386 2431 424 2485 ut
443 2420 547 2486 valde
567 2421 612 2486 ab
632 2423 685 2485 eis
705 2421 897 2486 abliorrere
920 2422 1128 2502 inciperent,
1150 2422 1235 2509 etin
1257 2422 1337 2486 aliis
1356 2419 1502 2484 eosdem

270 2529 580 2610 reprehenderent;
598 2539 633 2593 et
645 2528 718 2611 jam
733 2529 794 2611 qui
806 2529 912 2593 funus
927 2529 964 2593 in
978 2530 1166 2594 ecclesiam
1180 2528 1453 2607 comitabantur,
1467 2536 1502 2592 et

271 2636 421 2703 Sacrum
446 2636 636 2702 audiebant
659 2645 694 2702 et
718 2635 882 2702 concioni
908 2636 1028 2716 etiam,
1049 2652 1140 2718 quae
1162 2635 1369 2714 habebatur,
1396 2634 1501 2700 inter·

271 2755 384 2823 erant,
400 2762 506 2825 quam
521 2743 565 2809 de
577 2754 729 2826 quatuor
744 2744 960 2822 novissimis,
976 2761 1041 2826 pro
1056 2760 1165 2822 more,
1181 2752 1261 2824 post
1275 2743 1502 2822 evangelium

271 2852 400 2916 Missae
414 2870 479 2934 pro
495 2851 669 2917 defunctis
687 2852 725 2916 P.
742 2851 869 2916 Daniel
889 2850 1016 2918 sedens
1035 2859 1117 2915 ante
1139 2852 1250 2915 altare
1270 2850 1442 2929 faciebat;
1467 2859 1503 2914 et

272 2959 452 3040 gaudebat
471 2961 622 3041 populus
640 2959 746 3024 valde
765 2975 894 3023 senon
913 2959 1026 3023 teneri
1046 2957 1091 3022 ad
1117 2958 1206 3022 ritus
1225 2957 1304 3021 illos
1323 2957 1499 3039 antiquoS,

272 3067 399 3147 quibus
413 3067 522 3148 aliqui
536 3067 603 3131 sibi
624 3067 711 3148 ipsis
726 3067 851 3132 mortis
865 3081 976 3132 causa
991 3075 1104 3130 erant.

335 3173 422 3238 1091.
466 3175 575 3240 Immo
599 3189 758 3262 errorem
784 3183 942 3239 veterem
966 3184 1002 3240 et
1027 3174 1268 3255 agnoscebant
1294 3182 1329 3237 et
1353 3172 1503 3236 detesta-

269 3282 415 3357 bantur,
437 3291 472 3346 et
486 3280 619 3346 assidui
638 3282 675 3345 in
696 3282 857 3346 ecclesiis
875 3290 910 3344 et
929 3282 966 3344 in
986 3280 1268 3346 confessionibus
1287 3297 1330 3344 ac
1349 3295 1503 3344 commu·

270 3389 434 3453 nionibus
448 3389 705 3470 frequentiores
719 3390 823 3452 solito
838 3388 1084 3467 cernebantur,
1101 3398 1136 3451 et
1150 3405 1308 3452 summas
1322 3386 1401 3451 Deo
1421 3403 1504 3465 gra·

271 3496 341 3560 tias
364 3497 535 3576 agebant,
561 3497 622 3577 qui
641 3496 722 3560 talis
741 3495 956 3577 cognitionis
974 3495 1105 3560 lumine
1124 3513 1185 3559 eos
1206 3496 1434 3572 illustrasset;
1459 3511 1502 3557 ac

272 3603 395 3668 beatas
417 3621 540 3670 eorum
560 3603 698 3668 animas
717 3601 993 3684 praedicabant,
1011 3603 1223 3682 adquorum
1243 3602 1321 3665 loca
1341 3599 1503 3665 Societas

272 3710 463 3791 aliquando
475 3720 698 3792 pervenerat.

335 3816 425 3882 1092.
467 3818 686 3901 Aliquandiu
705 3818 908 3901 praesentia
927 3818 965 3881 P.
993 3817 1152 3882 Danielis
1173 3816 1331 3881 italensis
1351 3816 1504 3898 populus

272 3925 340 3990 fuit
363 3926 536 4007 privatus,
561 3943 643 3992 cum
668 3943 731 4008 per
756 3927 947 3990 dioecesim
972 3941 1252 4003 messanensem,
1280 3932 1318 3988 ut
1343 3924 1504 4006 superius

269 4032 427 4098 diximus
442 4037 464 4113 ¹;
481 4033 706 4113 discurreret,
723 4033 813 4098 duos
833 4051 973 4098 menses
994 4043 1029 4098 et
1049 4034 1172 4098 decem
1193 4031 1268 4096 dies
1288 4032 1325 4095 in
1344 4049 1387 4095 ea
1406 4048 1504 4112 pere·

269 4141 471 4222 grinatione
486 4141 706 4222 expendens,
723 4141 767 4205 ab
783 4142 918 4220 ultima,
935 4142 1083 4219 scilicet,
1102 4140 1235 4222 Aprilis
1255 4156 1366 4221 usque
1382 4139 1428 4203 ad
1442 4157 1502 4202 no·

270 4267 356 4314 nam
370 4249 465 4334 Julii.

334 4355 422 4421 1093.
464 4357 617 4421 Ferebat
633 4366 751 4421 autem
768 4374 890 4422 secum
904 4357 1042 4421 litteras
1056 4357 1236 4437 Pro-regis
1247 4373 1407 4420 seorsum
1418 4355 1502 4420 scri·

311 4595 321 4632 ¹
350 4598 417 4644 Vide
427 4610 514 4655 supra,
526 4611 586 4655 pag.
599 4599 648 4655 att,
660 4611 685 4643 n.
698 4598 758 4644 1046.
