3642 5350
330 351 386 415 336
792 351 921 417 Cunou.
941 352 1018 417 Soc„
1038 351 1110 430 Jss.

335 503 392 577 rit;
424 500 589 584 quamvis
617 501 770 567 Michael
795 500 883 585 Spes
908 503 1102 567 facesseret
1130 502 1265 567 nostris
1284 502 1480 584 negotium,
1505 501 1565 585 qui

335 609 478 673 cuidam
503 609 610 673 classi
628 590 806 691 praeerat,
830 619 865 674 et
889 609 1189 675 lere·minabatur
1209 629 1248 675 se
1269 629 1448 676 rumorem
1471 610 1565 693 apud

335 717 569 782 scholasticos
583 718 834 798 excitaturum,
851 719 882 781 si
896 716 1058 782 Societas
1072 736 1144 782 non
1163 736 1202 782 se
1222 737 1304 784 cum
1318 720 1397 801 ipso
1411 727 1562 800 gereret,

335 834 374 890 ut
393 825 469 907 ipse
490 825 685 889 convenire
708 822 903 904 judicabat.
927 826 973 889 Et
995 826 1077 889 inde
1097 843 1178 890 eum
1191 843 1378 891 removere
1394 827 1564 905 decrevit,

335 933 429 1015 quod
448 950 577 1015 parum
595 934 633 998 in
647 934 837 998 vocatione
852 933 993 998 firmum
1014 951 1096 998 eum
1118 934 1308 1010 inveniret,
1324 934 1417 1015 quod
1432 934 1565 999 diceret

334 1059 374 1105 se
387 1041 677 1122 persuasionibus
688 1040 806 1105 Patris
816 1040 946 1122 Ignatii
961 1040 1006 1105 ad
1022 1039 1237 1106 Societatem
1251 1042 1359 1107 luisse
1374 1043 1565 1107 adductum

336 1158 373 1213 et
387 1166 426 1213 se
441 1149 589 1214 nimium
604 1149 788 1213 credulum
803 1148 914 1215 fuisse
933 1148 955 1212 ⁴.

397 1255 486 1320 1375.
528 1255 750 1321 Inserviebat
779 1256 837 1320 hic
865 1255 1008 1336 iuvenis
1035 1256 1169 1322 Romae
1195 1258 1352 1322 Domino
1381 1258 1566 1323 Ludovico

336 1363 515 1429 Gonzalez
528 1362 552 1444 ¹,
569 1365 820 1429 conservatori
831 1364 1054 1445 Aragoniae,
1066 1366 1127 1445 qui
1138 1363 1325 1430 familiaris
1336 1365 1454 1430 suerat
1469 1366 1567 1431 Patri

336 1481 459 1537 nostro
473 1470 625 1553 Ignatio;
641 1481 771 1538 etcum
788 1470 969 1536 modestus
983 1471 1166 1537 videretur
1184 1484 1219 1536 et
1235 1483 1339 1554 aptus
1355 1474 1400 1537 ad
1415 1474 1483 1538 Dei
1496 1491 1568 1538 ser·

336 1580 473 1659 vitium,
495 1578 638 1661 aliquod
657 1580 708 1643 illi
728 1579 878 1644 verbum
899 1580 1183 1644 exhortatorium
1197 1581 1244 1644 ad
1265 1579 1397 1645 Christi
1418 1581 1567 1660 cqnsilia

337 1688 508 1753 sectanda
521 1686 560 1751 P.
576 1688 737 1768 Ignatius
751 1688 842 1752 dixit
856 1696 891 1751 et
906 1688 949 1751 de
969 1685 1148 1752 Societate
1163 1688 1272 1752 etiam
1288 1689 1422 1770 aliquid
1437 1689 1565 1769 attigit,

337 1796 500 1878 quamvis
515 1796 802 1878 persuasionibus
817 1814 888 1859 non
907 1803 1084 1876 uteretur;
1101 1804 1136 1859 et
1151 1804 1270 1860 tamen
1286 1798 1344 1859 vel
1358 1796 1415 1860 hic
1427 1794 1568 1876 juvenis

337 1902 405 1969 Dei
424 1902 556 1968 donum
575 1922 618 1967 ac
637 1903 862 1968 vocationem
883 1912 959 1967 non
978 1904 1220 1980 conservavit,
1249 1920 1312 1983 per
1331 1904 1369 1967 P.
1391 1903 1567 1982 ignatium

336 2011 485 2092 factam,
506 2012 582 2089 vel,
603 2020 642 2076 ut
661 2011 809 2092 ipsemet
828 2010 984 2089 dicebat,
1010 2028 1081 2075 non
1105 2011 1171 2074 fuit
1193 2009 1260 2073 Dei
1278 2011 1439 2089 vocatio,
1460 2020 1495 2075 et
1518 2012 1567 2074 ita

338 2104 519 2203 nunquam
534 2119 620 2183 satis
635 2118 851 2200 conquievit,
867 2117 981 2183 donec
995 2118 1084 2182 liber
1100 2118 1266 2182 dimissus
1281 2128 1346 2182 est.

401 2226 488 2292 1376.
532 2225 707 2291 Dominus
730 2225 979 2290 Ferdiuandus
999 2225 1041 2289 de
1061 2225 1165 2305 Vega
1180 2226 1398 2305 singularem
1417 2226 1565 2291 benevo-

337 2335 467 2399 lentiae
482 2332 647 2399 affectum
661 2350 749 2414 erga
764 2332 963 2413 Collegium
978 2332 1046 2396 hoc
1067 2330 1079 2362 ⁸
1099 2333 1259 2412 gerebat,
1275 2344 1310 2397 et
1329 2334 1413 2415 quia
1437 2334 1567 2399 incom-

339 2442 442 2507 mode
466 2441 689 2521 habitabant,
716 2440 856 2505 curavit
880 2449 919 2503 ut
939 2438 1066 2503 domus
1083 2439 1260 2521 quaedam
1275 2458 1356 2504 cum
1378 2459 1463 2506 area
1479 2442 1569 2505 satis

338 2550 456 2630 ampla
471 2548 643 2613 ecclesiae
657 2558 802 2613 nostrae
823 2547 943 2612 vicina
961 2557 1150 2626 emeretur,
1174 2547 1234 2611 ubi
1249 2557 1385 2629 septem
1404 2549 1568 2612 cubicula

338 2657 414 2723 lieri
429 2665 593 2739 poterant
606 2655 831 2737 insuperiori
843 2663 944 2737 parte
956 2664 1098 2737 praeter
1114 2653 1353 2735 relectorium,
1368 2656 1521 2721 culinam
1533 2666 1569 2721 et

339 2767 429 2830 alias
450 2763 619 2845 officinaS,
644 2781 735 2845 quae
754 2764 790 2828 in
805 2763 965 2827 inferiori
984 2773 1086 2844 parte
1108 2763 1236 2829 confici
1257 2773 1434 2845 poterant.
1458 2765 1570 2829 Totus

340 2881 458 2937 autem
469 2872 558 2936 situs
569 2871 839 2954 quadringentis
853 2881 888 2935 et
902 2871 1032 2951 viginti
1047 2872 1203 2953 quinque
1218 2873 1338 2936 aureis
1354 2870 1436 2954 [emi
1452 2870 1568 2953 posse]

336 2981 572 3062 judicabatur,
590 2989 624 3044 et
638 2980 806 3061 sperabat
817 2978 853 3043 P.
869 2979 1046 3044 Antonius
1058 2997 1129 3043 non
1140 2979 1255 3042 solum
1267 2980 1453 3044 emendum
1464 2983 1570 3045 situm

340 3089 449 3168 illum,
466 3087 528 3153 sed
547 3086 806 3151 aedificandum
824 3087 931 3152 etiam
952 3088 1085 3151 auxilio
1106 3085 1264 3167 ejusdem
1284 3086 1428 3152 Domini
1449 3087 1568 3153 Ferdi·

341 3195 460 3272 nandi,
477 3196 537 3277 qui
551 3212 617 3259 nec
632 3195 747 3259 sorori
762 3195 938 3259 Ducissae
954 3213 1020 3259 nec
1040 3194 1144 3260 fratri
1163 3195 1276 3260 Sucro
1292 3213 1459 3260 cessurus
1475 3196 1570 3260 vide·

340 3303 445 3367 batur
459 3303 494 3367 in
509 3303 721 3368 Catanensis
737 3301 886 3383 Collegii
900 3302 1096 3367 commodis
1107 3303 1287 3368 curandis.

402 3409 490 3473 1377.
532 3409 659 3491 Empta
675 3419 728 3473 est
743 3425 830 3489 ergo
845 3409 1030 3490 praedicta
1045 3410 1187 3491 domus;
1209 3412 1374 3492 quamvis
1390 3410 1485 3475 enim
1504 3409 1571 3474 Do·

341 3517 457 3582 minus
477 3515 724 3581 Ferdinandus
739 3516 875 3582 Catana
897 3518 1056 3595 recessit,
1072 3518 1342 3599 magistratibus
1361 3519 1459 3582 urbis
1474 3535 1568 3582 com·

341 3625 545 3690 mendatum
560 3624 699 3706 reliquit
713 3633 751 3688 ut
766 3624 864 3689 illam
878 3636 1139 3706 compararent.
1152 3625 1243 3690 Erat
1257 3634 1377 3689 autem
1392 3625 1521 3689 civitas
1536 3625 1572 3688 in

342 3732 547 3798 universum
561 3733 648 3796 satis
663 3749 839 3813 propensa
854 3733 900 3797 ad
916 3751 973 3797 res
984 3731 1133 3812 Collegii
1145 3732 1335 3813 Juvandas,
1349 3733 1411 3797 sed
1424 3733 1521 3798 vires
1536 3741 1573 3796 et

342 3840 494 3905 facultas
508 3839 642 3904 debiles
653 3849 767 3904 erant.

404 3945 491 4011 1378.
534 3947 696 4012 Ecclesia
721 3933 889 4012 etiam'in
915 3949 1097 4013 meliorem
1126 3957 1259 4013 statum
1279 3948 1428 4013 reducta
1447 3956 1482 4012 et
1502 3948 1573 4029 pul·

343 4055 463 4120 chrior
487 4053 629 4134 effecta3
649 4057 799 4136 pecunia
821 4055 986 4119 etiamad
1001 4056 1037 4121 id
1052 4056 1272 4138 relinquente
1287 4056 1442 4120 Domino
1456 4054 1575 4119 Ferdi·

343 4161 474 4241 nando,
484 4161 560 4226 sine
572 4159 672 4239 cuius
684 4162 817 4227 auxilio
828 4180 897 4226 non
912 4163 1101 4229 videbatur
1112 4163 1312 4229 aedificium
1321 4161 1449 4226 confici
1457 4177 1573 4243 posse.

384 4403 393 4436 l
422 4403 822 4462 Vldesupra,pag.825,n.1328.

383 4477 395 4510 ¹
422 4476 489 4521 Vide
500 4489 589 4533 supra,
601 4485 620 4525 t.
630 4488 658 4531 ιι,
668 4489 729 4534 pag.
740 4478 788 4533 ³3⁵,
798 4491 823 4523 n.
833 4479 881 4529 391.
891 4480 933 4524 ubl
944 4477 1055 4532 Joannes
1065 4479 1212 4525 Lndovlcus
1222 4479 1380 4536 appellatur.

384 4547 396 4580 ⁸
424 4547 579 4604 Catanense,
597 4551 708 4605 scilicet3
725 4562 775 4595 non
790 4551 857 4596 enlm
871 4552 927 4608 lam
944 4563 1029 4596 sermo
1042 4560 1082 4597 est
1098 4553 1130 4597 de
1144 4552 1319 4610 Syracusano,
1335 4550 1402 4608 quod
1415 4548 1574 4596 visitaverat

345 4619 373 4670 Ρ.
384 4621 514 4670 Antouluu
523 4620 619 4669 Vinck.
