3642 5350
337 422 393 482 378
793 424 922 487 Canon.
942 424 1017 483 Soc.
1038 424 1108 499 Jns.

337 568 410 647 bat,
425 568 532 632 etiam
547 568 642 632 circa
658 570 821 634 aedificia
840 580 875 634 et
894 571 977 649 alia,
994 588 1085 651 quae
1108 569 1269 635 accidere
1285 579 1440 651 possent.
1457 568 1502 634 Et
1516 568 1569 634 vi·

341 675 491 740 debatur
506 674 650 740 Canisio
669 676 836 758 expedire
855 679 972 757 magis
991 689 1029 741 ut
1051 678 1184 759 aliquid
1203 677 1293 741 certi
1312 677 1460 741 adhaec
1483 677 1568 741 assi-

340 792 532 862 gnaretur3
562 782 625 846 sed
652 784 888 849 commissarii
913 785 1170 849 conducibilius
1191 768 1444 849 existimabant
1463 802 1567 866 expe·

340 897 450 967 ctare,
466 889 580 954 donec
595 890 672 971 ipsa
688 892 908 971 experientia
923 891 1068 956 doceret
1081 893 1166 973 quid
1180 892 1276 955 facto
1291 908 1380 972 opus
1400 900 1505 955 esset.

403 996 490 1059 1587.
534 996 630 1061 Nihil
645 1006 762 1061 autem
778 997 954 1062 difficilius
973 1000 1105 1062 nostris
1124 998 1312 1062 videbatur
1326 1015 1431 1078 quam
1452 1015 1569 1062 sacer·

338 1101 439 1167 dotes
454 1104 626 1183 invenire,
640 1104 699 1185 qui
714 1106 826 1168 vitam
838 1106 886 1168 ibi
899 1122 1007 1185 agere
1022 1107 1165 1184 vellent3
1178 1123 1269 1187 quos
1281 1114 1401 1169 autem
1412 1106 1461 1168 ibi
1471 1104 1567 1168 inve-

280 1264 281 1267 ,
340 1220 478 1288 nerunt,
499 1228 683 1280 removere
704 1213 820 1276 coacti
839 1223 933 1289 sunt,
955 1214 1047 1293 quod
1064 1229 1195 1277 uxores
1214 1212 1402 1293 duxerant,
1420 1221 1455 1276 et
1466 1212 1570 1293 juxta

338 1318 604 1382 lutheranorum
630 1318 736 1383 ritum
761 1330 987 1384 sacramenta
1007 1320 1267 1384 ministrabant.
1288 1320 1405 1399 Ipsum
1426 1319 1568 1400 quidem

339 1423 535 1504 Collegium
549 1442 621 1488 non
636 1424 788 1490 habebat
803 1444 926 1490 curam
941 1428 1151 1505 animarum;
1167 1427 1231 1491 sed
1245 1427 1292 1490 ad
1311 1426 1396 1490 illud
1417 1426 1570 1507 pertine·

341 1531 403 1595 bat
414 1530 706 1612 jurisdictionalis
720 1551 818 1612 cura,
836 1534 1079 1612 confirmandi,
1095 1535 1272 1613 videlicet,
1289 1534 1379 1615 duos
1393 1532 1570 1614 parochos

339 1638 490 1703 duorum
509 1641 719 1720 populorum
737 1642 956 1705 monasterio
976 1642 1213 1720 subditorum;
1235 1642 1341 1705 immo
1361 1640 1504 1705 eosdem
1519 1642 1568 1704 in·

339 1747 484 1810 stituere
499 1746 657 1811 debebat.
675 1746 796 1811 Potius
811 1759 929 1811 tamen
941 1750 1057 1812 nullos
1071 1757 1234 1829 pastores
1246 1766 1353 1829 quam
1368 1748 1571 1812 haereticos

338 1853 469 1917 habere
484 1852 522 1918 P.
540 1853 704 1918 Canisius
715 1853 909 1935 judicabat.

403 1959 491 2024 1588.
533 1962 578 2025 Et
602 1963 689 2047 licet
710 1973 872 2042 pastores
895 1964 1060 2027 catholici
1081 1965 1217 2029 inventi
1242 1972 1377 2043 essent,
1400 1962 1478 2026 fieri
1497 1978 1570 2027 non

339 2084 443 2149 posse
459 2067 572 2133 eidem
588 2070 786 2149 videbatur,
803 2080 841 2133 ut
856 2070 905 2135 illi
925 2071 1056 2151 populi,
1073 2070 1327 2135 lutheranismo
1343 2071 1477 2135 assueti
1491 2081 1526 2133 et
1549 2087 1571 2133 a

339 2175 537 2239 lutheranis
551 2176 706 2257 undique
720 2177 839 2256 cincti,
855 2186 890 2241 et
901 2179 1034 2257 alioqui
1048 2177 1211 2241 ebrietati
1223 2178 1344 2256 dediti,
1358 2178 1480 2242 reduci
1491 2194 1570 2258 pos-

340 2291 419 2346 sent
433 2283 478 2346 ad
490 2282 702 2347 catholicam
717 2285 814 2348 vitae
830 2285 1001 2349 rationem
1019 2285 1227 2349 ducendam.
1244 2284 1283 2348 In
1298 2293 1452 2349 mentem
1467 2301 1571 2348 vene·

340 2399 397 2453 rat
420 2406 525 2471 posse
551 2390 750 2455 aedificium
774 2392 860 2456 illud
885 2391 1088 2472 Oybinense
1114 2393 1159 2455 ad
1183 2393 1326 2457 domum
1350 2392 1573 2473 probationis

340 2497 592 2561 instituendam
606 2514 710 2579 posse
727 2499 919 2577 deservire,
941 2499 1003 2563 sed
1023 2500 1147 2580 procul
1167 2510 1244 2563 erat
1259 2500 1389 2579 Praga,
1406 2499 1571 2577 duorum,

341 2605 487 2683 scilicet,
514 2604 652 2670 dierum
678 2606 813 2670 itinere.
839 2606 898 2671 Ad
924 2607 1095 2670 exercitia
1116 2608 1315 2688 spiritualia
1341 2606 1515 2670 tradenda
1534 2615 1569 2670 et

339 2714 628 2794 contemplationi
643 2714 845 2778 vacandum
860 2725 938 2779 erat
958 2716 1099 2797 quidem
1114 2716 1218 2779 valde
1241 2724 1488 2796 opportunum;
1506 2713 1570 2778 sed

340 2829 525 2901 expertum
540 2838 578 2884 se
594 2829 743 2884 testatur
758 2822 795 2885 in
809 2821 928 2901 Praga
942 2832 977 2886 et
998 2822 1169 2886 Bohemia
1184 2821 1387 2903 perdifficile
1407 2821 1570 2884 homines

339 2928 385 2992 ad
410 2929 609 3008 spiritualia
633 2929 803 2993 exercitia
829 2939 955 2993 exacte
982 2929 1147 2993 iacienda
1172 2929 1301 2993 adduci
1326 2946 1444 3009 posse,
1474 2926 1572 3008 quod

343 3052 465 3106 eorum
490 3036 634 3115 ingenia
662 3053 789 3116 parum
816 3053 994 3118 propensa
1022 3037 1093 3100 sint
1121 3037 1167 3101 ad
1190 3035 1391 3117 hujusmodi
1419 3051 1572 3116 occupa·

345 3141 491 3206 tionem.

341 3287 344 3292 -
408 3247 494 3314 1589.
538 3249 684 3314 Praeter
699 3251 887 3328 Zitaviam,
905 3269 997 3333 quae
1011 3250 1127 3315 media
1142 3251 1242 3313 leuca
1255 3269 1276 3314 a
1291 3249 1509 3314 monasterio
1524 3247 1572 3312 di·

273 3387 277 3396 ·
343 3358 473 3435 stabat,
490 3375 535 3421 ex
550 3358 619 3421 alio
633 3359 744 3421 latere
760 3359 888 3422 civitas
903 3359 1077 3439 quaedam
1092 3368 1169 3421 erat
1185 3358 1372 3436 catholica,
1388 3358 1449 3420 ubi
1465 3356 1575 3420 semel

344 3463 384 3528 P.
401 3463 565 3528 Canisius
585 3465 869 3547 frequentissimo
891 3466 1068 3530 auditorio
1088 3465 1319 3529 concionatus
1339 3474 1411 3543 est,
1427 3481 1510 3528 nam
1530 3481 1575 3527 ex

343 3571 472 3636 vicinis
486 3573 600 3653 pagis,
614 3573 651 3636 in
667 3573 793 3653 quibus
805 3574 891 3636 nulli
902 3584 984 3637 sunt
995 3573 1211 3651 sacerdoteS,
1225 3573 1271 3635 ad
1283 3572 1464 3636 civitatem
1477 3573 1575 3635 illam

344 3679 467 3744 diebus
482 3679 580 3743 festis
595 3680 755 3744 homines
770 3679 964 3760 confluunt;
981 3691 1015 3744 et
1030 3689 1148 3744 tamen
1162 3680 1225 3742 vix
1240 3681 1275 3742 in
1290 3679 1473 3759 praedicta
1489 3679 1573 3744 civi·

344 3795 416 3850 tate
432 3785 501 3850 duo
517 3787 574 3850 vel
589 3795 662 3849 tres
680 3787 885 3851 sacerdotes
900 3790 989 3851 satis
1008 3788 1117 3868 inepti
1139 3786 1421 3850 inveniebantur.
1443 3785 1489 3851 Et
1512 3787 1574 3864 ita,

345 3893 376 3957 si
390 3893 468 3974 quis
487 3911 532 3956 ex
550 3893 700 3972 nostris,
722 3896 928 3986 germanice
947 3896 1079 3972 sciens,
1101 3897 1137 3958 in
1158 3894 1216 3957 illo
1231 3895 1447 3957 monasterio
1469 3892 1576 3974 Oybi-

345 3999 447 4064 nensi
471 4010 686 4080 versaretur,
713 4018 864 4065 messem
888 4002 1074 4065 habiturus
1094 4011 1172 4064 erat
1195 4002 1379 4081 copiosam
1403 4000 1450 4064 ad
1474 4000 1576 4065 verbi

345 4107 412 4172 Dei
427 4118 462 4172 et
476 4118 782 4173 sacramentorum
798 4110 1042 4174 ministerium.

409 4213 496 4280 1590.
540 4214 586 4279 Hi
601 4225 731 4295 tamen,
749 4218 809 4299 qui
823 4211 991 4281 catholici
1006 4225 1195 4281 censentur
1211 4216 1328 4280 inillis
1340 4217 1439 4295 locis,
1456 4217 1495 4280 P.
1512 4215 1578 4282 Ca·

347 4322 440 4386 nisio
463 4341 589 4404 parum
609 4325 762 4405 amplius
780 4342 887 4404 quarn
906 4342 1035 4388 nornen
1050 4326 1307 4388 catholicorum
1329 4325 1460 4388 habere
1482 4324 1578 4388 vide·

347 4429 488 4505 bantur;
506 4437 588 4494 ham
604 4432 639 4494 in
655 4431 723 4495 illis
743 4432 864 4495 videre
883 4441 961 4494 erat
980 4448 1154 4495 summam
1168 4432 1423 4513 stupiditatem,
1445 4431 1576 4499 irreve-

349 4537 498 4602 rentiam
513 4547 548 4601 et
562 4539 816 4619 negligentiam
830 4540 928 4602 circa
947 4537 1014 4602 Dei
1034 4540 1179 4618 cultum;
1195 4551 1230 4602 et
1244 4539 1313 4603 hoc
1329 4548 1402 4602 tam
1417 4540 1453 4603 in
1468 4540 1577 4602 eccle·

348 4643 502 4709 siasticis
516 4660 622 4725 quam
637 4643 673 4708 in
689 4644 933 4732 saecularibus
948 4645 1000 4710 sic
1012 4645 1238 4724 observabat,
1252 4657 1289 4709 ut
1304 4644 1493 4726 aliquando
1509 4645 1576 4729 ipsi
