3642 5350
331 390 391 453 m
793 388 1113 463 CmSochs

331 536 678 618 wmarebat
700 534 1566 617 umessuoeadeossusseoooohcuimtoem

330 644 428 725 typis
450 642 596 721 auidi,
615 642 793 723 adjunctis
816 643 1130 707 constitutionfltns
1149 644 1416 723 episcopalibus
1438 660 1567 707 recens

332 751 581 831 promulgatis,
596 750 788 815 mandarit

390 855 483 921 Μ).
525 856 1567 937 Oincionatusetiamestsemelatqneitermnincoeno·

329 964 390 1029 bio
404 964 595 1045 virginum,
610 963 779 1029 llarsach
793 976 1014 1044 nuncupato,
1032 981 1116 1027 cnm
1132 964 1565 1045 nonmediocriipsarnm

329 1072 585 1149 consolatione,
599 1088 692 1153 quae
706 1072 828 1135 multis
842 1072 1010 1151 precibus
1028 1071 1065 1134 id
1082 1071 1311 1135 obtinuerant
1331 1072 1354 1132 ¹.
1374 1071 1415 1135 ln
1432 1070 1567 1151 oppido

329 1178 439 1243 etiam
453 1176 640 1257 Soriacbo,
655 1177 1566 1258 inpriorarudetat’eme,apndtlmtflnllorinnm

329 1284 1289 1367 aetiamssuscopiae,jnssussp·scopi,semenverbi
1308 1284 1378 1349 Dei
1394 1302 1469 1349 non
1488 1286 1567 1349 sine

331 1392 484 1457 utilitate
497 1394 648 1474 sparsit,
664 1404 703 1457 nt
716 1392 874 1457 studium
887 1394 1101 1473 populorum
1118 1404 1155 1455 et
1174 1393 1248 1455 alia
1267 1392 1374 1471 §gna
1388 1393 1566 1456 testaban-

330 1496 1567 1565 tnr.Riomensisetiamciritasiterumadsolemnemsermonemde

331 1608 639 1687 eleemosynarum
649 1608 851 1685 collatione,
864 1608 970 1671 tertio
983 1625 1124 1687 quoqne
1138 1624 1260 1669 mense
1273 1607 1564 1683 baberisoliurm,

331 1713 449 1795 ipsum
462 1714 647 1793 invitarit,
661 1724 698 1777 et
711 1732 793 1779 cnm
807 1714 976 1794 Episcopi
989 1716 1176 1776 voluntate
1187 1714 1351 1777 obtinuit.
1367 1714 1564 1777 lsiodornm

329 1820 439 1885 aiam
453 1820 574 1901 rediit,
590 1834 626 1885 et
640 1822 688 1885 ibi
706 1834 814 1902 atque
832 1822 914 1885 aliis
932 1822 969 1885 in
987 1822 1077 1884 locis
1094 1821 1323 1884 ecclesiastes
1344 1819 1461 1883 officio
1478 1838 1563 1884 cnm

332 1944 406 1993 non
419 1929 590 1993 mediocri
605 1929 722 1993 fructu
737 1929 880 1993 functus
894 1941 961 1992 est.

392 2034 485 2099 2101.
529 2035 567 2099 P.
586 2036 826 2116 Hieronymus
840 2037 999 2115 Bassius,
1017 2053 1064 2099 ex
1078 2054 1151 2116 qno
1163 2038 1334 2099 alvernos
1345 2037 1483 2112 reuisit,
1497 2036 1567 2115 piis

332 2142 488 2221 negotiis
502 2159 634 2207 vacare
649 2160 720 2207 non
735 2144 903 2219 cessarit,
919 2155 1051 2206 etcum
1065 2141 1421 2206 claramontensesP.
1436 2142 1565 2205 Rober·

331 2260 407 2313 tum
421 2266 493 2315 non
507 2250 753 2329 obtinuissent,
769 2262 808 2313 ut
821 2252 1032 2331 sperabant,
1057 2250 1158 2313 seriis
1178 2249 1392 2314 Sanctorum
1409 2250 1566 2313 omnium

330 2354 367 2419 in
395 2356 563 2435 paroecia
590 2354 636 2421 D.
668 2356 830 2437 Virginis
857 2375 941 2420 cum
971 2357 1260 2437 frequentissimo
1286 2357 1464 2420 auditorio
1489 2358 1568 2436 ipse

330 2460 370 2525 Ρ.
387 2460 629 2544 Hieronymus
642 2466 878 2527 concionatus
891 2475 958 2527 est.

390 2568 484 2633 2102.
527 2570 678 2651 Accepit
691 2572 819 2635 deinde
833 2571 992 2651 quotidie
1006 2572 1042 2633 in
1053 2571 1276 2634 xenodochio
1288 2569 1419 2633 Missae
1431 2569 1565 2633 sacrifi·

328 2677 423 2742 cium
438 2676 577 2758 offerre,
593 2689 629 2742 et
643 2680 679 2742 in
703 2679 780 2759 ejus
804 2681 937 2758 templo
953 2679 1053 2741 verbi
1076 2676 1146 2741 Dei
1169 2679 1366 2741 ministerio
1385 2687 1421 2740 et
1435 2695 1564 2758 paupe·

330 2801 409 2850 rum
424 2786 649 2850 subventioni
661 2803 796 2850 vacare
810 2804 819 2864 ;
841 2796 877 2848 et
888 2785 952 2848 vix
962 2785 1035 2848 dici
1045 2796 1167 2865 posset
1181 2797 1355 2865 quantum
1367 2785 1405 2848 in
1419 2803 1463 2847 ea
1478 2785 1565 2846 urbe

329 2893 557 2956 auctoritatis
575 2894 839 2968 conciliaverit,
862 2901 898 2956 et
919 2909 1027 2973 qnam
1045 2893 1190 2956 uberem
1210 2893 1410 2956 animorum
1424 2892 1562 2970 frugem

329 2997 430 3062 brevi
455 3011 615 3080 tempore
640 3001 835 3080 collegerit.
862 2997 934 3062 Sed
958 3010 1118 3080 tempore
1137 2998 1443 3078 Quadragesimae
1461 2996 1567 3076 hujus

329 3107 415 3170 anni
433 3105 521 3182 1556,
539 3107 749 3186 Isiodorum,
760 3106 928 3188 adjuncto
939 3107 1113 3187 magistro
1123 3106 1231 3170 Petro
1245 3106 1410 3184 Chanali,
1426 3107 1565 3170 concio-

328 3223 497 3276 naturum
511 3229 550 3276 se
565 3215 731 3292 contulit,
746 3231 827 3278 cum
842 3215 1000 3278 maximo
1018 3215 1151 3278 civium
1176 3215 1301 3278 favore
1316 3225 1353 3276 et
1366 3214 1567 3277 animorum

330 3317 466 3394 fructu,
482 3321 709 3384 ecclesiastes
728 3339 876 3385 munere
889 3322 1112 3402 perfunctus,
1137 3340 1205 3385 nec
1224 3323 1341 3385 solum
1366 3322 1478 3385 verbo
1502 3321 1565 3384 sed

327 3427 492 3508 exempla
507 3427 552 3491 ob
567 3428 787 3506 singularem
801 3429 1027 3507 modestiam,
1037 3447 1144 3510 quam
1155 3429 1233 3508 ipso
1247 3432 1348 3492 vultu
1360 3446 1447 3508 prae
1464 3445 1504 3492 se
1514 3427 1562 3490 ie·

328 3531 440 3612 rebat,
458 3534 622 3598 omnibus
636 3535 798 3598 amabilis
813 3544 848 3599 et
864 3537 909 3601 ab
923 3537 1090 3600 omnibus
1111 3538 1241 3600 mirum
1255 3537 1293 3600 in
1312 3537 1455 3600 modum
1468 3552 1565 3599 com·

331 3639 519 3704 mendatus
533 3652 621 3706 erat.

388 3745 479 3812 2103.
522 3747 648 3814 socius
672 3762 792 3815 autem
815 3749 910 3830 ejus.
935 3754 1111 3832 susceptis
1138 3752 1254 3814 sacris
1281 3750 1464 3814 ordinibus
1491 3751 1561 3812 hac

326 3851 623 3934 Quadragesima,
640 3855 806 3922 secundis
820 3857 982 3922 Paschae
996 3859 1106 3935 seriis,
1127 3859 1241 3923 divini
1262 3855 1429 3921 sacrificii
1442 3855 1564 3936 primi·

327 3961 398 4024 tias
413 3959 490 4025 Deo
506 3963 643 4026 obtulit.
1532 3965 1544 3988 ⁰

387 4065 480 4132 2104.
523 4067 684 4135 Recessit
699 4080 817 4136 autem
831 4072 870 4136 Ρ.
887 4073 1130 4154 Hieronymus
1144 4072 1291 4136 Bassius
1308 4073 1354 4136 ab
1368 4071 1561 4135 isiodoren-

326 4173 419 4238 sium
434 4175 592 4252 civitate,
609 4195 681 4242 non
695 4178 861 4245 admissis
880 4180 1103 4257 muneribus,
1131 4197 1221 4260 quae
1241 4180 1291 4242 illi
1310 4179 1561 4255 offerebantur,

327 4291 374 4358 et,
392 4279 569 4362 fragranti
584 4285 775 4350 admodum
789 4285 979 4352 Societatis
990 4287 1085 4350 bono
1096 4285 1206 4350 odore
1218 4287 1253 4348 in
1266 4303 1309 4348 ea
1320 4286 1408 4349 urbe
1422 4285 1561 4360 relicto,

325 4385 589 4454 Claromontem
606 4391 726 4472 rediit,
743 4393 1006 4458 xenodochium
1025 4410 1090 4456 suo
1111 4409 1211 4456 more
1234 4393 1559 4456 administraturus.

368 4629 377 4665 ί
407 4630 527 4678 Litterae
538 4633 769 4688 eraririrnrstres,
780 4643 799 4679 t.
810 4647 846 4688 tv,
856 4646 916 4690 pez.
926 4635 955 4678 to
964 4636 998 4689 u,
1008 4643 1035 4678 et
1047 4638 1103 4679 loca
1113 4647 1180 4690 quae
1190 4637 1224 4679 ibi
1236 4636 1392 4680 indicantur.
