3642 5350
792 376 857 443 Aa.
878 377 950 444 1556
1429 380 1480 445 701

250 536 398 593 mortem
419 526 604 610 obiissent,
625 528 695 593 hac
715 528 919 609 occasione,
942 545 1063 593 mense
1078 526 1244 608 Augusto
1262 526 1480 610 1111131111,

249 634 412 717 quamvis
427 652 508 700 cum
522 637 627 716 gravi
641 652 748 700 sensu
764 635 885 717 populi
900 643 936 699 et
950 635 1174 699 dominorum
1193 634 1285 717 ejus,
1302 636 1416 701 nostri
1435 654 1481 701 ex

248 742 316 808 hoc
331 744 460 825 oppido
474 742 648 825 Hispalim
662 743 826 807 translati
845 751 943 823 sunt,
959 760 1039 807 cum
1058 751 1206 823 propter
1224 759 1397 823 magnum
1416 762 1479 809 aes

249 852 404 916 alienum
417 851 547 916 erectio
562 860 597 915 et
611 850 746 916 dotatio
761 851 902 931 collegii
919 850 1122 915 necessario
1137 848 1297 915 Ducibus
1317 850 1476 916 differen-

249 959 296 1023 da
313 958 505 1022 videretur.
526 958 570 1022 Et
587 960 638 1023 ita
651 950 771 1023 'nostri
791 957 886 1038 apud
905 956 971 1021 S.¹¹²
992 957 1128 1022 Lucam
1148 958 1304 1022 residere
1329 975 1478 1039 prorsus

250 1066 441 1131 desierunt.

418 1386 483 1451 DE
503 1387 543 1452 P.
567 1385 960 1453 BARTHOLOMAEO
981 1385 1302 1451 BUSTAMANTE

653 1619 878 1667 PROVINCIAM
899 1619 1076 1667 nameus

306 1816 397 1883 3038.
440 1818 608 1883 Testatur
622 1816 660 1883 P.
677 1817 893 1883 Franciscus
911 1817 1045 1897 Borgia
1060 1814 1215 1899 [Patrem
1228 1817 1473 1901 Bustamente]

246 1944 354 1992 unum
369 1943 448 1991 esse
462 1943 507 1990 ex
521 1927 588 2007 bis,
602 1926 662 2008 qui
673 1924 798 1990 melius
812 1941 916 1989 suum
932 1923 1085 1989 officium
1098 1923 1190 1989 inter
1201 1934 1345 1989 nostros
1356 1926 1474 2008 hispa-

244 2034 386 2099 nienses
411 2032 562 2114 faceret,
583 2042 617 2097 et
635 2050 768 2097 novum
789 2031 978 2114 quemdam
991 2031 1154 2113 spiritum
1174 2041 1336 2113 nostros,
1357 2034 1473 2115 quiin

244 2140 389 2207 Baetica
404 2140 652 2221 versabantur,
665 2147 746 2221 post
756 2137 834 2220 ejus
845 2139 1038 2203 adventum
1049 2140 1269 2221 concepisse;
1280 2148 1316 2205 et
1330 2141 1413 2223 quia
1428 2142 1473 2206 de

244 2266 348 2329 cura,
364 2264 471 2330 quarn
490 2246 680 2312 adhibebat
699 2247 735 2311 in
754 2246 973 2326 Regularum
991 2254 1026 2311 et
1040 2244 1341 2312 constitutionum
1354 2248 1472 2313 obser·

242 2356 387 2421 vatione
402 2354 535 2420 dictum
549 2364 618 2432 est;
636 2362 671 2419 et
685 2355 729 2419 de
744 2353 820 2435 eJus
835 2353 1065 2418 concionibus
1075 2362 1111 2417 et
1123 2354 1203 2418 aliis
1218 2354 1286 2435 piis
1300 2356 1469 2435 operibus
1581 2443 1585 2451 .

240 2480 322 2528 cum
341 2464 385 2528 de
405 2462 625 2528 Cordubensi
650 2471 685 2526 et
709 2460 926 2526 Granatensi
949 2459 1109 2541 Collegio
1130 2470 1316 2542 ageretur,
1331 2470 1470 2528 tantum

240 2569 416 2653 quaedam
436 2570 493 2635 hic
512 2586 722 2651 persequar,
744 2569 788 2633 de
807 2567 947 2650 quibus,
965 2585 1046 2633 cum
1061 2576 1229 2649 ageretur
1243 2568 1288 2633 de
1310 2570 1472 2651 collegiis

240 2679 400 2758 singulis
417 2686 479 2743 aut
493 2679 581 2742 nihil
597 2686 657 2742 aut
673 2693 800 2758 parum
814 2676 950 2741 dictum
964 2686 1031 2740 est.

297 2784 389 2850 3039.
432 2785 521 2852 Cum
536 2784 772 2850 Provincialis
787 2782 942 2849 officium
953 2800 995 2848 eo
1006 2792 1167 2865 tempore
1182 2783 1395 2865 conlectum,
1411 2787 1470 2849 vel

239 2903 335 2958 certe
350 2894 386 2957 in
401 2892 611 2974 Hispaniam
626 2892 772 2956 missum
787 2899 975 2970 nonesset‚
988 2900 1154 2956 ettamen
1168 2891 1203 2956 in
1218 2890 1332 2956 officio
1343 2891 1468 2956 Recto·

238 3001 303 3078 ris,
317 2999 390 3081 iam
405 3002 530 3078 misso,
546 2999 590 3063 de
605 3000 663 3063 illo
678 2998 784 3062 fiebat
799 2999 947 3077 mentio,
964 2998 1050 3063 illud
1065 3015 1087 3061 a
1102 2997 1141 3063 P.
1158 2999 1298 3080 Ignatio
1313 3001 1465 3082 postula·

238 3108 305 3188 vit;
321 3108 462 3172 interim
480 3106 842 3188 superintendentiam
862 3105 1094 3187 collegiorum
1115 3123 1158 3170 ac
1178 3107 1365 3172 domorum
1380 3125 1467 3172 suae

235 3213 446 3279 Provinciae
460 3222 494 3278 et
509 3231 633 3294 curam
646 3221 685 3278 ut
700 3212 980 3279 constitutiones
999 3223 1035 3276 et
1058 3212 1214 3292 Regulae
1230 3213 1463 3279 observaren-

235 3331 307 3400 tur,
329 3332 363 3387 et
381 3321 557 3404 quaedam
576 3339 668 3403 quae
687 3337 733 3384 ex
751 3318 1072 3385 constitutionibus
1095 3321 1194 3384 circa
1218 3319 1464 3386 Provinciales

234 3429 353 3508 colligi
367 3438 544 3511 poterant,
562 3426 666 3491 officii
681 3429 760 3491 loco
775 3427 943 3507 suscepit.

294 3533 385 3599 3040.
428 3534 626 3599 Postulavit
645 3534 753 3598 etiam
767 3533 812 3597 ab
832 3534 957 3598 eodem
971 3533 1077 3598 Patre
1097 3533 1253 3615 ignatio,
1270 3544 1308 3598 ut
1323 3537 1462 3619 aliquas

235 3641 473 3724 indulgentias
488 3659 509 3706 a
524 3641 669 3706 Summo
689 3640 858 3705 Pontifice
877 3640 1051 3706 obtineret
1073 3641 1214 3706 cuidam
1229 3641 1462 3707 confraterni-

234 3750 299 3814 tati
313 3750 564 3830 instituendae,
581 3758 618 3813 ut
634 3748 924 3828 detractionibus
942 3765 1033 3831 quae
1054 3749 1266 3813 charitatem
1281 3766 1369 3830 erga
1383 3768 1463 3833 pro·

234 3857 368 3920 ximum
383 3857 487 3921 valde
501 3857 642 3921 laedere
657 3857 783 3935 solent,
800 3855 945 3920 obviam
960 3855 1038 3936 iret,
1062 3856 1360 3936 quemadmodum
1376 3875 1462 3922 con·

230 3962 456 4045 fraternitati,
473 3963 517 4028 ad
533 3965 682 4029 abusum
694 3961 835 4044 jurandi
851 3963 1046 4042 institutae,
1063 3979 1256 4028 concessae
1278 3964 1421 4028 fuerunt
1438 3964 1460 4030 ¹.

290 4070 381 4136 3041.
424 4071 543 4136 Monet
553 4070 801 4137 admirandum
810 4087 888 4134 esse
899 4069 937 4135 in
947 4070 1160 4136 brevissimo
1168 4080 1326 4153 tempore
1335 4089 1460 4136 eorum

229 4178 436 4260 proiectum,
453 4181 513 4261 qui
527 4181 564 4243 in
578 4178 743 4243 domibus
757 4179 1007 4259 probationum
1021 4179 1269 4260 versabantur,
1292 4179 1386 4261 quod
1401 4180 1460 4244 ob·

227 4287 422 4352 servationi
430 4297 579 4352 exactae
586 4286 804 4368 Regularum
815 4295 853 4351 et
859 4286 1161 4352 constitutionum
1172 4297 1358 4368 acceptum
1370 4287 1459 4354 sere·

270 4565 279 4600 Ι
306 4565 345 4611 De
355 4565 501 4624 huiusmodi
511 4567 696 4613 rodnlltutlbus
705 4573 803 4612 mentio
813 4577 893 4623 stpra
909 4566 980 4612 lecta
994 4572 1042 4612 est.
1053 4565 1129 4623 Vlde,
1141 4567 1210 4612 luter
1224 4567 1278 4613 alla
1287 4568 1354 4624 loca,
1370 4567 1461 4614 119996

230 4647 261 4684 sc
272 4639 409 4696 praecipue
419 4639 509 4684 12947
519 4645 546 4684 et
555 4639 618 4684 2916.
