3642 5350
775 396 854 457 'Ara
876 392 947 457 1556
1428 390 1483 457 aa

255 540 396 625 quidem
411 540 578 624 Bibonae,
591 541 734 608 domum
745 559 857 625 prope
872 542 1070 623 Collegium
1081 550 1241 607 nostrum
1251 542 1485 623 conficienda,

255 652 414 717 obicum
434 652 558 732 paucis
576 651 716 715 versari
736 661 857 732 posset
878 651 974 732 apud
995 649 1104 714 liliam
1125 659 1159 715 et
1175 666 1347 731 generum
1369 667 1486 731 suum,

257 759 542 825 Marchionatum
565 758 636 823 filio
660 758 896 823 renuntiando
922 766 957 823 et
980 766 1118 839 partem
1133 758 1289 839 aliquam
1307 757 1487 822 redituum

258 868 325 933 sibi
345 866 580 946 reservando,
604 866 732 947 partim
754 864 800 929 ad
823 865 1117 929 sustentationem
1137 882 1223 929 suae
1245 865 1386 946 domus,
1407 883 1489 947 par·

258 977 320 1039 tim
343 974 388 1039 ad
410 973 593 1055 augendos
611 972 747 1038 reditus
766 972 915 1053 Collegii
933 975 1057 1052 nostri,
1081 982 1119 1037 ut
1139 973 1261 1054 plures
1284 973 1490 1054 collegiales

258 1083 352 1147 alere
367 1090 498 1164 posset,
512 1098 662 1163 quorum
677 1080 862 1162 colloquiis
877 1091 912 1144 et
927 1078 1044 1162 aliqua
1060 1080 1210 1145 lectione
1225 1079 1294 1144 frui
1308 1089 1439 1162 posset.

321 1188 409 1253 1316.
451 1188 689 1269 Interrogavit
704 1197 822 1253 autem
836 1187 874 1251 P.
891 1187 1152 1252 Provincialem
1165 1188 1249 1269 quid
1269 1186 1338 1270 ipsi
1356 1186 1401 1252 de
1421 1187 1491 1251 hac

258 1296 509 1363 deliberatione
524 1296 714 1361 videretur.
733 1296 792 1359 ille
811 1312 886 1360 rem
910 1312 989 1359 esse
1005 1296 1166 1375 arduam,
1183 1305 1218 1359 et
1233 1295 1492 1378 praemeditan·

259 1405 353 1485 dam,
370 1422 413 1469 ac
427 1402 582 1467 Domino
598 1402 916 1468 commendandam
927 1404 1120 1484 respondit:
1138 1403 1303 1483 quamvis
1312 1403 1406 1467 enim
1418 1420 1491 1467 non

260 1512 437 1577 dubitaret
451 1510 591 1592 ipsimet
607 1510 650 1589 (si
663 1520 801 1575 tantum
814 1511 928 1592 ipsius
942 1510 1034 1575 ratio
1049 1509 1213 1575 habenda
1227 1510 1337 1590 esset)
1351 1510 1387 1574 id
1411 1527 1493 1575 con·

260 1621 394 1701 venire,
411 1620 442 1683 si
455 1619 619 1683 habenda
633 1628 727 1683 esset
740 1618 833 1683 ratio
848 1619 1046 1683 communis
1059 1618 1143 1683 boni
1157 1617 1233 1698 ejus
1247 1618 1368 1699 regni,
1384 1616 1492 1699 majo·

262 1745 335 1793 rem
351 1726 591 1792 difficultatem
606 1726 642 1790 in
663 1744 706 1790 ea
727 1726 979 1791 deliberatione
1000 1726 1164 1791 inveniri.
1185 1725 1231 1790 Et
1252 1726 1416 1821 hortatus
1438 1736 1493 1791 est

262 1835 467 1914 Pro-regem
491 1842 530 1897 ut
553 1850 630 1897 rem
649 1832 803 1898 Domino
829 1834 1110 1913 commendaret,
1133 1842 1171 1897 ut
1195 1834 1240 1897 ab
1262 1832 1341 1914 ipso
1363 1833 1493 1913 dirige·

262 1952 359 2007 retur
376 1940 397 2006 ¹.

269 2106 275 2119 ,
329 2048 415 2113 1317.
460 2049 652 2114 Fatebatur
668 2056 786 2113 autem
801 2047 950 2113 Pro-rex
964 2066 1002 2112 se
1017 2048 1063 2114 ad
1075 2048 1264 2113 arctiorem
1280 2047 1426 2113 vivendi
1440 2066 1494 2113 ra·

270 2159 415 2238 tionem,
432 2174 540 2239 quam
553 2174 643 2239 quae
658 2156 752 2221 dicta
768 2165 832 2237 est,
847 2156 1014 2221 idoneum
1028 2156 1096 2221 sibi
1111 2173 1182 2221 non
1195 2157 1321 2233 videri,
1339 2165 1373 2220 et
1388 2157 1496 2221 nemi·

265 2284 346 2331 nem
371 2264 500 2329 debere
525 2282 615 2329 onus
640 2264 830 2345 suscipere,
852 2263 945 2346 quod
966 2281 1074 2346 supra
1093 2281 1178 2330 suas
1196 2266 1293 2329 vires
1313 2281 1391 2329 esse
1407 2262 1497 2345 judi·

267 2382 377 2439 caret.
1327 2424 1332 2435 .

331 2479 423 2545 1318.
463 2478 616 2561 Optabat
631 2489 749 2543 autem
765 2478 840 2560 eius
854 2478 938 2556 filia,
954 2479 1119 2560 Ducissa,
1136 2488 1185 2561 ut,
1202 2481 1344 2561 quando
1360 2480 1399 2545 P.
1415 2481 1496 2545 Hie·

266 2606 436 2671 ronymus
450 2588 579 2652 absens
598 2586 737 2653 futurus
757 2595 850 2667 erat,
872 2586 911 2650 P.
931 2588 1087 2671 Jacobus
1108 2588 1252 2669 Laynez
1267 2586 1312 2652 ad
1333 2588 1497 2671 spiritua·

267 2700 336 2764 lem
365 2697 644 2762 consolationem
673 2695 852 2776 Pro-regis
881 2706 916 2759 et
946 2713 1064 2776 suam,
1092 2696 1129 2760 in
1157 2694 1314 2761 Siciliam
1346 2697 1496 2762 veniret.

267 2806 389 2870 Mense
404 2805 510 2888 Junio
525 2804 614 2868 haec
628 2805 837 2885 agebantur.

328 2913 416 2977 1319.
460 2911 701 2976 Grassabatur
721 2911 925 2992 Messanae,
948 2929 1030 2976 cum
1051 2913 1200 2992 penuria
1216 2912 1350 2993 victuS,
1367 2927 1499 2992 magna

268 3021 474 3086 morborum
487 3020 554 3096 vis,
572 3027 606 3082 et
621 3018 670 3081 ita
684 3018 842 3098 Pro-regi
857 3020 975 3082 visum
990 3027 1045 3082 est
1059 3019 1249 3100 hospitalia
1262 3028 1365 3084 extra
1375 3020 1501 3084 urbem

269 3145 348 3194 esse
362 3125 620 3206 transferenda,
636 3144 680 3190 ne
695 3126 876 3190 civitatem
890 3125 1090 3208 inficerent3
1113 3136 1147 3191 et
1167 3137 1369 3192 nostrorum
1390 3145 1500 3210 opera

271 3236 339 3300 illis
353 3234 418 3300 suit
433 3233 678 3315 impendenda.

335 3341 424 3407 1320.
467 3341 568 3405 Missi
591 3352 672 3406 sunt
696 3340 803 3405 etiam
822 3352 896 3406 tres
916 3358 960 3406 ex
980 3342 1113 3406 nostris
1134 3360 1197 3423 per
1216 3352 1289 3407 tres
1310 3343 1501 3424 Episcopa-

272 3458 340 3530 tuS,
356 3449 503 3529 seilicet,
519 3449 785 3512 Messanensem
801 3449 857 3526 (de
871 3466 941 3529 quo
955 3450 1119 3528 superius
1139 3433 1278 3530 egimus
1292 3449 1331 3530 ²),
1351 3449 1503 3532 Syracu-

274 3574 412 3637 sanum,
433 3566 467 3619 et
490 3555 738 3634 catanensem,
760 3566 798 3619 ut
818 3555 1034 3620 christianae
1055 3555 1239 3621 doctrinae
1261 3559 1449 3622 lectionem
1469 3567 1504 3621 et

273 3679 466 3746 puerorum
493 3663 528 3726 in
553 3663 676 3727 eadem
698 3663 955 3727 institutionem
978 3663 1256 3747 introducerent;
1279 3675 1314 3730 et
1336 3683 1407 3729 non
1429 3665 1505 3730 sine

275 3771 452 3853 spirituali
466 3770 618 3834 utilitate
637 3787 760 3834 eorum
781 3771 923 3834 labores
942 3780 976 3834 et
996 3771 1172 3836 industria
1191 3772 1227 3836 in
1249 3772 1384 3838 eisdem
1399 3775 1504 3837 collo·

277 3888 359 3943 cata
373 3879 451 3942 fuit.

337 3985 425 4052 1321.
469 3985 617 4052 Curavit
628 3983 755 4050 deinde
769 3983 813 4048 'a
828 3983 998 4067 Pro-rege
1009 3987 1146 4050 litteras
1162 3986 1207 4050 ad
1223 3987 1416 4052 Dominum
1432 3987 1506 4053 An·

316 4229 325 4263 ¹
353 4229 450 4274 Romae
461 4229 541 4274 etlam
551 4229 616 4274 haec
629 4228 736 4282 joannis
750 4229 782 4274 de
796 4228 873 4284 Vegc
882 4229 1038 4281 deliberatio
1051 4229 1162 4274 Domino
1176 4229 1356 4274 commendata
1370 4227 1510 4274 esa—“So-

275 4313 325 4358 pra
334 4302 413 4357 quelll
423 4301 523 4356 dlaegnl
533 4301 558 4346 di
570 4301 653 4348 N.'dcl
663 4303 776 4347 rltlrcrsl
788 4302 813 4346 ln
823 4312 874 4346 unc
887 4302 914 4346 di
929 4304 1014 4357 quelle
1030 4309 1070 4348 tre
1085 4303 1177 4354 bande,
1193 4313 1208 4346 ο
1223 4313 1273 4346 noo
1282 4303 1406 4355 rltlrarsl,
1416 4312 1459 4346 mc
1467 4313 1510 4346 re·

277 4381 350 4419 ctare
359 4375 400 4418 nel
416 4380 487 4418 stato
500 4384 556 4428 cuo,
571 4374 593 4418 ci
608 4373 666 4418 lara
676 4374 803 4428 oratione3
819 4385 870 4418 ese
887 4375 999 4429 qualche
1013 4385 1074 4418 coca
1084 4375 1231 4428 occorrerb,
1241 4375 1262 4418 ι1
1277 4376 1356 4430 potrlr
1366 4374 1447 4419 etiam
1461 4375 1511 4420 dar

277 4447 294 4490 l'
304 4445 377 4490 caluo
386 4456 403 4490 a
413 4444 446 4489 V.
457 4444 497 4500 Ra
508 4453 628 4500 equanto
639 4446 693 4490 alla
707 4457 818 4500 persona
833 4446 855 4489 sl
868 4447 1002 4500 guardam
1012 4446 1031 4490 11
1044 4452 1147 4490 secreto
1161 4445 1354 4500 conveniente..
1370 4445 1511 4502 Polancuc,

280 4529 313 4563 ex
322 4529 400 4572 com„
407 4516 481 4562 Patri
492 4515 651 4574 chronymo
661 4516 818 4572 Domeneclr,
828 4516 880 4561 23!
888 4516 967 4570 Junll.

320 4591 332 4624 ¹
359 4589 423 4645 em.
434 4589 516 4642 mn.
528 4587 589 4633 1016.

320 4661 333 4698 ⁸
360 4660 389 4709 Ρ.
399 4660 582 4706 Provinciam.
