3642 5350
327 388 388 453 'aot
787 387 915 452 canon.
934 386 1013 451 Soc.
1033 384 1105 463 Jas.

333 538 384 603 tia
403 533 548 603 veniret
563 543 592 618 ¹3
614 545 649 601 et
670 553 751 601 cum
772 536 1010 618 repugnantia
1029 534 1065 600 id
1083 532 1342 616 recitaveris,
1365 542 1404 597 ut
1425 530 1559 609 scribit,

333 644 499 726 quamvis
517 645 643 725 augeri
656 645 733 726 ipse
745 644 938 720 sentiebat,
954 653 993 708 ut
1011 639 1218 724 testabatur,
1235 643 1354 708 odium
1367 658 1455 723 erga
1477 657 1561 706 suos

334 750 450 833 (juxta
464 752 654 833 Evangelii
667 768 809 816 sensum
824 751 944 816 odium
959 750 1203 832 intelligendo)
1219 759 1254 816 et
1268 751 1320 815 sic
1335 767 1374 814 se
1391 765 1472 815 cum
1491 748 1560 814 illis

333 858 499 941 gerebat,
519 868 558 923 ut
576 858 752 939 indignati
771 867 939 939 parentes
953 857 1028 939 eJus
1048 858 1142 940 apud
1160 856 1349 923 Rectorem
1369 872 1559 937 conquere-

333 976 472 1047 rentur;
488 973 524 1030 et
538 963 732 1046 injunctum
744 965 794 1030 illi
808 963 884 1044 luit,
899 975 939 1030 ut
949 966 1167 1055 mansuetius
1177 982 1216 1029 se
1228 982 1309 1029 cum
1321 964 1395 1029 suis
1406 971 1558 1045 gereret.

393 1073 467 1139 977.
508 1073 599 1139 Cum
613 1080 731 1137 autern
745 1074 870 1137 melius
883 1072 1079 1151 habuisset,
1097 1088 1253 1137 mensem
1268 1088 1377 1136 unum
1391 1071 1487 1135 dorni
1500 1088 1558 1152 pa·

333 1190 458 1247 ternae
473 1188 731 1259 commoratus,
748 1180 794 1244 ad
809 1178 1006 1261 Collegium
1020 1180 1139 1258 rediit,
1151 1187 1186 1243 et
1200 1187 1382 1260 tamquam
1394 1197 1439 1243 ex
1454 1195 1560 1243 eruce

334 1288 404 1352 sibi
417 1286 634 1353 descendere
647 1285 848 1351 videbatur.
864 1285 934 1351 Sed
949 1303 1029 1351 cum
1044 1286 1080 1350 in
1095 1285 1254 1366 Collegio
1269 1287 1361 1351 male
1380 1285 1512 1350 habere
1526 1292 1560 1349 et

337 1396 385 1461 ad
398 1396 534 1461 febrem
555 1394 710 1459 ethicam
730 1393 874 1458 tendere
889 1394 1081 1475 videretur,
1102 1393 1360 1459 melancholico
1379 1393 1487 1457 etiarn
1499 1392 1561 1457 hu·

335 1520 451 1583 more,
468 1501 562 1583 quod
576 1518 615 1565 se
635 1501 794 1565 inutilem
806 1500 998 1582 judicaret,
1022 1502 1199 1567 interdurn
1216 1502 1432 1583 affigeretur,
1448 1501 1485 1565 in
1498 1501 1560 1565 vil·

333 1613 406 1675 lam
423 1609 614 1692 quamdam
628 1608 743 1689 patris
763 1608 904 1688 missua,
926 1625 996 1673 uno
1015 1618 1077 1673 aut
1098 1609 1211 1673 altero
1232 1626 1353 1674 mense
1374 1607 1426 1673 sic
1447 1606 1559 1689 profe·

334 1720 401 1797 cit,
415 1726 454 1781 ut
470 1716 613 1781 omnino
629 1716 848 1780 voluntatem
862 1713 1032 1797 sequendi
1047 1716 1244 1780 institutum
1259 1715 1445 1796 abjecerit,
1462 1722 1497 1779 et
1510 1714 1560 1778 ita

335 1823 374 1889 P.
390 1823 530 1904 Ignatio
544 1823 697 1905 scripsit,
714 1823 807 1905 quod
823 1840 862 1887 se
877 1805 1069 1888 inhabilem
1083 1832 1189 1905 atque
1200 1823 1358 1887 inutilem
1370 1838 1559 1903 cognosce·

334 1940 404 2010 ret,
421 1948 503 1995 cum
518 1930 667 1995 consilio
681 1930 901 1995 medicorum
915 1931 1076 2012 corporis
1091 1940 1126 1995 et
1147 1930 1255 1995 animi
1270 1948 1308 1995 se
1328 1939 1430 1996 extra
1444 1928 1560 1995 Socie-

334 2047 445 2103 tatem
463 2054 671 2102 mansurum
685 2056 693 2101 :
709 2036 740 2103 si
759 2037 999 2103 omnimodam
1013 2038 1203 2103 sanitatem
1222 2050 1435 2103 consecutus
1454 2045 1559 2117 esset,

335 2144 429 2227 quod
443 2144 667 2227 promiserat,
682 2146 970 2211 observaturum.

394 2250 466 2316 978.
509 2250 579 2317 Sed
592 2251 725 2318 Rector
739 2254 881 2334 scripsit
894 2252 995 2334 pejus
1009 2270 1047 2318 se
1062 2271 1142 2319 eum
1158 2254 1288 2320 habere
1307 2272 1414 2336 quam
1433 2254 1561 2319 scribe·

265 2348 269 2355 ’
336 2368 408 2440 ret,
424 2360 526 2424 etsie
540 2359 733 2425 abhorrere
748 2377 769 2424 a
784 2359 954 2441 Collegio,
971 2369 1008 2425 ut
1029 2380 1074 2425 ne
1088 2360 1211 2425 videre
1225 2361 1366 2444 quidem
1381 2361 1484 2440 illud,
1500 2369 1561 2425 aut

336 2468 558 2535 nominatum
574 2466 698 2532 audire
721 2468 842 2546 vellet;
866 2477 902 2532 et
921 2468 967 2531 ad
986 2477 1107 2548 patres
1128 2468 1320 2533 Theatinos
1343 2486 1381 2533 se
1401 2468 1560 2547 contulit,

334 2585 459 2659 petens
484 2575 520 2639 in
545 2574 704 2657 ipsorum
728 2574 866 2640 admitti
887 2575 1112 2655 religionem,
1141 2593 1246 2657 quem
1274 2585 1394 2641 tamen
1416 2574 1466 2639 illi
1490 2592 1561 2640 non

334 2685 564 2750 admiserunt.
579 2684 626 2748 Et
639 2684 759 2748 omnia
773 2683 861 2748 haec
877 2701 922 2748 ex
937 2683 1085 2748 humore
1100 2684 1356 2749 melancholico
1372 2685 1562 2766 provenire

334 2791 465 2858 Rector
479 2791 717 2856 existimabat.

393 2899 467 2964 979.
509 2897 791 2965 perturbationis
815 2916 925 2964 causa
946 2900 1053 2964 etiam
1075 2900 1141 2965 luit
1161 2901 1302 2981 amicis,
1324 2900 1418 2982 quod
1443 2900 1504 2981 qui
1525 2901 1561 2965 in

335 3006 548 3071 Societatem
572 3006 857 3086 admitterentur,
880 3015 1025 3088 propter
1045 3007 1304 3088 aegritudinem
1329 3008 1375 3073 ad
1395 3024 1479 3072 suos
1503 3025 1559 3072 cu·

335 3113 440 3180 randi
452 3114 717 3178 remitterentur
731 3111 754 3178 ¹.

395 3219 467 3286 980.
510 3219 549 3284 P.
576 3220 735 3301 ignatius
760 3219 848 3285 haec
873 3222 1075 3304 intelligens
1098 3223 1205 3287 scribi
1226 3222 1338 3287 voluit
1364 3221 1563 3287 Octaviano

335 3329 490 3408 litteras,
506 3327 634 3410 quibus
648 3337 811 3392 amanter
825 3329 869 3393 de
886 3329 1026 3394 animae
1040 3348 1126 3394 suae
1139 3331 1254 3394 salute
1267 3330 1524 3395 admonebatur
1539 3328 1561 3390 ³.

335 3436 544 3503 Accersltus
562 3443 616 3499 est
630 3434 678 3498 ad
691 3434 887 3516 Collegium
901 3446 942 3501 ut
955 3453 1017 3500 eas
1033 3438 1222 3518 acciperet,
1239 3438 1301 3501 sed
1316 3437 1350 3501 id
1370 3437 1560 3512 recusavit3

334 3554 371 3611 et
386 3561 457 3608 nou
468 3543 584 3607 solum
598 3559 619 3605 a
631 3541 778 3607 medicis
792 3543 855 3607 sed
869 3561 892 3607 a
905 3543 1015 3608 fratre
1026 3543 1218 3608 Francisco
1231 3545 1274 3609 de
1289 3544 1406 3624 Mede,
1421 3543 1563 3608 Ordinis

335 3651 397 3718 S.⁸¹
413 3649 615 3730 Francisci,
636 3649 703 3714 hoc
724 3649 790 3713 sibi
812 3650 950 3714 consilii
964 3650 1085 3716 datum
1103 3652 1287 3716 asserebat
1310 3653 1403 3731 (erat
1424 3649 1562 3717 enimis

335 3865 547 3880 ”an-*-

376 4011 387 4045 ⁸
416 4009 490 4056 Haec
499 4007 620 4056 Rectorls
630 4009 761 4054 sententia
771 4008 867 4055 Romae
879 4012 989 4065 probata
999 4011 1055 4056 luit.
1066 4011 1180 4066 “Napoli
1192 4011 1226 4056 ad
1236 4009 1379 4058 ottoviano
1389 4010 1479 4058 cesari
1489 4023 1516 4057 se
1527 4012 1563 4068 gil

336 4082 433 4137 scrire,
443 4081 616 4138 riapondeudo
625 4082 680 4126 alla
689 4092 737 4126 aua
747 4081 773 4125 di
782 4081 809 4124 22
818 4082 844 4125 dl
854 4080 975 4137 Febralo,
990 4083 1169 4128 essortaudolo
1179 4095 1195 4128 a
1204 4093 1330 4138 procurer
1340 4085 1367 4129 la
1376 4087 1463 4129 sanita
1476 4095 1565 4140 corpo·

337 4155 403 4203 rale.
413 4154 559 4208 mcenoogtt
573 4153 595 4197 sl
610 4153 729 4198 lasciara
740 4153 766 4196 ln
780 4165 827 4198 sua
838 4154 933 4198 liberta
943 4155 968 4198 dl
981 4161 1052 4199 stare
1064 4155 1089 4198 ln
1099 4166 1161 4199 casa
1178 4155 1239 4200 delli
1252 4157 1309 4200 suoi
1323 4167 1338 4202 o
1355 4158 1397 4201 nel
1406 4157 1524 4211 collegio,
1539 4163 1565 4203 et

336 4227 385 4271 che
395 4227 422 4272 lu
431 4226 492 4280 ogni
510 4226 588 4280 luogo
598 4224 620 4270 el
631 4225 782 4269 servirebbe
793 4225 819 4269 di
829 4225 864 4269 lul
874 4224 946 4270 Iddlo
956 4225 1051 4271 Nostro
1068 4225 1185 4281 Slgnore.
1201 4227 1236 4271 Al
1253 4229 1335 4281 primo
1351 4227 1377 4272 di
1390 4227 1477 4273 hiereo
1491 4228 1566 4281 ibbo„

338 4297 406 4352 leeg.
415 4297 469 4342 lin.
479 4297 505 4340 S.
516 4296 630 4351 Ignatii,
639 4298 692 4341 rol.
703 4307 740 4350 rr,
750 4296 786 4340 iol
803 4296 949 4341 9v.-Vlde
959 4297 1036 4350 inira,
1047 4305 1134 4342 annot.
1148 4298 1182 4343 ad
1194 4311 1216 4342 n.
1227 4299 1276 4343 979.

377 4367 390 4401 ¹
417 4367 480 4413 “Del
489 4369 599 4413 beverlo
609 4368 733 4413 mandato
743 4368 769 4412 ln
779 4378 842 4412 casa
852 4380 899 4413 sua
909 4381 956 4424 per
966 4369 1074 4414 rlhaver
1083 4371 1178 4424 sanita,
1187 4371 1295 4417 iacendo
1303 4378 1376 4417 tauta
1385 4373 1510 4419 instantia
1520 4385 1566 4418 suo

338 4440 420 4496 padre
430 4452 445 4483 e
452 4440 479 4484 dl
489 4451 541 4495 qua
550 4441 637 4485 alcuni
649 4440 748 4495 alnorl
758 4439 905 4496 principali,
916 4453 966 4486 nou
976 4442 997 4486 el
1008 4449 1105 4496 poteva
1115 4443 1225 4488 secondo
1235 4445 1261 4488 la
1271 4443 1378 4498 ragione
1393 4445 1434 4490 lar
1446 4446 1472 4490 dl
1485 4457 1566 4490 meno.

339 4511 502 4565 Questodloo
512 4510 639 4566 pererrent
649 4511 735 4556 scrire
745 4511 772 4555 dl
783 4513 810 4554 la
819 4511 867 4555 che
878 4514 1024 4567 qualchuuo
1035 4523 1164 4559 marmora
1173 4514 1214 4559 del
1224 4515 1334 4560 beverlo
1343 4517 1466 4562 mandato
1477 4527 1565 4562 scara

338 4593 387 4629 su
396 4583 505 4630 modo
515 4583 647 4638 interno,
654 4583 790 4635 Polaucus,
799 4594 832 4627 ex
842 4594 918 4639 com„
929 4586 1002 4631 Patri
1013 4585 1202 4641 christophoro
1213 4587 1244 4631 de
1253 4586 1384 4642 Mendozn,
1395 4589 1446 4636 ‘.’l.⁸
1455 4588 1531 4642 Junlt.

376 4653 389 4690 ⁸
416 4655 479 4700 lllae
488 4667 546 4700 ease
558 4656 688 4710 videntur,
699 4666 763 4711 quas
773 4656 884 4712 scripsit,
898 4669 931 4703 rx
942 4671 1017 4714 rom„
1028 4659 1156 4705 Poluncus
1166 4660 1201 4704 2.·
1210 4659 1286 4714 Junii.
