3642 5350
358 409 418 478 504
819 421 947 483 Canos.
968 421 1045 480 Soc.
1064 420 1133 494 Jus.
1188 430 1191 438 ·

358 564 649 645 concionabatur,
674 575 726 630 tot
751 567 914 632 homines
941 566 1079 630 nobiles
1101 574 1137 629 et
1156 574 1375 628 mercatores
1400 565 1585 628 convenic-

358 671 463 749 bant,
480 681 518 736 ut
533 675 697 753 quamvis
711 675 880 755 templum
893 682 987 737 esset
1000 673 1268 755 amplissimum,
1281 689 1353 736 non
1365 672 1483 752 plures
1493 671 1586 735 intra

357 778 442 843 illud
456 796 564 860 quam
579 781 616 845 in
629 780 748 862 platea
762 781 898 860 vicina,
927 779 1021 861 quod
1040 779 1179 859 ingredi
1198 796 1270 843 non
1289 788 1450 860 possent,
1467 795 1586 842 versa·

357 885 496 954 bantur.

416 993 507 1058 2177.
550 994 773 1060 Audiebatur
783 1006 901 1060 autem
910 1013 1043 1076 magno
1052 995 1233 1060 hominum
1244 992 1465 1058 desiderioet
1476 1002 1586 1057 atten-

356 1101 464 1179 tione,
482 1111 518 1166 et
541 1102 661 1182 gladio
679 1105 780 1168 verbi
799 1102 868 1168 Dei
888 1105 941 1168 sic
963 1104 1087 1167 intima
1111 1103 1345 1167 medullarum
1362 1102 1584 1183 penetrabat,

356 1216 394 1271 ut
410 1209 470 1272 alii
485 1210 530 1274 ad
545 1220 693 1291 peccata
709 1210 922 1289 deserenda,
940 1212 999 1274 alii
1014 1211 1060 1274 ad
1074 1210 1185 1273 vitam
1200 1209 1236 1273 in
1250 1209 1375 1273 melius
1390 1208 1585 1290 provehen-

355 1315 438 1379 dam
453 1316 761 1382 vehementissime
776 1326 1100 1397 commoverentur,
1116 1326 1152 1380 et
1163 1318 1270 1380 talem
1281 1333 1320 1380 se
1330 1332 1513 1397 nunquam
1527 1333 1586 1379 au·

355 1423 488 1487 divisse
504 1425 793 1490 concionatorem
809 1425 1041 1490 affirmabant.

413 1529 504 1594 2178.
546 1530 635 1596 Cum
649 1533 804 1613 quadam
819 1532 875 1596 die
890 1534 929 1596 in
943 1533 1061 1611 platea
1075 1532 1196 1610 templi
1209 1531 1356 1595 maximi
1375 1530 1583 1594 concionem

352 1647 447 1701 esset
461 1639 657 1718 habituruS,
675 1649 772 1714 tanta
789 1641 971 1704 hominum
986 1638 1171 1702 multitudo
1184 1639 1267 1703 illuc
1282 1638 1469 1717 confluxit,
1485 1646 1583 1702 utne

354 1744 421 1825 ipsi
435 1745 577 1826 quidem
592 1747 846 1810 concionaturo
866 1748 967 1809 locus
982 1745 1028 1809 ad
1047 1754 1259 1825 suggestum
1276 1745 1485 1826 penetrandi
1501 1762 1582 1808 con·

353 1851 550 1918 cederetur.

412 1959 503 2024 2179.
547 1959 669 2041 Aliqui
688 1960 777 2025 bora
800 1967 928 2042 quarta
947 1969 1027 2040 post
1046 1960 1200 2024 mediam
1217 1969 1359 2025 noctem
1377 1960 1582 2039 surgebant,

353 2075 391 2130 ut
405 2068 520 2130 locum
537 2067 604 2131 sibi
619 2078 847 2148 occuparent.
861 2067 905 2131 Et
917 2085 998 2132 cum
1008 2067 1110 2131 iestis
1121 2067 1331 2147 quibusdam
1346 2067 1480 2146 diebus,
1494 2084 1585 2148 quae

352 2174 398 2236 ab
422 2174 591 2238 universa
617 2175 762 2238 civitate
787 2193 859 2239 non
886 2175 1182 2253 observabantur,
1208 2174 1493 2254 concionaretur,
1516 2192 1587 2238 non
1702 2172 1705 2178 ’
1809 2134 1810 2161 ¹

353 2281 469 2344 minor
489 2281 670 2345 hominum
690 2283 888 2360 multitudo,
916 2299 1022 2362 quam
1048 2281 1234 2345 dominicis
1253 2291 1289 2346 et
1313 2281 1587 2345 solemnioribus

353 2387 453 2450 festis
468 2387 680 2453 confluebat.

411 2493 503 2558 2180.
547 2495 690 2560 Accidit
707 2498 761 2561 bis
782 2497 905 2560 diebus
925 2507 983 2578 nt,
1007 2514 1088 2559 cum
1108 2497 1233 2560 mulier
1255 2497 1448 2577 quaedam,
1475 2506 1586 2578 nupta

352 2602 495 2683 quidem
517 2603 579 2667 sed
599 2607 801 2685 peccatrix,
826 2603 1058 2667 concionibus
1083 2601 1269 2666 audiendis
1290 2603 1495 2684 interesset,
1512 2606 1585 2666 nul-

351 2712 425 2774 lum
440 2719 559 2774 tamen
574 2712 610 2775 in
626 2728 689 2775 suo
701 2712 808 2775 corde
824 2712 942 2775 locum
954 2712 1065 2774 verbo
1077 2709 1144 2773 Dei
1156 2710 1381 2790 relinqueret.
1396 2712 1485 2776 Cum
1496 2728 1585 2791 ergo

351 2818 411 2881 illa
426 2819 502 2881 sola
517 2818 691 2899 quasdam
707 2819 887 2882 orationes
908 2818 1093 2895 recitaret,
1111 2819 1219 2881 semel
1239 2829 1345 2898 atque
1360 2818 1489 2882 iterum
1508 2818 1585 2899 eius

351 2926 463 2988 oculis
478 2926 585 2989 homo
600 2925 743 3006 quidam
759 2926 873 2989 nudus
889 2936 923 2989 et
938 2925 1114 3004 sanguine
1128 2933 1223 2987 totus
1236 2924 1383 2988 madens
1394 2944 1433 2989 se
1444 2926 1582 3004 obtulit,

350 3032 496 3113 perInde
521 3042 627 3112 atque
652 3032 682 3095 si
708 3043 791 3097 tunc
818 3032 999 3096 crudelem
1024 3034 1060 3095 in
1086 3030 1229 3094 modum
1253 3030 1453 3111 flagellatus
1476 3046 1582 3096 esset:

350 3157 420 3220 qua
442 3140 580 3203 visione
604 3141 747 3219 iterata,
771 3140 822 3203 ita
844 3149 1058 3221 compuncta
1080 3148 1133 3202 est
1157 3138 1265 3201 corde
1286 3151 1321 3202 et
1342 3140 1428 3204 totis
1447 3141 1584 3204 viribus

350 3244 477 3325 fracta,
494 3256 531 3310 ut
547 3247 668 3311 statim
682 3247 718 3311 in
733 3247 897 3311 morbum
911 3247 1094 3310 incideret.

409 3351 500 3417 2181.
546 3351 727 3417 Sentiebat
743 3355 884 3418 interim
896 3354 1089 3418 Dominum
1103 3354 1149 3417 ad
1165 3354 1294 3418 ostium
1305 3356 1360 3417 sui
1375 3355 1494 3418 cordis
1508 3358 1582 3436 pul-

349 3469 488 3523 santem
504 3478 546 3525 ac
561 3462 750 3525 dicentem:
766 3461 876 3541 Aperi
889 3471 951 3525 tua
966 3471 1115 3542 peccata
1129 3459 1207 3525 Dri.
1224 3461 1400 3539 Ramirez;
1418 3463 1475 3526 cui
1490 3473 1582 3543 post-

348 3584 456 3649 quam
483 3568 647 3632 conlessa
667 3578 738 3647 est,
764 3569 915 3632 liberam
935 3570 1032 3632 illam
1059 3568 1204 3632 vivendi
1226 3547 1401 3632 rationem
1419 3586 1500 3632 cum
1521 3569 1581 3632 ho-

347 3684 450 3739 nesta
466 3685 501 3739 et
515 3676 646 3755 frugali
661 3678 906 3740 commutavit.

407 3782 499 3847 2182.
545 3783 631 3846 Erat
641 3784 831 3848 Valentiae
842 3783 987 3863 quidam
999 3782 1282 3863 haereticus,qui
1292 3782 1336 3846 de
1345 3780 1481 3846 Summi
1493 3781 1580 3846 Pon-

343 3889 454 3953 tificis
469 3898 657 3971 potestate,
679 3890 927 3971 indulgentiis,
951 3888 1093 3970 jejuniis
1111 3908 1154 3953 ac
1172 3890 1251 3953 aliis
1271 3887 1473 3969 hujusmodi
1489 3892 1581 3954 male

345 3998 532 4078 sentiebat;
550 3997 621 4079 qui,
643 4015 724 4061 cum
746 3998 935 4079 aliquoties
949 3997 1092 4062 Patrem
1111 3996 1276 4061 Ramirez
1295 3998 1578 4072 concionantem,

345 4116 381 4168 et
397 4106 439 4168 de
455 4105 523 4168 fide
538 4104 716 4169 catholica
732 4104 966 4168 disserentem
982 4104 1151 4183 audisset,
1169 4113 1214 4183 et,
1232 4106 1268 4167 in
1283 4104 1581 4184 disputationibus

345 4212 622 4293 particularibus
636 4212 819 4276 Ecclesiae
841 4210 1057 4275 credendum
1071 4228 1161 4291 esse,
1178 4212 1444 4290 admonentem;
1466 4210 1580 4275 fidelis

344 4330 380 4383 et
396 4319 594 4384 catholicus
610 4318 768 4399 effectuS,
785 4319 830 4383 ad
847 4317 979 4383 Christi
995 4318 1086 4381 ovile
1101 4318 1216 4383 rediit.

404 4424 495 4490 2183.
539 4426 641 4490 Alius
663 4425 818 4507 quidam,
846 4426 1005 4489 eruditus
1026 4426 1168 4506 quidem
1193 4426 1260 4505 vir,
1285 4426 1348 4489 sed
1369 4428 1429 4507 qui
1451 4428 1488 4490 in
1509 4426 1577 4491 fide

343 4532 553 4615 vacillabat,
570 4536 605 4598 in
621 4534 746 4598 eadem
765 4533 943 4597 stabilitus
959 4543 1027 4611 est;
1044 4534 1208 4614 quamvis
1228 4536 1328 4614 prius
1342 4535 1577 4598 hebraeorum

341 4642 533 4712 erroribus.
551 4643 789 4723 potiusquam
804 4642 948 4705 veritati
963 4641 1175 4719 catholicae,
1197 4643 1440 4706 assentiretur.
