3642 5350
778 367 843 426 Aa.
865 365 937 426 1556
1416 366 1471 428 529

239 513 331 576 male
346 511 516 591 habebat,
533 511 635 590 etita
652 511 954 576 confessariorum
976 520 1103 575 auctus
1126 519 1179 575 est
1198 528 1379 576 numerus.
1396 512 1471 577 Mu·

239 619 388 683 nuscula
402 618 509 683 etiam
524 616 698 699 quaedam
718 617 839 682 addita
859 618 1075 696 libellorum,
1099 628 1161 682 aut
1182 636 1300 683 rerum
1313 619 1470 685 devotio-

240 743 322 790 nem
340 725 585 804 excitantium,
609 741 799 805 puerorum
821 725 867 789 ad
890 725 1123 790 christianam
1147 724 1348 791 doctrinam
1373 728 1470 791 addi·

240 833 411 898 scendam
435 833 655 913 diligentiam
680 851 724 896 ac
747 832 928 897 fervorem
952 832 1168 896 excitabant.
1195 831 1236 897 In
1260 833 1337 898 dies
1363 835 1471 899 etiam

241 939 279 1003 P.
302 940 483 1036 Govierno
506 941 756 1004 auctoritatem
776 937 948 1019 majorem
973 948 1009 1002 et
1033 939 1220 1004 doctrinae
1240 941 1471 1006 existimatio·

241 1065 339 1128 nem,
356 1047 567 1129 praesertim
590 1047 685 1127 apud
699 1047 906 1127 ingeniosos
920 1057 957 1110 et
970 1046 1097 1110 doctos
1110 1046 1288 1126 homines,
1312 1049 1472 1129 acquire·

241 1155 314 1219 bat.
329 1156 373 1219 Et
393 1155 476 1237 quia
497 1155 603 1235 pauci
616 1173 663 1218 ex
678 1155 734 1218 his
749 1155 795 1218 ad
812 1164 975 1218 nostrum
989 1155 1159 1235 templum
1173 1155 1379 1235 veniebant,
1392 1157 1472 1220 aliis

241 1263 277 1326 in
298 1262 457 1327 ecclesiis
481 1261 557 1343 ipse
582 1279 645 1325 eos
669 1263 884 1342 quaerebat;
911 1272 947 1326 et
967 1262 1104 1324 solebat
1126 1261 1261 1342 aliquot
1282 1263 1473 1328 conciones

240 1371 277 1432 in
291 1387 362 1432 una
377 1369 563 1432 continuas
578 1367 720 1432 habere:
738 1368 864 1432 deinde
880 1369 927 1432 ad
942 1369 1049 1432 aliam
1063 1385 1103 1431 se
1125 1368 1373 1432 transferebat.
1393 1368 1473 1433 Hoc
1566 1375 1574 1388 '

242 1489 360 1540 autem
375 1475 450 1556 ejus
465 1486 542 1539 erat
558 1475 756 1554 consilium,
773 1485 821 1554 ut,
840 1493 922 1540 cum
944 1492 1006 1538 eos
1021 1475 1090 1539 sibi
1103 1475 1330 1539 conciliasset
1345 1477 1381 1540 in
1394 1477 1474 1541 aliis

241 1585 413 1664 ecclesiis,
431 1583 556 1648 deinde
571 1582 616 1646 ad
632 1593 805 1662 nostram,
822 1600 914 1664 quae
929 1584 1124 1647 'remotior
1139 1592 1227 1660 erat,
1240 1583 1420 1658 invitaret;
1438 1594 1472 1647 et

243 1694 292 1756 ita
313 1691 586 1770 observabatur,
610 1699 793 1771 tamquam
813 1692 950 1756 fructus
969 1691 1165 1772 spiritualis
1191 1691 1353 1770 signum,
1378 1690 1474 1770 quod

242 1799 404 1863 homines
418 1807 562 1862 nostrae
576 1795 745 1862 Societati
757 1798 1025 1876 addicebantur,
1039 1809 1073 1861 et
1086 1798 1215 1861 aemuli
1227 1806 1333 1878 atque
1348 1797 1474 1861 adver·

242 1905 328 1971 sarii
348 1906 510 1984 silebant,
537 1914 573 1968 et
596 1906 716 1985 plures
741 1915 1049 1968 sacramentorum
1073 1904 1194 1983 gratia
1214 1903 1260 1967 ad
1285 1904 1474 1968 ecclesiam

243 2013 474 2078 accedebant.
1082 2001 1086 2008 “

302 2121 393 2185 2292.
438 2117 589 2200 Saepius
604 2129 722 2182 autem
737 2119 772 2181 in
793 2119 944 2182 ecclesia
959 2118 1038 2182 Pini
1058 2119 1291 2182 concionatus
1310 2127 1374 2197 est,
1396 2135 1475 2200 par·

243 2231 306 2294 tim
321 2237 359 2292 ut
373 2228 512 2292 animos
527 2227 666 2290 illorum
686 2225 869 2289 hominum
890 2227 1063 2306 placaret,
1084 2225 1216 2305 partim
1237 2225 1333 2305 quod
1348 2226 1392 2288 ab
1411 2225 1475 2289 eis·

242 2337 333 2415 dem,
350 2335 458 2399 etiam
472 2352 495 2397 a
508 2332 764 2411 sacerdotibus,
779 2333 987 2412 rogabatur,
1000 2332 1061 2411 qui
1075 2342 1196 2396 tamen
1210 2332 1310 2412 prius
1321 2349 1366 2395 ne
1380 2332 1473 2395 vide·

242 2461 281 2507 re
296 2442 438 2525 quidem
452 2450 597 2504 nostros
611 2440 794 2503 volebant.

300 2548 392 2613 2293.
435 2548 479 2612 Et
504 2564 586 2612 cum
610 2547 819 2610 concionem
844 2545 884 2609 B.
917 2544 1052 2608 Mariae
1077 2543 1313 2624 Magdalenae
1338 2546 1374 2608 iu
1400 2543 1475 2624 ejus

240 2657 331 2723 sesto
346 2654 487 2721 cuidam
501 2654 716 2720 monasterio
732 2652 939 2718 monialium
955 2652 1188 2734 promisisset,
1202 2669 1269 2716 nec
1285 2652 1476 2733 impetrare

243 2767 288 2830 ab
307 2784 349 2829 eo
367 2774 512 2847 possent
533 2762 695 2826 homines
715 2760 921 2843 praedictae
942 2762 1114 2825 ecclesiae
1133 2760 1224 2840 Pini,
1241 2771 1278 2824 ut
1297 2759 1475 2824 desineret
1496 2804 1500 2813 -

242 2884 338 2937 stare
353 2872 538 2953 promissis
557 2869 633 2933 sine
652 2869 861 2933 monialium
876 2885 1066 2946 consensu,
1088 2866 1251 2931 adierunt
1271 2868 1322 2930 illi
1341 2868 1474 2930 monia·

241 2982 305 3056 les,
321 2989 357 3043 et
371 2979 479 3043 alium
495 2977 782 3041 concionatorem
798 2993 839 3039 eo
856 2975 914 3038 die
930 2974 1132 3053 offerentes,
1145 2975 1425 3054 impetraverunt
1437 2984 1476 3037 ut

243 3088 279 3151 in
298 3086 388 3151 sesto
407 3085 602 3167 praedicto,
623 3084 660 3147 in
682 3082 835 3147 ecclesia
857 3080 936 3145 Piui
961 3080 999 3145 P.
1027 3080 1209 3145 Govierno
1234 3081 1384 3145 verbum
1408 3080 1476 3144 Dei

243 3194 477 3276 praedicaret,
501 3209 544 3255 ea
565 3200 685 3254 tamen
703 3188 862 3252 adhibita
884 3188 1098 3267 conditione,
1123 3196 1160 3251 ut
1179 3188 1249 3250 alio
1269 3187 1326 3251 die
1344 3188 1477 3251 eisdem

244 3300 457 3366 monialibus
472 3298 509 3363 P.
527 3298 708 3363 Govierno
725 3297 1015 3360 concionaretur.

302 3408 393 3473 2294.
437 3406 526 3470 Tres
537 3415 656 3469 autem
669 3402 1051 3482 meretricespublicae
1063 3402 1098 3464 in
1110 3402 1283 3464 concione
1294 3401 1477 3481 praedicta

243 3519 287 3582 de
301 3518 341 3583 B.
358 3515 571 3596 Magdalena
586 3527 782 3575 conversae
797 3508 950 3585 suerunt,
971 3507 1066 3589 quod
1086 3507 1335 3570 Barchinonae
1357 3507 1479 3570 diffici-

244 3628 314 3689 lius
328 3641 435 3705 quam
450 3619 637 3685 Valentiae
652 3628 741 3695 erat,
758 3616 852 3696 quod
874 3616 971 3678 nulla
988 3624 1082 3677 esset
1102 3614 1365 3694 poenitentibus
1386 3616 1479 3678 exci-

246 3731 384 3813 piendis
413 3729 538 3793 domus
565 3726 753 3789 destinata.
785 3722 844 3787 Sic
874 3734 995 3785 autem
1021 3720 1169 3783 affectus
1194 3720 1378 3784 hominum
1402 3719 1478 3800 eius

246 3838 418 3904 ecclesiae
432 3836 639 3899 immutatus
654 3840 718 3910 est,
731 3841 770 3894 ut
785 3829 929 3893 omuino
945 3846 967 3891 a
981 3828 1041 3890 lite
1057 3828 1093 3891 iu
1109 3836 1293 3906 posterum
1305 3827 1479 3892 cessaturi

248 3946 489 4011 crederentur.
984 4005 987 4009 .

305 4052 396 4117 2295.
439 4049 606 4114 Pervenit
621 4049 657 4111 in
671 4045 883 4125 Hispaniam
898 4043 1061 4106 nuntium
1075 4041 1249 4105 transitus
1264 4058 1309 4105 ex
1324 4042 1392 4104 hac
1407 4041 1482 4104 vita

243 4164 280 4225 in
295 4169 478 4224 aeternam
491 4156 530 4220 Ρ.
547 4155 687 4235 Ignatii,
704 4163 738 4217 et
754 4150 920 4233 quamvis
935 4148 1091 4230 perculsi
1104 4148 1248 4212 fuerunt
1263 4146 1399 4225 nostri,
1422 4146 1483 4210 ali·

245 4270 305 4349 qui
319 4276 439 4331 tamen
453 4264 688 4328 observarunt
703 4259 748 4323 ab
762 4277 805 4323 eo
818 4269 980 4337 tempore
992 4254 1268 4320 commotionem
1280 4253 1481 4317 animorum

245 4377 355 4439 multo
370 4370 541 4453 majorem
560 4386 603 4433 ac
624 4365 914 4432 benevolentiam
935 4379 1024 4443 erga
1044 4360 1259 4426 Societatem
1279 4361 1484 4442 propensio·

254 4534 453 4545 ---—-——-

290 4618 298 4651 Ι
326 4615 373 4661 Ma.
383 4626 452 4671 quae
463 4616 491 4657 in
502 4612 630 4657 remotior
641 4612 709 4652 erat.

394 4704 433 4759 T.
456 4722 497 4759 vr.
