3642 5350
826 408 890 468 Art.
913 408 982 468 1556
1056 455 1059 461 .
1465 410 1518 470 uit

289 551 430 616 vinciae
445 552 520 634 ipse
534 552 789 632 relinqueretur
805 561 826 632 ¹,
844 560 878 615 et
892 550 943 614 illi
957 569 1051 615 novo
1067 551 1226 631 Collegio
1241 551 1401 616 Murciae
1415 569 1518 616 suam

292 677 437 741 operam
456 668 623 739 navaret;
649 669 684 724 et
703 659 753 724 ita
772 675 859 722 cura
881 657 1032 740 Collegii
1046 658 1227 722 Valentini
1253 668 1288 722 et
1306 658 1523 725 Gandiensis

292 765 331 830 P.
343 766 484 845 Mironi,
500 765 599 831 Patri
614 776 732 830 autem
746 765 896 830 Stradae
917 765 1312 830 curaBarchinonensis
1327 776 1361 831 et
1373 767 1519 832 Caesar·

292 875 483 952 augustani
509 874 755 938 commendata
777 885 851 952 est;
880 891 951 936 non
972 883 1092 936 tamen
1107 872 1427 954 Viceprovincialis
1448 873 1526 938 0ffi2

293 983 386 1045 cium
399 1000 421 1045 a
436 981 473 1045 P.
490 981 652 1062 Baptista
668 983 845 1046 sublatum
859 981 935 1044 fuit.
1456 997 1461 1006 ·

351 1087 442 1152 2380.
487 1088 576 1153 Cum
591 1099 768 1152 cresceret
779 1088 815 1152 in
827 1088 902 1152 dies
913 1104 1001 1168 erga
1013 1086 1227 1152 Societatem
1237 1088 1404 1170 Episcopi
1417 1089 1522 1154 bene·

290 1197 445 1259 volentia
461 1204 496 1258 et
510 1196 735 1273 existimatio,
752 1194 902 1259 Romam
922 1196 1017 1258 misit
1035 1195 1224 1276 quemdam
1244 1213 1290 1258 ex
1309 1197 1400 1275 suis,
1416 1205 1455 1259 ut
1468 1196 1520 1262 fa·

291 1305 459 1367 cultatem
474 1303 629 1367 testandi
645 1322 666 1366 a
689 1302 834 1366 Summo
851 1301 1021 1366 Pontifice
1047 1303 1243 1380 obtineret,
1270 1319 1335 1366 nec
1357 1303 1520 1368 dissimu-

290 1411 387 1475 labat
402 1410 597 1490 Collegium
612 1421 774 1474 nostrum
787 1427 890 1473 suum
905 1409 1096 1472 haeredem
1110 1409 1279 1473 futurum.

349 1517 440 1582 2381.
485 1517 616 1582 Omnes
632 1526 750 1581 autem
765 1527 906 1580 nostros
922 1526 959 1580 ut
973 1515 1063 1581 lilios
1078 1516 1243 1592 habebat,
1268 1517 1367 1580 etita
1382 1534 1443 1580 eos
1458 1535 1518 1581 vo·

291 1625 420 1703 cabat;
446 1635 481 1688 et
506 1625 543 1688 P.
571 1624 751 1705 Baptistae
775 1623 923 1686 consilio
949 1622 1224 1686 familiarissime
1247 1622 1293 1686 ad
1315 1624 1434 1686 omnia
1453 1642 1520 1688 sua

291 1732 451 1811 negotia,
475 1731 581 1794 etiam
595 1731 728 1807 intima,
745 1730 919 1806 utebatur,
937 1738 972 1792 et
987 1745 1118 1808 magna
1133 1745 1214 1792 cum
1233 1728 1422 1792 devotione
1443 1728 1521 1810 ejus

293 1821 482 1903 conciones
498 1838 620 1901 audire
635 1837 816 1918 pergebat,
829 1837 992 1917 exemplo
1006 1853 1072 1899 suo
1087 1837 1267 1917 populum,
1284 1837 1417 1918 alioqui
1431 1838 1521 1901 satis

292 1963 518 2026 propensum,
535 1945 708 2022 excitans;
724 1945 784 2024 qui
799 1953 872 2006 tam
886 1943 1052 2023 frequens
1073 1941 1117 2006 ad
1136 1959 1217 2006 eum
1231 1943 1446 2007 audiendum
1460 1962 1518 2008 ve·

290 2052 427 2131 niebat,
445 2061 493 2130 ut,
510 2068 590 2115 cum
606 2051 682 2131 ipso
697 2049 787 2114 festo
807 2048 889 2113 S.¹⁸e
904 2049 1036 2113 Luciae
1055 2049 1090 2112 in
1115 2050 1204 2112 satis
1229 2050 1347 2130 ampla
1366 2051 1519 2114 eeclesia

292 2159 574 2236 concionaretur,
602 2168 637 2220 et
658 2157 790 2220 festum
801 2157 865 2220 sub
888 2165 1079 2237 praecepto
1097 2173 1168 2219 non
1184 2157 1447 2237 observaretur,
1474 2175 1520 2220 ne

290 2265 365 2347 ipse
385 2265 527 2345 quidem
554 2264 782 2328 concionator
808 2263 854 2326 ad
876 2275 1086 2342 suggestum
1105 2279 1168 2342 per
1182 2263 1371 2326 ecclesiam
1392 2266 1444 2327 ire
1458 2282 1519 2344 po·

290 2374 413 2451 tuerit,
430 2382 465 2436 et
483 2389 546 2452 per
562 2380 656 2434 tecta
677 2370 851 2451 quaedam
871 2388 953 2434 cum
972 2371 1051 2432 aliis
1065 2369 1153 2432 viris
1168 2370 1353 2433 honoratis
1373 2371 1418 2434 ad
1438 2388 1517 2451 sug·

292 2491 433 2561 gestum
448 2479 619 2542 accedere
634 2479 764 2542 debuit.

349 2585 440 2650 2382.
484 2585 752 2666 inquisitoribus
767 2585 885 2663 etiam,
899 2585 959 2664 qui
975 2582 1132 2646 Murciae
1147 2600 1250 2646 suum
1266 2584 1397 2648 habent
1411 2585 1518 2648 tribu·

289 2696 360 2773 nal,
378 2704 545 2773 acceptus
561 2704 658 2770 erat;
686 2704 720 2756 et
740 2693 805 2770 ita,
823 2710 903 2755 cum
925 2692 1002 2771 ipso
1024 2690 1114 2753 festo
1130 2689 1188 2754 Sil
1206 2690 1374 2755 Andreae
1399 2702 1518 2755 actum

291 2801 491 2881 quemdam,
508 2812 547 2864 ut
561 2801 628 2882 ipsi
643 2810 787 2873 vocant,
804 2800 859 2862 sui
876 2798 979 2862 officii
1002 2798 1213 2861 celebraturi
1229 2809 1363 2877 essent,
1386 2800 1518 2863 eumin

289 2906 495 2971 Cathedrali
511 2909 642 2988 templo
655 2907 942 2969 concionatorem
957 2905 1087 2968 habere
1099 2906 1298 2983 volueruut;
1315 2916 1349 2967 et
1364 2906 1516 2985 abunde,

287 3030 359 3077 non
374 3014 488 3079 solum
508 3014 628 3095 populi
647 3013 873 3090 multitudini,
890 3012 953 3075 sed
968 3011 1129 3091 plurimis
1149 3011 1256 3075 etiam
1271 3012 1358 3075 viris
1378 3014 1516 3093 religio·

287 3120 352 3199 sis,
369 3121 429 3201 qui
450 3121 615 3195 aderant,
636 3120 819 3183 satisfecit.
846 3118 957 3183 Porro
976 3117 1134 3181 Murciae
1154 3133 1288 3197 magna
1309 3120 1467 3185 charitas
1482 3132 1518 3185 et

286 3238 408 3291 mutua
428 3228 519 3291 inter
538 3245 661 3292 omnes
687 3226 875 3306 religiosos
895 3236 931 3289 et
956 3234 1115 3288 nostrum
1135 3224 1332 3305 Collegium
1352 3229 1518 3293 servaba-

286 3344 354 3412 tur,
371 3344 406 3399 et
418 3352 462 3399 ex
475 3335 638 3399 omnibus
649 3334 844 3413 ordinibuS,
861 3345 894 3397 et
910 3334 1101 3413 praecipue
1112 3330 1171 3395 Sil
1186 3332 1382 3413 Francisci,
1396 3352 1517 3399 mona-

287 3443 346 3506 chi
371 3441 409 3506 P.
433 3442 631 3522 Baptistam
653 3441 877 3507 familiariter
897 3440 1105 3519 visitabant,
1126 3440 1216 3503 etin
1236 3449 1366 3504 octava
1386 3442 1516 3507 Conce-

285 3549 417 3629 ptionis
432 3549 532 3611 Bw
548 3549 709 3637 Virginis
724 3549 888 3613 eumdem
900 3546 1107 3611 concionari
1122 3547 1158 3610 in
1173 3548 1325 3611 ecclesia
1340 3566 1404 3611 sua
1420 3562 1518 3630 opta·

287 3665 369 3719 runt
384 3666 419 3719 et
434 3656 679 3731 obtinuerunt,
696 3667 731 3719 et
745 3656 822 3737 ipsa
843 3656 882 3719 Β.
899 3654 1015 3734 Virgo
1037 3654 1256 3735 impetravit,
1282 3665 1321 3718 ut
1340 3656 1516 3736 insignem

289 3764 496 3827 concionem
512 3772 547 3827 et
562 3764 724 3826 omnibus
738 3760 881 3842 gratam
895 3762 1053 3825 haberet.

347 3868 438 3933 2383.
482 3869 716 3933 Retiuuerunt
745 3880 862 3933 autem
887 3870 985 3933 illum
1007 3868 1052 3932 ad
1078 3867 1264 3949 prandium
1289 3871 1339 3932 illi
1358 3871 1517 3950 religiosi

286 3974 347 4039 su
366 3974 562 4056 Francisci,
580 3987 614 4040 et
629 3977 772 4041 eosdem
788 3978 863 4057 ipse
878 3977 1038 4040 vicissim
1056 3976 1224 4039 invitavit
1235 3986 1273 4039 ut
1289 3978 1359 4041 duo
1371 3979 1428 4041 vel
1444 3987 1519 4042 tres

287 4081 531 4146 Provinciales
546 4100 668 4146 eorum
683 4083 728 4147 ad
744 4084 947 4147 eremitoria
964 4084 1041 4162 ilia,
1058 4100 1149 4162 quae
1165 4084 1296 4147 nostris
1317 4084 1520 4165 Episcopus

285 4189 444 4270 dederat,
462 4190 570 4253 animi
586 4207 695 4254 causa
710 4190 884 4270 venirent,
898 4191 957 4254 ubi
972 4207 1043 4252 non
1054 4189 1221 4268 exiguam
1236 4192 1518 4255 consolationem

284 4296 369 4360 boni
383 4297 433 4360 illi
448 4295 573 4360 Patres
589 4306 823 4377 acceperunt;
849 4314 934 4360 nam
952 4297 1052 4359 locus
1073 4296 1130 4359 ille
1153 4313 1223 4359 non
1244 4306 1383 4361 tantum
1399 4299 1445 4363 ad
1460 4299 1518 4363 de·

284 4404 476 4481 votionem,
494 4402 556 4467 sed
572 4404 617 4467 ad
631 4405 890 4468 recreationem
905 4404 1013 4467 etiam
1028 4413 1082 4466 est
1096 4404 1312 4483 aptissimus.

326 4646 334 4677 ¹
364 4643 441 4688 Vlces
451 4644 518 4688 enim
528 4646 638 4699 gerebat
649 4644 821 4691 Provinclulia
833 4647 990 4700 aragoniae.
1002 4645 1068 4689 Vide
1079 4647 1136 4689 loca
1143 4656 1225 4701 nuper
1235 4646 1327 4693 citata.
