3642 5350
342 448 398 506 474
800 455 927 514 Canon.
948 452 1025 513 Soc.
1045 453 1116 527 Jas.

343 610 424 658 curn
439 596 496 659 his
511 606 545 660 et
561 598 640 677 iuis,
655 599 713 679 qui
728 600 865 662 consilii
880 600 1078 681 accipiendi
1091 600 1210 679 gratia
1225 600 1342 679 ipsum
1356 599 1576 663 comitaban-

344 713 411 779 tur,
429 719 569 783 semper
584 722 692 784 agere
708 706 838 785 debuit,
856 707 969 770 donec
980 705 1182 771 Turnacum
1197 706 1370 786 pervenit.

403 807 494 871 2039.
539 810 727 875 Comitissa
736 812 817 891 Bur,
830 830 922 893 quae
934 814 1046 876 tribus
1057 812 1139 876 inde
1150 812 1260 875 leucis
1273 812 1465 890 habitabat,
1479 813 1579 875 misit

343 916 402 995 qui
417 928 561 995 rogaret
575 918 685 997 ipsius
705 920 846 983 nomine
862 918 899 983 P.
917 919 1155 997 Bernardum,
1172 928 1210 982 ut
1224 919 1490 995 concionatum,
1508 920 1575 981 sai-

343 1033 414 1085 tem
438 1026 547 1087 semel
569 1034 630 1088 aut
652 1026 793 1104 iterum,
818 1026 864 1090 ad
886 1026 971 1091 iliud
991 1027 1159 1107 oppidum
1179 1025 1387 1103 accederet;
1414 1033 1449 1088 et
1476 1035 1574 1087 ante·

343 1147 449 1208 quam
465 1130 651 1194 Bruxelias
666 1134 808 1208 rediret,
826 1151 864 1196 se
879 1134 915 1197 id
929 1144 1138 1196 curaturum
1152 1133 1325 1212 promisit.

403 1236 499 1328 2040.
536 1238 683 1319 Adjuvit
704 1242 811 1303 etiam
837 1240 1076 1305 Sinescalcum
1102 1240 1277 1317 Anoniae,
1298 1239 1577 1319 gubernatorem

345 1342 513 1423 Tornaci,
526 1343 695 1409 Societati
713 1348 815 1410 vaide
831 1349 997 1426 amicum,
1014 1358 1049 1410 et
1063 1346 1247 1427 religionis
1262 1344 1462 1410 catholicae
1477 1362 1579 1425 egre-

344 1451 443 1527 gium
457 1451 648 1530 fautorem,
665 1454 725 1533 qui
741 1454 839 1516 hisce
853 1452 979 1517 diebus
994 1470 1126 1533 magna
1141 1470 1221 1516 cum
1236 1452 1426 1516 devotione
1448 1452 1494 1515 ad
1506 1449 1578 1515 Do·

345 1556 479 1620 minum
492 1558 677 1638 migravit.

404 1662 496 1727 2041.
538 1664 631 1748 Julio
646 1684 783 1747 mense,
801 1684 881 1730 cum
899 1669 1010 1747 pestis
1030 1668 1205 1748 coepisset
1226 1666 1380 1730 Tornaci
1399 1665 1576 1745 grassari,

347 1770 413 1835 17.⁸
428 1771 584 1852 eiusdem
599 1776 747 1851 mensiS,
764 1776 847 1838 dum
868 1775 1056 1839 charitatis
1076 1774 1242 1855 operibus
1256 1784 1363 1837 vacat
1378 1772 1416 1835 P.
1441 1772 1575 1852 Quinti·

345 1896 429 1957 nuS,
449 1889 484 1942 et
498 1876 668 1944 sanorum
683 1891 789 1961 atque
804 1882 1066 1961 aegrotantium
1078 1864 1320 1945 confessiones
1344 1880 1457 1960 audit,
1475 1887 1577 1960 peste

345 1995 531 2066 correptus
546 1987 621 2066 fuit,
639 1996 674 2050 et
688 1988 765 2067 ipso
782 1988 837 2052 die
853 1988 891 2051 B.
909 1988 1046 2052 Mariae
1063 1988 1300 2067 Magdalenae
1322 1986 1368 2050 ad
1383 1986 1581 2050 Dominum

345 2092 524 2170 migravit.
540 2094 608 2158 Vir
622 2095 726 2174 plane
745 2094 885 2173 magnis
906 2094 973 2159 Dei
994 2096 1113 2170 donis,
1137 2105 1171 2159 et
1189 2096 1226 2157 in
1241 2095 1365 2175 primis
1379 2093 1579 2157 humilitate

344 2207 378 2259 et
394 2198 569 2263 charitate
584 2200 716 2279 insigni
730 2201 913 2281 praeditus
930 2208 951 2265 ¹.
973 2200 1126 2282 Quidam
1141 2202 1250 2266 etiam
1261 2199 1419 2280 juvenis,
1437 2200 1583 2263 nomine

345 2304 525 2385 Nicolaus,
553 2308 589 2371 in
613 2306 826 2374 Societatem
850 2320 1054 2373 nostrorum
1079 2310 1271 2385 admissuS,
1298 2309 1403 2388 paulo
1428 2317 1508 2387 post
1530 2324 1577 2369 ex

344 2412 470 2476 eodem
484 2414 610 2478 morbo
625 2416 787 2481 decessit.

405 2518 496 2583 2042.
539 2520 578 2585 Ρ.
595 2522 772 2587 Antonius
787 2524 956 2588 Bucletus
970 2534 1005 2587 et
1019 2522 1057 2586 P.
1078 2523 1301 2599 BernarduS,
1318 2519 1421 2601 juxta
1444 2537 1580 2584 morem

346 2628 421 2707 ejus
435 2628 603 2710 regionis,
620 2647 684 2695 sex
699 2631 940 2696 hebdomadas
965 2631 1184 2712 cogebantur
1196 2630 1240 2694 ab
1255 2629 1351 2693 omni
1363 2628 1581 2692 commercio

347 2753 428 2798 curn
439 2737 519 2799 aliis
530 2737 732 2802 hominibus
754 2739 944 2817 abstinere,
958 2747 993 2802 et
1007 2748 1109 2802 extra
1125 2737 1326 2800 Turnacum
1342 2737 1379 2800 iu
1394 2734 1582 2815 cujusdam

346 2842 452 2904 amici
467 2840 611 2908 domum
626 2854 862 2911 secesserunt.

406 2948 498 3011 2043.
540 2949 675 3016 Tamen
690 2951 727 3014 P.
746 2953 924 3022 Antonius
938 2952 1062 3015 eadem
1079 2963 1176 3032 peste
1192 2961 1377 3030 correptus
1390 2948 1470 3022 fuit;
1498 2965 1579 3011 eva·

346 3055 392 3116 sit
407 3055 634 3120 nihilominus
648 3059 715 3122 hoc
731 3060 938 3140 periculum.
955 3058 1201 3122 Admonuerat
1220 3058 1362 3137 quidem
1376 3056 1415 3121 P.
1431 3055 1580 3119 Ribade-

347 3178 459 3242 neyra
474 3174 549 3226 uta
564 3165 651 3228 locis
666 3177 763 3246 peste
778 3166 920 3230 infectis
935 3166 1163 3229 abstinerent.
1182 3165 1322 3229 Invenit
1336 3164 1582 3240 nihilominus,

347 3286 420 3331 non
443 3272 558 3334 solum
579 3274 797 3352 praedictos,
821 3275 1010 3337 sedetiam
1032 3275 1147 3354 ipsum
1165 3271 1201 3335 P.
1218 3272 1438 3336 Beruardum
1454 3269 1587 3334 mortis

347 3377 501 3440 occasio.
526 3377 721 3443 Undecima
747 3381 803 3444 die
818 3381 983 3460 Augusti,
1011 3380 1134 3443 scribit
1156 3379 1233 3459 ipse
1254 3377 1292 3442 P.
1316 3378 1582 3458 Ribadeneyra,

348 3484 443 3562 quod
464 3483 566 3565 juxta
588 3489 800 3550 sententiam
828 3487 985 3550 doctoris
1012 3487 1191 3550 Hermetis
1217 3486 1343 3549 medici
1357 3483 1381 3566 ¹,
1407 3484 1585 3564 Magister

350 3591 529 3654 Antonius
544 3602 646 3656 extra
662 3593 857 3674 periculum
873 3604 961 3657 erat.

409 3695 500 3761 2044.
544 3698 722 3764 Suadebat
739 3713 857 3766 autem
878 3701 976 3765 Patri
995 3700 1191 3781 praedicto,
1213 3710 1250 3763 ut
1265 3701 1403 3764 curiam
1417 3714 1580 3781 sequere-

349 3815 416 3884 tur,
433 3807 510 3869 sive
526 3805 741 3871 Gandavum
755 3809 834 3886 iret,
851 3808 978 3872 sivein
994 3807 1163 3886 Angiiam
1179 3809 1380 3888 navigaret,
1397 3808 1510 3871 donec
1522 3822 1582 3868 ne-

347 3913 484 3991 gotium
511 3915 741 3994 collegiorum
767 3915 961 3995 expediret.
988 3913 1032 3978 Et
1057 3915 1222 3995 quamvis
1247 3925 1342 3977 esset
1363 3912 1583 3993 expeditum,

348 4035 429 4082 cum
444 4018 581 4084 Comite
600 4021 724 4084 Feriae
744 4032 779 4085 et
801 4021 930 4084 Alexio
947 4021 1109 4084 Fontana
1129 4019 1383 4084 conferendum
1398 4018 1579 4096 censebat,

348 4144 395 4189 an
410 4129 509 4208 sequi
525 4126 659 4207 Regem
674 4130 710 4192 in
725 4129 894 4208 Angliam
910 4129 1065 4192 deberet.
1080 4127 1124 4191 Et
1136 4128 1211 4208 ipse
1224 4128 1366 4208 quidem
1378 4125 1586 4190 Bernardus

348 4251 546 4314 propensus
561 4247 638 4298 erat
653 4237 794 4316 quidem
809 4237 855 4300 ad
870 4236 964 4299 hanc
979 4236 1247 4316 profectionem,
1261 4237 1291 4299 si
1303 4235 1422 4316 aliqua
1438 4232 1584 4298 occasio

350 4358 413 4420 per
438 4341 611 4406 Comitem
632 4341 758 4405 Feriae
784 4342 902 4406 oblata
927 4353 1020 4406 esset
1045 4356 1080 4406 et
1105 4360 1225 4406 secum
1251 4341 1474 4406 sacerdotem
1497 4339 1583 4404 fluu-

348 4449 453 4510 drum
468 4449 624 4512 duceret.

392 4616 400 4648 ¹
430 4615 497 4658 Vide
508 4614 661 4664 Ouunuotut.
674 4615 744 4659 Hist.
756 4617 812 4661 Soc.
822 4615 889 4672 Jrs„
898 4619 943 4660 lib.
954 4627 1007 4672 xvi,
1018 4628 1042 4660 n.
1052 4617 1087 4660 84.

391 4687 403 4718 ¹
429 4685 496 4730 Vide
507 4699 532 4730 n.
542 4687 604 4740 2032,
615 4694 641 4731 et
652 4689 735 4732 iocum
746 4689 780 4732 rbi
790 4689 908 4740 titutum,
919 4697 939 4732 t.
949 4702 975 4740 v,
986 4699 1046 4743 pag.
1056 4689 1104 4738 317.
1113 4701 1137 4732 n.
1147 4687 1195 4742 861,
1208 4695 1296 4732 annot.
1306 4687 1328 4730 u.
