3642 5350
797 414 861 479 Au.
888 416 957 479 1556
1438 414 1492 477 213

269 560 398 644 populo
414 579 454 627 se
468 562 598 629 multos
612 580 725 629 annos
739 562 853 630 officio
871 564 1025 646 pastoris
1041 561 1134 648 apud
1150 580 1211 629 eos
1227 562 1384 629 iunctum
1399 580 1488 641 esse;

263 670 327 733 sed
341 670 426 735 tunc
441 669 532 736 velle
542 671 581 735 P.
595 670 776 736 Andream
788 673 911 737 venire
923 671 969 737 ad
985 671 1265 737 concionandum
1280 672 1317 735 in
1332 671 1491 752 ipsorum

264 776 427 856 ecclesia,
459 785 495 841 et
525 777 619 860 quod
648 789 858 860 suggestum
885 779 997 844 nostri
1026 796 1047 842 a
1076 777 1310 843 dominicanis
1337 777 1493 859 erepturi

267 893 382 964 erant,
398 883 562 966 quodque
576 884 644 967 ipsi
658 895 883 966 cogerentur,
899 886 983 951 licet
993 886 1136 964 nollent,
1149 894 1291 950 nostros
1303 894 1494 966 perpetuos

263 991 536 1057 concionatores
550 993 694 1074 habere,
711 994 875 1076 quodque
889 994 926 1058 in
941 994 1151 1059 servitutem
1165 993 1326 1073 ipsorum
1340 991 1492 1057 ecclesia

264 1098 498 1179 redigeretur,
513 1108 548 1163 et
562 1101 631 1165 alia
646 1100 702 1164 his
715 1083 848 1182 pejora,
865 1118 955 1183 quae
971 1100 1133 1183 quemvis
1148 1100 1252 1165 facile
1267 1114 1493 1164 commovere

265 1206 476 1286 potuissent,
497 1206 579 1271 licet
604 1206 772 1273 Societati
793 1209 1013 1273 benevolum.
1036 1206 1156 1289 Aliqui
1172 1223 1258 1288 ergo
1280 1224 1326 1271 ex
1343 1206 1395 1271 eis
1409 1206 1493 1272 iuci-

264 1314 365 1395 piunt
380 1313 571 1394 indignari,
588 1316 647 1380 alli
663 1316 829 1391 clamare,
852 1334 924 1381 non
944 1314 1091 1380 deerant
1114 1315 1175 1397 qui
1193 1312 1493 1395 praedicationem

263 1418 361 1486 Patri
386 1419 552 1485 Andreae
577 1422 841 1487 concedendam
866 1440 946 1487 esse
965 1422 1175 1499 sentiebant,
1201 1420 1261 1485 alii
1285 1428 1493 1502 suggestum

263 1526 496 1593 auferendum
509 1545 600 1609 esse;
616 1540 694 1593 erat
711 1530 771 1611 qui
789 1541 931 1594 nostros
946 1530 982 1593 in
998 1528 1132 1594 Padum
1148 1527 1386 1608 projiciendos
1402 1526 1493 1592 dice·

264 1642 330 1713 ret,
350 1644 386 1699 et
406 1652 464 1699 res
487 1634 742 1717 propemodum
768 1636 813 1700 ad
837 1636 1047 1701 seditionem
1074 1634 1247 1716 pervenit:
1275 1634 1375 1700 multi
1398 1634 1492 1700 enim

264 1740 439 1823 (quamvis
452 1759 495 1807 ea
510 1743 546 1806 in
560 1743 839 1823 congregatione
859 1743 1011 1817 luerunt)
1033 1741 1245 1807 Societatem
1267 1750 1492 1822 perspectam

264 1849 440 1914 habebant
465 1862 500 1914 et
525 1850 620 1915 hune
644 1852 832 1915 tumultum
857 1869 902 1915 cx
925 1847 1059 1915 invidia
1078 1848 1304 1914 sacerdotum
1329 1857 1491 1913 exortum

265 1968 451 2037 procerte
473 1956 662 2038 habebant,
686 1975 768 2023 cum
789 1958 897 2039 aliqui
912 1975 1036 2022 eorum
1058 1965 1179 2039 aperte
1194 1955 1363 2036 dicerent,
1381 1954 1494 2021 cuivis

264 2064 450 2129 molestum
465 2063 542 2128 sore
556 2064 630 2128 suis
644 2065 751 2129 lucris
766 2065 912 2146 privari.

325 2168 397 2235 786.
440 2169 479 2234 Ρ.
495 2170 672 2248 Andreas,
689 2171 792 2252 Juxta
812 2171 981 2254 Episcopi
995 2170 1218 2251 Suffraganei
1233 2169 1420 2235 consilium
1434 2170 1495 2234 ali·

265 2276 408 2358 quando
427 2278 460 2341 ei
482 2276 603 2343 datum
618 2278 640 2355 ¹,
661 2279 849 2361 privilegia
872 2277 1061 2343 Societatis
1080 2275 1228 2342 Vicario
1248 2275 1494 2359 ostendit,·qui

268 2384 373 2447 simul
398 2401 480 2448 cum
504 2385 659 2466 quodam
685 2386 852 2465 religioso
882 2382 942 2450 8¹¹
973 2382 1152 2449 Dominlci
1180 2382 1370 2450 affirmavit
1393 2382 1495 2463 juxta

265 2507 390 2555 eorum
410 2500 569 2555 tenorem
590 2502 732 2556 nostros
751 2509 854 2574 posse
882 2491 1100 2556 concionari.
1126 2490 1170 2555 Et
1193 2507 1274 2554 cum
1294 2490 1496 2556 cardinalis

269 2595 330 2662 83¹
349 2596 479 2679 Angeli
493 2608 528 2662 et
542 2598 626 2663 Dux
644 2598 832 2663 Ferrariae
855 2608 997 2663 nostros
1016 2598 1064 2663 ibi
1082 2597 1285 2678 retinerent,
1301 2597 1416 2661 miuus
1437 2596 1496 2661 a'd·

268 2705 339 2770 huc
367 2705 523 2771 dubitari
550 2715 701 2789 poterat,
733 2723 814 2770 cum
843 2707 1055 2789 praesertim
1083 2705 1235 2770 facultas
1263 2704 1497 2770 concionandi

271 2810 390 2894 [esset]
405 2830 485 2879 cum
500 2830 622 2878 eorum
637 2814 870 2895 beneplacito,
886 2824 922 2879 et
944 2822 1022 2895 post
1044 2811 1239 2892 meridiem,
1254 2829 1324 2894 quo
1339 2822 1497 2894 tempore

270 2935 387 2985 vacua
401 2931 479 2986 erat
492 2921 656 3000 ecclesia,
673 2921 947 2985 concionaturus
963 2930 1050 2984 erat.

326 3025 398 3091 787.
441 3025 510 3092 Sed
531 3028 614 3108 quia
635 3029 814 3092 nonsatis
834 3028 903 3094 hoe
925 3027 1124 3109 videbatur,
1146 3029 1370 3094 concitarunt
1388 3028 1495 3092 etiam

266 3133 524 3213 dominicanos,
540 3135 671 3199 obnixe
685 3144 855 3214 rogantes
877 3146 915 3199 ut
929 3134 997 3199 hoe
1012 3144 1192 3200 certamen
1208 3144 1332 3201 contra
1352 3145 1493 3200 nostros

265 3241 498 3322 susciperent,
520 3241 579 3322 qui
600 3251 809 3322 suggestum
830 3242 883 3306 eis
902 3240 1042 3307 auferre
1063 3243 1241 3322 volebant;
1263 3251 1298 3306 et
1318 3240 1496 3322 urgebant

266 3347 524 3412 ut²scriberent
548 3348 706 3429 ipsorum
732 3347 950 3414 Provinciali
969 3358 1003 3413 et
1020 3347 1184 3414 Generali
1204 3347 1378 3430 Capitulo,
1399 3346 1497 3430 quod

267 3453 374 3519 fiebat
388 3454 589 3535 Ferrariae,
604 3466 643 3519 ut
657 3472 760 3519 suum
775 3469 986 3536 suggestum
998 3454 1236 3521 defenderent.
1252 3453 1322 3522 Sed
1336 3455 1395 3536 qui
1410 3464 1495 3520 tuuc

266 3571 430 3643 praeerat
446 3561 501 3627 his
515 3562 705 3642 religiosis,
721 3563 904 3645 respondit
919 3563 971 3627 eis
986 3563 1061 3627 sine
1076 3562 1213 3628 ratione
1227 3563 1313 3642 lore,
1330 3563 1417 3628 side
1432 3578 1491 3626 no·

266 3670 349 3733 stris
363 3679 674 3751 conquererentur,
691 3686 756 3733 nec
772 3669 817 3733 ad
839 3687 877 3734 se
892 3680 1100 3751 suggestum
1123 3671 1220 3734 illum
1242 3669 1418 3752 pertinere
1432 3685 1492 3750 po-

268 3776 339 3840 tius
352 3792 460 3856 quam
473 3775 519 3839 ad
534 3774 636 3840 alios.

327 3879 399 3947 788.
442 3881 479 3946 ld
495 3891 614 3947 tamen
629 3883 872 3947 sacerdotibus
885 3883 1146 3964 postulantibus
1158 3901 1366 3949 concessum
1378 3892 1442 3963 est,
1455 3891 1493 3947 ut

266 3988 394 4071 aliquis
408 4006 532 4054 eorum
546 3987 592 4052 ad
608 3989 741 4070 aliquot
763 3990 888 4054 saltem
907 4009 1049 4054 menses
1066 4009 1109 4054 eo
1129 4000 1286 4074 tempore
1307 3990 1494 4055 conciona-

265 4107 375 4177 retur,
390 4113 460 4179 quo
475 4093 513 4161 P.
531 4096 714 4161 Andream
730 4099 1022 4163 concionaturum
1037 4099 1219 4181 putabant.
1235 4098 1303 4180 Qui
1316 4108 1432 4164 autem
1447 4097 1493 4162 ad

265 4202 543 4284 praedicandum
557 4205 690 4268 electus
705 4203 782 4283 suit,
799 4205 834 4270 in
846 4205 963 4269 media
975 4206 1145 4270 concione
1157 4207 1294 4288 publice
1306 4205 1396 4273 dixit
1406 4207 1493 4272 omi·

265 4310 355 4375 sisse
368 4327 407 4375 se
421 4311 677 4391 prosectionem
693 4311 738 4376 ad
749 4310 963 4392 Capitulum,
981 4311 1074 4392 quod
1089 4323 1237 4394 rogatus
1251 4323 1343 4378 esset
1355 4331 1376 4379 a
1388 4314 1493 4382 Vica-

265 4417 332 4492 rio,
347 4428 492 4500 pastore
506 4427 542 4484 et
556 4418 803 4485 sacerdotibus
818 4429 853 4484 et
868 4420 948 4485 aliis
968 4429 1004 4487 ut
1026 4429 1270 4488 manuteneret
1283 4431 1317 4487 et
1332 4413 1491 4493 deiende·

310 4657 321 4694 ί
349 4657 416 4704 Vlde
426 4669 515 4718 supra,
527 4667 546 4705 t.
558 4671 595 4717 rr,
607 4671 665 4718 pag.
675 4661 710 4718 89,
720 4673 745 4709 n.
755 4662 801 4707 161.
