3642 5350
814 418 878 479 As.
901 417 972 479 1556
1456 420 1511 481 327

281 564 436 645 modum,
453 580 522 646 quo
541 571 724 629 transacta
744 564 870 644 fuerat,
887 566 1148 647 intellexerunt;
1169 576 1204 631 et
1222 576 1411 648 utrumque
1433 568 1510 632 suis

280 672 407 737 litteris
431 656 581 737 Pro-rex
604 673 650 736 ad
668 672 831 738 eumdem
845 673 884 739 P.
904 674 1050 755 Laynez
1069 674 1209 739 abunde
1223 673 1452 756 significavit,
1474 684 1509 739 et

280 797 386 864 quam
405 782 475 844 alte
490 780 534 845 de
549 780 654 845 rebus
676 781 714 845 P.
738 781 867 862 ignatii
888 783 1046 862 sentiret,
1063 799 1128 846 suo
1150 783 1256 847 modo
1277 783 1421 847 militari
1441 782 1508 846 ele·

277 898 407 970 gauter
420 887 608 969 expressit3
624 899 658 953 et
679 889 721 954 de
740 906 935 971 progressu
955 879 1145 954 Societatis
1165 891 1353 955 certiorem
1373 908 1412 954 se
1431 890 1508 955 fieri

278 1014 419 1078 cupere,
437 1006 475 1061 ut
490 997 550 1079 qui
565 1014 611 1061 ex
626 998 744 1062 animo
760 1016 840 1063 eam
853 996 1034 1079 diligebat,
1051 998 1269 1079 significavit
1284 998 1304 1060 ¹.

341 1103 429 1169 1334.
472 1102 625 1169 Domina
641 1106 748 1170 etiam
769 1104 922 1170 Ducissa
937 1106 1045 1170 scribi
1060 1107 1171 1170 voluit
1190 1106 1287 1170 Patri
1309 1106 1454 1187 Laynez
1469 1122 1508 1169 sc

277 1220 389 1277 totam
404 1210 593 1277 societatis
607 1230 695 1293 csse,
715 1222 749 1277 et
764 1213 839 1294 ejus
859 1213 1082 1278 obedientiae
1101 1213 1308 1294 subiectam,
1326 1213 1383 1278 cui
1399 1213 1507 1278 libere

276 1319 314 1384 Ρ.
331 1319 498 1385 Vicarius
517 1322 707 1401 generaliS,
723 1321 869 1403 perinde
889 1331 996 1403 atque
1011 1322 1090 1386 aliis
1110 1322 1183 1385 suis
1204 1322 1392 1402 religiosis
1410 1322 1506 1403 quid·

276 1427 360 1509 quid
374 1428 411 1492 in
425 1427 579 1493 Domino
595 1429 787 1509 videretur,
804 1430 1013 1511 praecipere
1028 1438 1178 1511 poterat.

338 1536 425 1600 1335.
470 1535 624 1617 Optabat
636 1546 754 1601 autem
765 1552 994 1618 magnopere,
1007 1537 1038 1601 si
1051 1536 1186 1601 Romae
1197 1554 1268 1601 non
1282 1547 1400 1619 posset
1416 1535 1505 1602 Con·

275 1644 439 1724 gregatio
453 1645 633 1725 generalis
647 1654 793 1726 propter
812 1645 958 1709 bellicos
977 1647 1148 1709 tumultus
1163 1645 1299 1724 haberi,
1316 1654 1354 1709 ut
1369 1644 1405 1709 in
1420 1644 1506 1709 Sici·

276 1750 323 1815 lia
343 1751 498 1816 Bibonae
520 1752 721 1833 haberetur,
738 1763 772 1816 et
787 1752 925 1817 Ducem
946 1750 1015 1816 boc
1037 1753 1113 1834 ipso
1135 1752 1309 1815 desiderio
1330 1753 1453 1832 teneri,
1469 1762 1505 1815 et

277 1868 463 1940 utrumque
479 1860 733 1924 inserviturum
752 1876 830 1924 esse
849 1859 1025 1939 Patribus,
1042 1861 1102 1940 qui
1121 1859 1167 1923 ad
1182 1858 1506 1941 Congregationem

275 1966 467 2031 venissent.
491 1968 535 2031 Et
557 1968 626 2031 boc
648 1967 824 2032 desiderio
846 1976 1036 2048 commota,
1056 1977 1094 2031 ut
1116 1969 1210 2050 quod
1231 1969 1406 2049 reliquum
1428 1977 1505 2032 erat

275 2072 427 2139 aedificii
441 2075 478 2139 in
493 2074 652 2156 Collegio
667 2076 858 2140 Bibonensi
874 2075 979 2140 citius
990 2075 1248 2155 absolveretur,
1260 2076 1390 2139 bonam
1402 2090 1506 2157 pecu·

274 2182 356 2246 niae
372 2199 547 2247 summam
562 2200 604 2247 eo
619 2184 724 2248 misit.

336 2289 424 2356 1336.
468 2291 625 2376 Rogavit
644 2300 763 2357 autem
782 2291 820 2356 P.
842 2292 1105 2357 Provincialem
1118 2301 1156 2357 ut
1175 2292 1243 2357 hac
1259 2292 1303 2355 de
1322 2309 1362 2356 re
1376 2292 1504 2356 scribe·

274 2409 340 2481 ret,
354 2410 389 2465 et
405 2400 499 2482 quod
510 2400 587 2481 ipsa
600 2399 770 2464 oflerebat
782 2401 827 2463 ad
843 2399 1141 2481 congregationis
1156 2399 1393 2479 commodum,
1407 2397 1506 2463 Patri

272 2508 421 2573 Vicario
436 2505 665 2588 significaret,
683 2516 717 2571 et
731 2508 761 2571 si
777 2507 1023 2573 admitteretur
1038 2507 1182 2589 oblatio,
1199 2508 1313 2571 eidem
1329 2507 1505 2587 significa·

272 2625 370 2683 retur
385 2626 423 2681 ut
438 2614 694 2709 habitationem
710 2616 894 2698 etreliqua
910 2624 1032 2696 posset
1046 2632 1274 2698 praeparare.

334 2723 422 2789 1337.
466 2723 627 2804 Pro-regi
641 2724 710 2788 hoc
724 2724 839 2804 ipsum
850 2722 956 2788 valde
967 2725 1196 2806 probabatur,
1210 2732 1245 2788 et
1257 2724 1409 2788 addebat
1423 2742 1504 2788 eum

272 2851 310 2898 se
329 2831 452 2897 videre
471 2848 589 2897 rerum
609 2841 742 2895 statum
757 2832 793 2896 in
814 2832 927 2911 ltalia,
943 2843 982 2897 ut
1001 2833 1037 2896 in
1059 2833 1155 2896 nulla
1169 2831 1280 2914 ipsius
1299 2841 1400 2913 parte
1415 2831 1503 2896 Con·

270 2941 520 3022 gregationem
545 2948 705 3004 nostram
727 2941 913 3005 commode
939 2942 1020 3022 cogi
1046 2958 1149 3022 posse
1176 2940 1409 3018 existimaret;
1428 2938 1503 3020 jam

272 3049 366 3114 enim
379 3050 510 3114 bellurn
522 3066 603 3114 cum
618 3047 763 3114 Summo
776 3049 957 3128 Pontifice,
969 3058 1010 3112 ut
1024 3049 1172 3131 ipsemet
1187 3048 1336 3112 Pro-rex
1351 3047 1502 3127 dicebat,

270 3157 316 3223 ad
330 3156 573 3223 defensionem
588 3155 665 3220 Rex
680 3156 862 3238 Philippus
877 3155 1059 3237 suscipere
1075 3165 1221 3220 coactus
1236 3165 1326 3219 erat.

332 3263 419 3329 1338.
466 3263 650 3329 Profectus
664 3272 718 3327 est
738 3273 857 3329 autem
876 3263 1051 3344 vigesima
1072 3272 1174 3327 sexta
1194 3262 1349 3344 Augusti
1364 3263 1401 3328 P.
1419 3262 1503 3327 Pro·

272 3373 436 3437 vincialis
454 3372 500 3436 ad
515 3372 645 3437 Zarum
664 3372 807 3436 hortatu
823 3371 1015 3452 ProregiS,
1032 3369 1134 3450 cujus
1149 3371 1267 3451 neptis
1281 3370 1412 3435 Comiti
1426 3369 1502 3452 ejus

269 3480 389 3562 oppidi
403 3487 584 3562 nupserat,
602 3479 661 3560 qui
681 3479 778 3542 circa
793 3479 828 3543 id
843 3489 983 3560 tempus
1005 3486 1156 3542 mortem
1170 3477 1318 3557 obierat;
1336 3478 1416 3541 inde
1436 3476 1500 3542 Ca·

269 3599 417 3653 tanense
432 3597 467 3652 et
481 3587 747 3668 Syracusanum
763 3586 960 3667 Collegium
975 3586 1196 3650 visitaturus.

330 3695 418 3761 1339.
461 3693 640 3760 Sollicitus
655 3702 732 3758 erat
747 3693 984 3758 Provincialis
996 3693 1200 3774 praedictus
1213 3693 1273 3775 qui
1284 3692 1330 3755 ad
1345 3691 1499 3773 Congrc·

268 3805 449 3884 gationem
468 3804 671 3884 generalem
692 3803 835 3866 venturi
854 3812 967 3865 erant:
984 3817 1048 3866 sex
1063 3800 1220 3864 Prolessi
1234 3809 1386 3882 quatuor
1401 3809 1499 3863 voto-

268 3928 402 3975 rumen
418 3921 576 3992 tempore
597 3910 633 3974 in
654 3909 775 3974 Sicilia
795 3909 1043 3986 versabantur,
1060 3909 1208 3985 scilicet,
1226 3916 1367 3990 praeter
1382 3908 1498 3987 ipsum

266 4018 536 4098 Provincialem,
556 4017 682 4082 Patres
703 4017 834 4097 Minna,
861 4016 1007 4097 Otellus,
1029 4015 1172 4095 Paulus,
1189 4015 1348 4097 Elpidius
1372 4024 1406 4077 et
1426 4013 1498 4078 An·

265 4128 384 4192 tonius
403 4124 578 4191 Vinchius
592 4123 614 4205 ';
630 4126 694 4190 sed
715 4125 822 4205 aliqui
845 4142 968 4189 eorum
987 4132 1061 4188 tam
1083 4134 1185 4188 erant
1206 4121 1400 4187 necessarii
1420 4120 1497 4187 Col·

264 4235 378 4318 legiiS,
394 4235 431 4299 in
446 4235 572 4317 quibus
584 4233 830 4312 versabantur,
843 4241 881 4297 ut
897 4233 979 4298 inde
990 4233 1168 4296 removeri
1180 4232 1256 4296 sine
1271 4230 1376 4311 gravi
1392 4230 1497 4294 detri-

307 4479 316 4515 ί
344 4477 469 4531 Litteras,
477 4479 568 4534 qulbus
577 4477 670 4531 Jonnnl
680 4478 712 4523 de
724 4476 797 4533 Vega
808 4477 942 4522 nuntiatus
953 4483 992 4521 est
1003 4477 1087 4521 obitus
1097 4475 1187 4520 Petris
1197 4473 1293 4530 Ignatii
1302 4475 1383 4519 baben
1394 4475 1418 4518 ln
1435 4473 1498 4517 Car·

266 4556 310 4598 tas
320 4553 354 4596 de
364 4551 420 4596 San
433 4551 552 4606 Ignara,
562 4558 581 4595 t.
592 4561 626 4604 vr,
635 4563 696 4606 pag.
706 4551 754 4604 373ς
764 4551 826 4595 item
836 4550 944 4604 Joannlr
954 4550 986 4595 de
996 4547 1072 4606 Vega
1088 4548 1121 4594 ed
1132 4547 1237 4594 Patrem
1247 4545 1372 4603 Jacobuln
1382 4545 1496 4608 Laynez,

267 4635 327 4730 με.
338 4624 412 4741 412111άι
422 4707 510 4751 snpra,
520 4706 572 4750 pag
590 4695 625 4750 ts,
636 4706 723 4741 annot.
736 4697 756 4739 1.
