3642 5350
365 395 420 462 tto
823 404 951 466 Canon.
972 402 1049 466 Soc.
1074 403 1144 479 Jas.

364 550 562 614 mitteretur
576 551 789 631 postulabat.
806 552 894 617 Cum
909 561 1028 616 autem
1042 551 1088 617 Ρ.
1098 551 1238 631 ignatio
1254 567 1312 617 res
1327 550 1468 631 quidem
1479 550 1580 632 piace

363 665 428 736 ret,
445 656 508 720 scd
523 658 629 722 situm
644 659 680 722 iu
694 658 770 739 ejus
784 668 959 741 potestate
973 676 1044 723 non
1059 668 1152 723 essct
1166 676 1212 723 ex
1225 657 1373 723 Polonia
1396 656 1518 741 [illum]
1540 677 1593 725 re·

362 781 505 843 vocare,
527 781 594 829 nec
616 767 723 830 etiam
748 776 937 848 postquam
961 767 1042 831 inde
1067 768 1242 845 venisset,
1265 774 1390 830 contra
1411 764 1592 831 Pontificis

360 873 580 937 voluntatem
594 872 778 955 Neapolim
793 892 874 938 eum
888 875 1084 953 remittere;
1105 874 1233 938 civitas
1250 872 1485 954 Neapolitana
1506 876 1590 939 scri·

360 979 444 1043 bere
459 980 623 1062 cupiebat
637 980 809 1063 Pontifici,
826 992 865 1046 ut
879 999 961 1046 eum
975 983 1192 1063 impetraret.

351 1172 357 1181 Ι
416 1086 491 1150 940.
534 1086 604 1154 Sed
628 1088 711 1170 quia
735 1090 835 1169 regia
860 1091 960 1154 curia
991 1089 1219 1171 prohibuerat
1246 1091 1283 1155 in
1311 1089 1517 1154 universum
1544 1106 1589 1153 ne

359 1194 521 1259 Pontifici
534 1196 663 1261 civitas
677 1196 864 1276 scriberet,
885 1197 1015 1262 Comiti
1030 1195 1213 1276 Montorii,
1237 1195 1419 1261 Pontificis
1438 1196 1558 1278 nepoti
1579 1195 1588 1229 ¹

357 1301 541 1383 praedicta
556 1304 685 1367 civitas
698 1314 733 1369 et
746 1303 830 1368 Dux
844 1304 974 1369 Montis
989 1305 1119 1369 Leonis
1133 1307 1364 1386 scripserunt,
1379 1314 1416 1368 ut
1431 1321 1512 1369 eum
1528 1304 1588 1368 im·

359 1420 551 1491 petrarent,
578 1421 613 1476 et
634 1411 816 1477 cardinali
840 1414 948 1477 etiam
974 1412 1163 1477 Motulensi
1188 1411 1210 1477 ⁸.
1240 1411 1309 1477 Sed
1333 1421 1368 1476 et
1389 1410 1427 1476 Ρ.
1450 1412 1589 1492 ignatio

359 1518 502 1598 scripsit
520 1520 659 1598 civitas,
684 1528 808 1583 utnon
832 1521 948 1583 solum
967 1519 1012 1583 ad
1028 1519 1348 1600 Quadragesimam
1370 1529 1587 1600 sequentem,

358 1625 420 1689 sed
435 1635 473 1689 ut
487 1623 634 1707 Neapoli
649 1636 820 1708 perpetuo
834 1638 1005 1707 maneret,
1023 1635 1061 1692 ut
1075 1628 1305 1693 concionibus
1327 1636 1361 1691 et
1381 1627 1589 1691 lectionibus
1625 1640 1627 1644 ’

356 1749 482 1796 sacrae
497 1731 703 1815 Scripturae
715 1735 817 1799 daret
832 1751 977 1815 operam
991 1752 998 1813 ;
1014 1736 1198 1815 postulans
1218 1734 1379 1799 eumdem
1400 1732 1437 1796 Ρ.
1456 1732 1587 1798 διιΙιιιε.

356 1856 491 1921 ronem,
509 1857 612 1921 quem
628 1842 724 1905 velut
738 1841 858 1906 tubam
873 1842 1060 1922 Evangelii
1079 1841 1188 1906 fuisse
1208 1842 1244 1905 in
1266 1842 1326 1905 illa
1347 1858 1411 1905 sua
1429 1841 1586 1921 civitate,

357 1956 390 2009 et
406 1947 442 2010 in
456 1948 662 2012 universum
677 1959 712 2013 et
726 1940 935 2031 ¹singillatim
951 1948 1113 2014 omuibus
1127 1960 1334 2031 pergratum
1350 1947 1548 2013 affirmabat
1562 1946 1585 2008 ⁸.

416 2053 487 2119 941.
531 2055 625 2120 Nihil
640 2065 759 2120 tamen
774 2076 795 2121 a
811 2055 959 2123 Summo
975 2056 1144 2123 Pontifice
1156 2056 1382 2123 obtinuerunt
1394 2056 1461 2120 hac
1473 2064 1585 2121 aesta·

358 2171 404 2240 te,
426 2178 507 2227 cum
526 2161 693 2227 Summus
713 2163 877 2229 Pontifex
892 2165 1076 2229 statuisset
1095 2181 1176 2228 cum
1191 2163 1372 2229 Cardinali
1386 2164 1585 2244 Motulensi,

356 2268 402 2333 ad
416 2268 551 2351 Regem
566 2270 767 2351 Philippum
781 2271 930 2352 Legato,
949 2269 1054 2353 [eum]
1075 2272 1225 2336 mittere.

417 2376 488 2441 942.
533 2377 658 2442 Plures
686 2395 793 2459 quam
821 2379 966 2460 de'cem,
994 2389 1136 2461 praeter
1165 2396 1226 2443 eos
1250 2378 1310 2460 qui
1335 2376 1408 2457 jam
1433 2379 1585 2469 ingressi
1648 2418 1652 2425 -

356 2494 469 2565 erant,
485 2485 521 2549 in
536 2484 749 2551 Societatem
764 2485 902 2551 admitti
918 2488 1031 2568 primo
1046 2503 1131 2551 vere
1150 2486 1396 2567 postulabant;
1420 2485 1483 2551 sed
1500 2502 1584 2567 pau·

355 2593 455 2657 latim
470 2593 722 2676 probabantur,
740 2612 806 2658 nec
821 2596 942 2659 statim
957 2611 1080 2659 omues
1095 2594 1381 2659 admittebantur.

412 2700 484 2764 943.
527 2702 623 2766 inter
637 2704 727 2766 alios
739 2704 935 2768 monachus
949 2703 1093 2784 quidam
1105 2701 1238 2766 ordinis
1252 2700 1312 2766 stt
1331 2701 1524 2781 Benedicti,
1539 2720 1584 2767 ex

354 2809 571 2873 monasterio
587 2810 720 2890 insigni
734 2809 866 2875 Montis
879 2809 1026 2889 Serrati,
1043 2827 1088 2874 ex
1103 2808 1277 2890 Hispania
1294 2808 1339 2872 ad
1360 2809 1427 2874 hoc
1446 2819 1584 2874 tantum

353 2925 513 2996 venerat,
527 2917 611 2981 utin
626 2916 840 2982 Societatem
850 2917 1108 2998 ingrederetur,
1121 2927 1156 2982 et
1168 2935 1189 2981 a
1200 2934 1265 2981 suo
1276 2915 1466 2998 Superiore
1477 2933 1584 2998 gene·

353 3024 419 3087 raii
433 3023 638 3089 facultatem
654 3024 699 3088 ad
713 3026 749 3089 id
763 3035 963 3107 acceperat,
980 3035 1015 3090 et
1028 3026 1166 3090 litteras
1184 3024 1328 3090 Domini
1348 3023 1555 3090 Marchinae
1571 3023 1584 3092 f

355 3131 661 3196 commendatitias
676 3133 804 3198 adhoc
824 3135 941 3216 ipsum
963 3131 1109 3198 serebat.
1131 3133 1200 3197 Vir
1219 3133 1349 3213 alioqui
1366 3131 1499 3213 judicio
1521 3139 1582 3198 va'-

354 3239 479 3302 lenset
494 3239 621 3304 litteris
637 3241 809 3323 excultus,
826 3242 889 3306 sed
900 3239 1005 3306 facile
1020 3249 1115 3321 erat,
1133 3240 1344 3322 opponendo
1365 3241 1433 3322 ipsi
1448 3238 1583 3305 Consti·

352 3345 505 3410 tutioues
519 3342 541 3424 ⁸,
559 3364 580 3410 a
596 3346 774 3412 Societate
789 3366 925 3430 arcere,
942 3357 980 3414 ut
994 3348 1129 3413 iactum
1144 3358 1197 3414 est
1211 3345 1234 3410 ⁸.

353 3503 565 3516 ———--

395 3587 405 3619 ¹
433 3586 500 3631 Vide
510 3597 599 3643 snpra.
609 3594 628 3633 t.
638 3603 664 3642 v,
673 3601 733 3646 pag.
743 3589 779 3644 at,
789 3601 814 3635 n.
823 3589 858 3635 ³8.

392 3658 404 3690 ⁸
433 3658 794 3716 vltesuprapapmnmo.

389 3730 402 3764 ⁸
427 3729 523 3786 ignatii
533 3742 684 3788 responsum
694 3735 727 3778 ed
738 3733 844 3779 Eiectos
853 3736 910 3780 nrbi
922 3735 1044 3791 Neapolis
1054 3735 1134 3779 hebes
1145 3737 1170 3780 iu
1180 3734 1276 3781 Certos
1283 3735 1316 3781 rte
1325 3735 1380 3780 Son
1390 3735 1507 3790 ignauo,
1515 3742 1534 3781 t.
1544 3747 1581 3790 vr,

354 3813 415 3858 pne.
427 3803 473 3850 179.

390 3876 402 3909 ⁴
429 3876 512 3930 Hunc,
523 3878 606 3933 culus,
614 3883 643 3922 ut
651 3878 711 3933 virl,
717 3880 773 3935 jam
781 3880 922 3924 lectoribus
929 3877 1201 3934 coguitimentlonern
1209 3880 1344 3936 hicinlicit
1352 3881 1490 3932 Polemone.
1497 3883 1584 3927 existi·

352 3959 451 3992 mamus
461 3950 534 3994 illum
543 3962 610 4007 esse,
619 3953 651 3995 de
666 3964 716 4008 quo
731 3953 757 3996 in
774 3951 896 3996 Litterae
910 3952 1141 4006 Quadrtmestres,
1155 3958 1174 3997 t.
1185 3963 1203 4008 1,
1214 3963 1274 4008 pag.
1283 3953 1320 4007 ³7,
1335 3959 1415 3998 annot
1424 3953 1506 3999 a-Nt
1516 3956 1583 3999 iorte

349 4021 393 4064 iiie
403 4020 438 4064 elt
449 4021 543 4067 Petrus
557 4023 700 4078 iterumne.
716 4024 874 4068 conchensis
884 4025 1032 4078 canonicus,
1044 4025 1137 4080 dequo
1152 4036 1241 4081 supra,
1256 4031 1274 4069 t.
1287 4037 1322 4079 re,
1334 4036 1394 4081 pag.
1402 4025 1451 4081 tat,
1464 4033 1550 4072 annot.
1560 4027 1582 4082 3,

352 4098 378 4134 ct
390 4097 411 4137 t.
420 4104 444 4143 v,
455 4103 516 4148 pag.
528 4094 578 4146 tto,
589 4103 678 4139 annot.
686 4096 709 4138 3.

393 4163 406 4195 ⁸
434 4163 519 4207 Const.
531 4165 586 4211 Soc.
596 4167 674 4221 Jesu,
683 4167 778 4211 Exam.
787 4179 855 4221 gen..
866 4179 924 4221 cap.
935 4179 961 4222 u,
972 4167 985 4222 ξ
995 4169 1018 4211 3.

389 4231 403 4266 ⁸
430 4234 612 4290 Reprehensos
623 4244 709 4283 temen
720 4240 769 4284 init
783 4239 970 4294 Neapolitanus
986 4240 1092 4294 Rector,
1108 4242 1175 4298 quod
1191 4243 1263 4286 illurn
1279 4242 1390 4287 fratrem
1405 4253 1455 4287 uon
1468 4253 1585 4298 praemo-

349 4310 449 4350 nuerat.
464 4307 543 4359 “Quel
553 4308 633 4353 Frate
644 4310 669 4353 di
684 4309 847 4355 Monserrato
863 4311 972 4356 ‹loveria
989 4312 1072 4356 hever
1087 4313 1169 4358 iuteso
1180 4313 1213 4356 de
1225 4312 1258 4358 V.
1275 4312 1307 4357 R.
1318 4314 1366 4358 che
1382 4314 1409 4358 in
1424 4314 1583 4370 campagnia

349 4384 441 4422 nostre
449 4389 500 4423 non
509 4386 614 4426 eccetta
622 4380 701 4426 Frate
711 4383 824 4438 nissum,
835 4393 929 4426 ecome
941 4387 954 4427 e
965 4389 1061 4428 venato
1072 4395 1087 4428 e
1098 4393 1182 4439 poste,
1191 4387 1246 4430 cosi
1256 4397 1284 4429 ee
1296 4397 1327 4430 ne
1335 4389 1413 4440 potet
1423 4392 1529 4432 tornare
1535 4398 1584 4442 per

349 4451 367 4494 ii
377 4461 424 4495 suo
434 4452 591 4497 monaterio
599 4464 615 4497 o
624 4454 693 4498 altro
702 4455 729 4498 dl
739 4465 786 4498 sua
795 4454 929 4509 religione,
937 4457 1082 4510 reputando
1090 4466 1173 4510 greve
1182 4459 1326 4502 centurione
1336 4459 1362 4503 le
1372 4460 1410 4504 tel
1418 4460 1504 4504 nocito
1513 4471 1581 4515 oua,

348 4521 484 4576 Polencus,
496 4534 531 4566 eto
539 4535 615 4578 com„
625 4523 698 4570 Petri
709 4525 897 4581 christophoro
907 4527 939 4571 de
949 4525 1080 4580 Mendoee,
1089 4529 1127 4571 8.·
1134 4527 1351 4576 Martii-“Circe
1360 4529 1414 4575 Fra
1422 4531 1542 4586 Gaepere
1552 4533 1578 4578 di

348 4591 471 4638 unumne
480 4595 559 4640 credo
567 4607 618 4640 nou
629 4601 765 4652 aspectare
774 4597 808 4642 V.
818 4597 849 4642 R.
859 4598 973 4654 rieposta
984 4609 1080 4655 nuovo,
1089 4601 1181 4655 poiche
1191 4606 1350 4655 conoscere
1365 4608 1439 4648 tento
1449 4604 1493 4659 plu
1510 4604 1579 4650 chle-

349 4671 466 4714 rameute
476 4677 547 4715 mer
555 4670 697 4716 tentatione
707 4679 790 4724 greve
800 4670 887 4726 quella
896 4669 944 4714 che
953 4680 1036 4718 mosee
1048 4683 1064 4718 a
1074 4671 1146 4720 detto
1156 4672 1240 4720 Perire
1252 4675 1387 4722 elesclare
1395 4675 1411 4719 i'
1420 4673 1510 4722 ordine
1520 4687 1577 4734 tuo,
