<?xml version="1.0" encoding="UTF-8"?>
<!DOCTYPE html PUBLIC "-//W3C//DTD XHTML 1.0 Transitional//EN"
    "http://www.w3.org/TR/xhtml1/DTD/xhtml1-transitional.dtd">
<html xmlns="http://www.w3.org/1999/xhtml" xml:lang="en" lang="en">
 <head>
  <title>
</title>
<meta http-equiv="Content-Type" content="text/html;charset=utf-8" />
  <meta name='ocr-system' content='tesseract 3.04.00' />
  <meta name='ocr-capabilities' content='ocr_page ocr_carea ocr_par ocr_line ocrx_word'/>
</head>
<body>
  <div class='ocr_page' id='page_1' title='image "./vitaignatiiloio00polagoog_0109.png"; bbox 0 0 3642 5350; ppageno 0'>
   <div class='ocr_carea' id='block_1_1' title="bbox 808 433 1495 494">
    <p class='ocr_par' dir='ltr' id='par_1_1' title="bbox 808 433 1495 494">
     <span class='ocr_line' id='line_1_1' title="bbox 808 433 1495 494; baseline 0 -1"><span class='ocrx_word' id='word_1_1' title='bbox 808 434 869 494; x_wconf 86' lang='grc' dir='ltr'>Αιι.</span> <span class='ocrx_word' id='word_1_2' title='bbox 891 433 961 494; x_wconf 81' lang='grc'><strong>1506</strong></span> <span class='ocrx_word' id='word_1_3' title='bbox 1441 433 1495 493; x_wconf 81' lang='grc'>103</span> 
     </span>
    </p>
   </div>
   <div class='ocr_carea' id='block_1_2' title="bbox 261 578 1494 2275">
    <p class='ocr_par' dir='ltr' id='par_1_2' title="bbox 262 578 1494 1948">
     <span class='ocr_line' id='line_1_2' title="bbox 326 578 1490 659; baseline 0 -16"><span class='ocrx_word' id='word_1_4' title='bbox 326 580 398 643; x_wconf 87' lang='grc'>356.</span> <span class='ocrx_word' id='word_1_5' title='bbox 441 578 531 644; x_wconf 91' lang='lat' dir='ltr'>Cum</span> <span class='ocrx_word' id='word_1_6' title='bbox 545 596 617 643; x_wconf 88' lang='lat' dir='ltr'>non</span> <span class='ocrx_word' id='word_1_7' title='bbox 632 580 803 643; x_wconf 85' lang='lat' dir='ltr'>habeatur</span> <span class='ocrx_word' id='word_1_8' title='bbox 817 579 969 643; x_wconf 90' lang='lat' dir='ltr'>salubris</span> <span class='ocrx_word' id='word_1_9' title='bbox 981 586 1042 643; x_wconf 74' lang='lat' dir='ltr'>aer</span> <span class='ocrx_word' id='word_1_10' title='bbox 1057 579 1280 643; x_wconf 87' lang='lat' dir='ltr'>Lauretanus</span> <span class='ocrx_word' id='word_1_11' title='bbox 1291 581 1328 645; x_wconf 91' lang='lat' dir='ltr'>in</span> <span class='ocrx_word' id='word_1_12' title='bbox 1342 586 1490 659; x_wconf 81' lang='lat' dir='ltr'>aestate,</span> 
     </span>
     <span class='ocr_line' id='line_1_3' title="bbox 267 685 1493 768; baseline -0.002 -16"><span class='ocrx_word' id='word_1_13' title='bbox 267 688 438 768; x_wconf 90' lang='lat' dir='ltr'>scriptum</span> <span class='ocrx_word' id='word_1_14' title='bbox 449 686 769 752; x_wconf 82' lang='lat' dir='ltr'>iueratnomineP.</span> <span class='ocrx_word' id='word_1_15' title='bbox 784 686 913 766; x_wconf 87' lang='lat' dir='ltr'>Ignatii</span> <span class='ocrx_word' id='word_1_16' title='bbox 932 697 970 751; x_wconf 92' lang='lat' dir='ltr'>ut</span> <span class='ocrx_word' id='word_1_17' title='bbox 983 687 1078 768; x_wconf 93' lang='lat' dir='ltr'>apud</span> <span class='ocrx_word' id='word_1_18' title='bbox 1091 685 1309 766; x_wconf 89' lang='lat' dir='ltr'>Recinatem,</span> <span class='ocrx_word' id='word_1_19' title='bbox 1325 688 1384 751; x_wconf 86' lang='lat' dir='ltr'>vel</span> <span class='ocrx_word' id='word_1_20' title='bbox 1397 687 1493 750; x_wconf 92' lang='lat' dir='ltr'>Mon·</span> 
     </span>
     <span class='ocr_line' id='line_1_4' title="bbox 266 793 1494 875; baseline 0 -18"><span class='ocrx_word' id='word_1_21' title='bbox 266 802 337 858; x_wconf 89' lang='lat' dir='ltr'>tem</span> <span class='ocrx_word' id='word_1_22' title='bbox 352 793 522 859; x_wconf 87' lang='lat' dir='ltr'>Sanctum</span> <span class='ocrx_word' id='word_1_23' title='bbox 536 804 596 859; x_wconf 92' lang='lat' dir='ltr'>aut</span> <span class='ocrx_word' id='word_1_24' title='bbox 611 794 801 875; x_wconf 87' lang='lat' dir='ltr'>Cingulum</span> <span class='ocrx_word' id='word_1_25' title='bbox 816 795 1004 874; x_wconf 82' lang='lat' dir='ltr'>collegium</span> <span class='ocrx_word' id='word_1_26' title='bbox 1015 794 1158 874; x_wconf 86' lang='lat' dir='ltr'>aliquod</span> <span class='ocrx_word' id='word_1_27' title='bbox 1167 794 1323 858; x_wconf 88' lang='lat' dir='ltr'>Laureto</span> <span class='ocrx_word' id='word_1_28' title='bbox 1336 794 1494 858; x_wconf 85' lang='lat' dir='ltr'>vicinum</span> 
     </span>
     <span class='ocr_line' id='line_1_5' title="bbox 267 901 1493 981; baseline 0 -16"><span class='ocrx_word' id='word_1_29' title='bbox 267 901 504 981; x_wconf 83' lang='lat' dir='ltr'>admitterent,</span> <span class='ocrx_word' id='word_1_30' title='bbox 519 912 562 965; x_wconf 91' lang='lat' dir='ltr'>ut</span> <span class='ocrx_word' id='word_1_31' title='bbox 578 902 691 965; x_wconf 88' lang='lat' dir='ltr'>nostri</span> <span class='ocrx_word' id='word_1_32' title='bbox 712 902 857 965; x_wconf 88' lang='lat' dir='ltr'>aestatis</span> <span class='ocrx_word' id='word_1_33' title='bbox 877 912 1036 981; x_wconf 90' lang='lat' dir='ltr'>tempore</span> <span class='ocrx_word' id='word_1_34' title='bbox 1055 918 1099 964; x_wconf 90' lang='lat' dir='ltr'>eo</span> <span class='ocrx_word' id='word_1_35' title='bbox 1117 902 1410 981; x_wconf 77' lang='lat' dir='ltr'>commigrarent3</span> <span class='ocrx_word' id='word_1_36' title='bbox 1430 901 1493 965; x_wconf 91' lang='lat' dir='ltr'>sed</span> 
     </span>
     <span class='ocr_line' id='line_1_6' title="bbox 265 1007 1493 1089; baseline -0.001 -17"><span class='ocrx_word' id='word_1_37' title='bbox 265 1007 302 1072; x_wconf 92' lang='lat' dir='ltr'>id</span> <span class='ocrx_word' id='word_1_38' title='bbox 315 1008 392 1073; x_wconf 90' lang='lat' dir='ltr'>fieri</span> <span class='ocrx_word' id='word_1_39' title='bbox 407 1026 477 1071; x_wconf 91' lang='lat' dir='ltr'>non</span> <span class='ocrx_word' id='word_1_40' title='bbox 492 1009 604 1089; x_wconf 89' lang='lat' dir='ltr'>potuit</span> <span class='ocrx_word' id='word_1_41' title='bbox 620 1008 785 1089; x_wconf 86' lang='lat' dir='ltr'>expensis</span> <span class='ocrx_word' id='word_1_42' title='bbox 799 1007 949 1088; x_wconf 84' lang='lat' dir='ltr'>Collegii</span> <span class='ocrx_word' id='word_1_43' title='bbox 966 1007 1170 1087; x_wconf 87' lang='lat' dir='ltr'>Lauretani,</span> <span class='ocrx_word' id='word_1_44' title='bbox 1193 1008 1275 1089; x_wconf 94' lang='lat' dir='ltr'>quia</span> <span class='ocrx_word' id='word_1_45' title='bbox 1294 1026 1366 1071; x_wconf 90' lang='lat' dir='ltr'>non</span> <span class='ocrx_word' id='word_1_46' title='bbox 1384 1008 1420 1071; x_wconf 90' lang='lat' dir='ltr'>in</span> <span class='ocrx_word' id='word_1_47' title='bbox 1435 1026 1493 1089; x_wconf 91' lang='lat' dir='ltr'>pe·</span> 
     </span>
     <span class='ocr_line' id='line_1_7' title="bbox 266 1115 1489 1197; baseline -0.001 -17"><span class='ocrx_word' id='word_1_48' title='bbox 266 1116 371 1180; x_wconf 89' lang='lat' dir='ltr'>cunia</span> <span class='ocrx_word' id='word_1_49' title='bbox 384 1116 519 1180; x_wconf 89' lang='lat' dir='ltr'>reditus</span> <span class='ocrx_word' id='word_1_50' title='bbox 530 1115 718 1195; x_wconf 88' lang='lat' dir='ltr'>habebant,</span> <span class='ocrx_word' id='word_1_51' title='bbox 734 1115 844 1182; x_wconf 86' lang='lat' dir='ltr'>sedin</span> <span class='ocrx_word' id='word_1_52' title='bbox 858 1115 964 1179; x_wconf 90' lang='lat' dir='ltr'>rebus</span> <span class='ocrx_word' id='word_1_53' title='bbox 976 1116 1021 1179; x_wconf 90' lang='lat' dir='ltr'>ad</span> <span class='ocrx_word' id='word_1_54' title='bbox 1033 1132 1136 1182; x_wconf 92' lang='lat' dir='ltr'>usum</span> <span class='ocrx_word' id='word_1_55' title='bbox 1150 1115 1373 1195; x_wconf 88' lang='lat' dir='ltr'>necessariis,</span> <span class='ocrx_word' id='word_1_56' title='bbox 1385 1132 1489 1197; x_wconf 91' lang='lat' dir='ltr'>pane,</span> 
     </span>
     <span class='ocr_line' id='line_1_8' title="bbox 265 1222 1491 1304; baseline -0.001 -15"><span class='ocrx_word' id='word_1_57' title='bbox 265 1222 412 1304; x_wconf 83' lang='lat' dir='ltr'>scilicet,</span> <span class='ocrx_word' id='word_1_58' title='bbox 433 1223 652 1303; x_wconf 77' lang='lat' dir='ltr'>vino,lign15</span> <span class='ocrx_word' id='word_1_59' title='bbox 670 1232 705 1286; x_wconf 91' lang='lat' dir='ltr'>et</span> <span class='ocrx_word' id='word_1_60' title='bbox 726 1222 937 1303; x_wconf 88' lang='lat' dir='ltr'>hujusmodi,</span> <span class='ocrx_word' id='word_1_61' title='bbox 959 1232 993 1286; x_wconf 90' lang='lat' dir='ltr'>et</span> <span class='ocrx_word' id='word_1_62' title='bbox 1013 1223 1062 1286; x_wconf 87' lang='lat' dir='ltr'>ita</span> <span class='ocrx_word' id='word_1_63' title='bbox 1081 1224 1219 1304; x_wconf 85' lang='lat' dir='ltr'>experti</span> <span class='ocrx_word' id='word_1_64' title='bbox 1236 1223 1377 1287; x_wconf 84' lang='lat' dir='ltr'>fuerant</span> <span class='ocrx_word' id='word_1_65' title='bbox 1397 1241 1491 1288; x_wconf 91' lang='lat' dir='ltr'>anno</span> 
     </span>
     <span class='ocr_line' id='line_1_9' title="bbox 264 1328 1492 1412; baseline -0.001 -16"><span class='ocrx_word' id='word_1_66' title='bbox 264 1331 492 1412; x_wconf 89' lang='lat' dir='ltr'>praecedenti</span> <span class='ocrx_word' id='word_1_67' title='bbox 507 1329 710 1412; x_wconf 87' lang='lat' dir='ltr'>perdifficile</span> <span class='ocrx_word' id='word_1_68' title='bbox 729 1328 937 1395; x_wconf 90' lang='lat' dir='ltr'>Recinatem</span> <span class='ocrx_word' id='word_1_69' title='bbox 951 1330 1041 1395; x_wconf 91' lang='lat' dir='ltr'>haec</span> <span class='ocrx_word' id='word_1_70' title='bbox 1056 1346 1162 1410; x_wconf 91' lang='lat' dir='ltr'>posse</span> <span class='ocrx_word' id='word_1_71' title='bbox 1178 1330 1370 1410; x_wconf 90' lang='lat' dir='ltr'>deportari;</span> <span class='ocrx_word' id='word_1_72' title='bbox 1391 1339 1437 1410; x_wconf 89' lang='lat' dir='ltr'>et,</span> <span class='ocrx_word' id='word_1_73' title='bbox 1460 1332 1492 1395; x_wconf 93' lang='lat' dir='ltr'>si</span> 
     </span>
     <span class='ocr_line' id='line_1_10' title="bbox 263 1426 1490 1519; baseline 0.001 -18"><span class='ocrx_word' id='word_1_74' title='bbox 263 1439 404 1519; x_wconf 84' lang='lat' dir='ltr'>longius</span> <span class='ocrx_word' id='word_1_75' title='bbox 418 1447 536 1501; x_wconf 87' lang='lat' dir='ltr'>essent</span> <span class='ocrx_word' id='word_1_76' title='bbox 555 1436 786 1519; x_wconf 89' lang='lat' dir='ltr'>deportanda,</span> <span class='ocrx_word' id='word_1_77' title='bbox 810 1436 997 1500; x_wconf 89' lang='lat' dir='ltr'>difficultas</span> <span class='ocrx_word' id='word_1_78' title='bbox 1016 1426 1213 1517; x_wconf 89' lang='lat' dir='ltr'>crescebat;</span> <span class='ocrx_word' id='word_1_79' title='bbox 1234 1445 1269 1501; x_wconf 89' lang='lat' dir='ltr'>et</span> <span class='ocrx_word' id='word_1_80' title='bbox 1288 1437 1339 1500; x_wconf 90' lang='lat' dir='ltr'>ita</span> <span class='ocrx_word' id='word_1_81' title='bbox 1354 1436 1490 1502; x_wconf 91' lang='lat' dir='ltr'>Guber-</span> 
     </span>
     <span class='ocr_line' id='line_1_11' title="bbox 263 1542 1489 1626; baseline -0.002 -15"><span class='ocrx_word' id='word_1_82' title='bbox 263 1555 369 1611; x_wconf 88' lang='lat' dir='ltr'>nator</span> <span class='ocrx_word' id='word_1_83' title='bbox 388 1546 527 1610; x_wconf 90' lang='lat' dir='ltr'>dicebat</span> <span class='ocrx_word' id='word_1_84' title='bbox 546 1562 584 1608; x_wconf 91' lang='lat' dir='ltr'>se</span> <span class='ocrx_word' id='word_1_85' title='bbox 604 1544 867 1608; x_wconf 88' lang='lat' dir='ltr'>Maceratenses</span> <span class='ocrx_word' id='word_1_86' title='bbox 890 1546 1136 1624; x_wconf 82' lang='lat' dir='ltr'>allocuturum,</span> <span class='ocrx_word' id='word_1_87' title='bbox 1159 1542 1243 1626; x_wconf 92' lang='lat' dir='ltr'>[qui]</span> <span class='ocrx_word' id='word_1_88' title='bbox 1265 1544 1309 1609; x_wconf 94' lang='lat' dir='ltr'>de</span> <span class='ocrx_word' id='word_1_89' title='bbox 1338 1546 1489 1625; x_wconf 87' lang='lat' dir='ltr'>collegio</span> 
     </span>
     <span class='ocr_line' id='line_1_12' title="bbox 262 1650 1491 1735; baseline -0.001 -18"><span class='ocrx_word' id='word_1_90' title='bbox 262 1652 337 1735; x_wconf 89' lang='lat' dir='ltr'>jam</span> <span class='ocrx_word' id='word_1_91' title='bbox 352 1652 433 1717; x_wconf 89' lang='lat' dir='ltr'>inde</span> <span class='ocrx_word' id='word_1_92' title='bbox 449 1654 494 1717; x_wconf 89' lang='lat' dir='ltr'>ab</span> <span class='ocrx_word' id='word_1_93' title='bbox 505 1653 605 1717; x_wconf 89' lang='lat' dir='ltr'>initio</span> <span class='ocrx_word' id='word_1_94' title='bbox 620 1650 723 1732; x_wconf 85' lang='lat' dir='ltr'>hujus</span> <span class='ocrx_word' id='word_1_95' title='bbox 738 1652 823 1715; x_wconf 92' lang='lat' dir='ltr'>anni</span> <span class='ocrx_word' id='word_1_96' title='bbox 837 1668 947 1731; x_wconf 87' lang='lat' dir='ltr'>agere</span> <span class='ocrx_word' id='word_1_97' title='bbox 962 1660 1153 1732; x_wconf 88' lang='lat' dir='ltr'>coeperant</span> <span class='ocrx_word' id='word_1_98' title='bbox 1170 1650 1190 1731; x_wconf 88' lang='lat'>¹;</span> <span class='ocrx_word' id='word_1_99' title='bbox 1207 1652 1347 1716; x_wconf 89' lang='lat' dir='ltr'>interim</span> <span class='ocrx_word' id='word_1_100' title='bbox 1358 1652 1394 1715; x_wconf 92' lang='lat' dir='ltr'>in</span> <span class='ocrx_word' id='word_1_101' title='bbox 1405 1653 1491 1716; x_wconf 89' lang='lat' dir='ltr'>villa</span> 
     </span>
     <span class='ocr_line' id='line_1_13' title="bbox 263 1758 1490 1841; baseline -0.002 -17"><span class='ocrx_word' id='word_1_102' title='bbox 263 1761 417 1841; x_wconf 90' lang='lat' dir='ltr'>quadam</span> <span class='ocrx_word' id='word_1_103' title='bbox 441 1760 560 1841; x_wconf 90' lang='lat' dir='ltr'>(quarn</span> <span class='ocrx_word' id='word_1_104' title='bbox 583 1758 807 1840; x_wconf 82' lang='lat' dir='ltr'>Morlongum</span> <span class='ocrx_word' id='word_1_105' title='bbox 828 1759 971 1838; x_wconf 89' lang='lat' dir='ltr'>vocant)</span> <span class='ocrx_word' id='word_1_106' title='bbox 992 1758 1052 1822; x_wconf 93' lang='lat' dir='ltr'>ubi</span> <span class='ocrx_word' id='word_1_107' title='bbox 1066 1766 1127 1823; x_wconf 76' lang='lat' dir='ltr'>aer</span> <span class='ocrx_word' id='word_1_108' title='bbox 1144 1758 1317 1823; x_wconf 87' lang='lat' dir='ltr'>salubrior</span> <span class='ocrx_word' id='word_1_109' title='bbox 1339 1759 1490 1823; x_wconf 90' lang='lat' dir='ltr'>habeba·</span> 
     </span>
     <span class='ocr_line' id='line_1_14' title="bbox 263 1866 1183 1948; baseline -0.002 -17"><span class='ocrx_word' id='word_1_110' title='bbox 263 1876 331 1946; x_wconf 89' lang='lat' dir='ltr'>tur,</span> <span class='ocrx_word' id='word_1_111' title='bbox 349 1867 458 1948; x_wconf 87' lang='lat' dir='ltr'>aliqui</span> <span class='ocrx_word' id='word_1_112' title='bbox 472 1884 517 1931; x_wconf 86' lang='lat' dir='ltr'>ex</span> <span class='ocrx_word' id='word_1_113' title='bbox 532 1866 664 1931; x_wconf 88' lang='lat' dir='ltr'>nostris</span> <span class='ocrx_word' id='word_1_114' title='bbox 680 1867 772 1930; x_wconf 89' lang='lat' dir='ltr'>hanc</span> <span class='ocrx_word' id='word_1_115' title='bbox 788 1874 962 1931; x_wconf 88' lang='lat' dir='ltr'>aestatem</span> <span class='ocrx_word' id='word_1_116' title='bbox 976 1876 1183 1946; x_wconf 85' lang='lat' dir='ltr'>exegerunt.</span> 
     </span>
    </p>

    <p class='ocr_par' dir='ltr' id='par_1_3' title="bbox 261 1972 1489 2275">
     <span class='ocr_line' id='line_1_15' title="bbox 320 1972 1489 2054; baseline 0.001 -17"><span class='ocrx_word' id='word_1_117' title='bbox 320 1974 392 2039; x_wconf 81' lang='lat'><strong>357.</strong></span> <span class='ocrx_word' id='word_1_118' title='bbox 435 1972 685 2053; x_wconf 83' lang='lat' dir='ltr'>Migrationem</span> <span class='ocrx_word' id='word_1_119' title='bbox 698 1973 737 2039; x_wconf 88' lang='lat' dir='ltr'>P.</span> <span class='ocrx_word' id='word_1_120' title='bbox 758 1972 887 2053; x_wconf 85' lang='lat' dir='ltr'>ignatii</span> <span class='ocrx_word' id='word_1_121' title='bbox 901 1973 1013 2037; x_wconf 92' lang='lat' dir='ltr'>nostri</span> <span class='ocrx_word' id='word_1_122' title='bbox 1027 1973 1168 2054; x_wconf 88' lang='lat' dir='ltr'>quidem</span> <span class='ocrx_word' id='word_1_123' title='bbox 1183 1989 1297 2054; x_wconf 89' lang='lat' dir='ltr'>aequo</span> <span class='ocrx_word' id='word_1_124' title='bbox 1319 1975 1438 2039; x_wconf 89' lang='lat' dir='ltr'>animo</span> <span class='ocrx_word' id='word_1_125' title='bbox 1454 1982 1489 2038; x_wconf 91' lang='lat' dir='ltr'>et</span> 
     </span>
     <span class='ocr_line' id='line_1_16' title="bbox 262 2080 1489 2161; baseline -0.001 -15"><span class='ocrx_word' id='word_1_126' title='bbox 262 2082 405 2146; x_wconf 87' lang='lat' dir='ltr'>divinae</span> <span class='ocrx_word' id='word_1_127' title='bbox 419 2082 595 2146; x_wconf 88' lang='lat' dir='ltr'>voluntati</span> <span class='ocrx_word' id='word_1_128' title='bbox 611 2080 812 2145; x_wconf 83' lang='lat' dir='ltr'>conformes</span> <span class='ocrx_word' id='word_1_129' title='bbox 826 2082 992 2159; x_wconf 86' lang='lat' dir='ltr'>tulerunt,</span> <span class='ocrx_word' id='word_1_130' title='bbox 1009 2080 1072 2145; x_wconf 92' lang='lat' dir='ltr'>sed</span> <span class='ocrx_word' id='word_1_131' title='bbox 1086 2080 1310 2145; x_wconf 88' lang='lat' dir='ltr'>Gubernator</span> <span class='ocrx_word' id='word_1_132' title='bbox 1329 2082 1489 2161; x_wconf 84' lang='lat' dir='ltr'>graviter</span> 
     </span>
     <span class='ocr_line' id='line_1_17' title="bbox 261 2163 1489 2275; baseline -0.001 -22"><span class='ocrx_word' id='word_1_133' title='bbox 261 2206 301 2253; x_wconf 92' lang='lat' dir='ltr'>se</span> <span class='ocrx_word' id='word_1_134' title='bbox 316 2190 412 2255; x_wconf 90' lang='lat' dir='ltr'>illam</span> <span class='ocrx_word' id='word_1_135' title='bbox 427 2188 581 2253; x_wconf 89' lang='lat' dir='ltr'>sensisse</span> <span class='ocrx_word' id='word_1_136' title='bbox 595 2186 813 2275; x_wconf 78' lang='lat' dir='ltr'>significavit</span> <span class='ocrx_word' id='word_1_137' title='bbox 827 2197 862 2251; x_wconf 93' lang='lat' dir='ltr'>et</span> <span class='ocrx_word' id='word_1_138' title='bbox 877 2188 914 2251; x_wconf 87' lang='lat' dir='ltr'>in</span> <span class='ocrx_word' id='word_1_139' title='bbox 929 2188 1038 2251; x_wconf 89' lang='lat' dir='ltr'>filium</span> <span class='ocrx_word' id='word_1_140' title='bbox 1060 2186 1098 2250; x_wconf 93' lang='lat' dir='ltr'>P.</span> <span class='ocrx_word' id='word_1_141' title='bbox 1115 2187 1262 2253; x_wconf 89' lang='lat' dir='ltr'>Vicario</span> <span class='ocrx_word' id='word_1_142' title='bbox 1278 2163 1431 2253; x_wconf 71' lang='lat' dir='ltr'>officio&#39;se</span> <span class='ocrx_word' id='word_1_143' title='bbox 1450 2205 1489 2252; x_wconf 89' lang='lat' dir='ltr'>se</span> 
     </span>
    </p>
   </div>
   <div class='ocr_carea' id='block_1_3' title="bbox 135 2296 397 2361">
    <p class='ocr_par' dir='ltr' id='par_1_4' title="bbox 135 2296 397 2361">
     <span class='ocr_line' id='line_1_18' title="bbox 135 2296 397 2361; baseline -0.011 -1"><span class='ocrx_word' id='word_1_144' title='bbox 135 2308 144 2330; x_wconf 92' lang='grc'><em>·</em></span> <span class='ocrx_word' id='word_1_145' title='bbox 262 2296 397 2361; x_wconf 91' lang='lat' dir='ltr'>obtulit.</span> 
     </span>
    </p>
   </div>
   <div class='ocr_carea' id='block_1_4' title="bbox 251 2402 1489 4204">
    <p class='ocr_par' dir='ltr' id='par_1_5' title="bbox 260 2402 1489 2807">
     <span class='ocr_line' id='line_1_19' title="bbox 321 2402 1489 2483; baseline 0.002 -16"><span class='ocrx_word' id='word_1_146' title='bbox 321 2402 391 2467; x_wconf 69' lang='lat'><strong>358.</strong></span> <span class='ocrx_word' id='word_1_147' title='bbox 434 2403 569 2467; x_wconf 91' lang='lat' dir='ltr'>Eodem</span> <span class='ocrx_word' id='word_1_148' title='bbox 592 2412 750 2483; x_wconf 88' lang='lat' dir='ltr'>tempore</span> <span class='ocrx_word' id='word_1_149' title='bbox 776 2419 846 2483; x_wconf 93' lang='lat' dir='ltr'>quo</span> <span class='ocrx_word' id='word_1_150' title='bbox 870 2402 909 2467; x_wconf 88' lang='lat' dir='ltr'>P.</span> <span class='ocrx_word' id='word_1_151' title='bbox 928 2402 1106 2467; x_wconf 91' lang='lat' dir='ltr'>Oliverius</span> <span class='ocrx_word' id='word_1_152' title='bbox 1131 2402 1282 2483; x_wconf 83' lang='lat' dir='ltr'>Cingulo</span> <span class='ocrx_word' id='word_1_153' title='bbox 1296 2403 1489 2469; x_wconf 89' lang='lat' dir='ltr'>Lauretum</span> 
     </span>
     <span class='ocr_line' id='line_1_20' title="bbox 262 2509 1487 2591; baseline 0 -16"><span class='ocrx_word' id='word_1_154' title='bbox 262 2510 378 2589; x_wconf 86' lang='lat' dir='ltr'>rediit,</span> <span class='ocrx_word' id='word_1_155' title='bbox 395 2509 487 2575; x_wconf 88' lang='lat' dir='ltr'>etde</span> <span class='ocrx_word' id='word_1_156' title='bbox 502 2510 686 2591; x_wconf 90' lang='lat' dir='ltr'>praedicta</span> <span class='ocrx_word' id='word_1_157' title='bbox 702 2510 913 2590; x_wconf 86' lang='lat' dir='ltr'>migratione</span> <span class='ocrx_word' id='word_1_158' title='bbox 928 2510 1100 2573; x_wconf 86' lang='lat' dir='ltr'>intellexit</span> <span class='ocrx_word' id='word_1_159' title='bbox 1112 2518 1147 2573; x_wconf 92' lang='lat' dir='ltr'>et</span> <span class='ocrx_word' id='word_1_160' title='bbox 1157 2510 1201 2574; x_wconf 95' lang='lat' dir='ltr'>de</span> <span class='ocrx_word' id='word_1_161' title='bbox 1212 2510 1362 2575; x_wconf 91' lang='lat' dir='ltr'>duorum</span> <span class='ocrx_word' id='word_1_162' title='bbox 1372 2528 1487 2575; x_wconf 89' lang='lat' dir='ltr'>sacer·</span> 
     </span>
     <span class='ocr_line' id='line_1_21' title="bbox 260 2616 1488 2700; baseline 0.003 -19"><span class='ocrx_word' id='word_1_163' title='bbox 260 2616 380 2683; x_wconf 90' lang='lat' dir='ltr'>dotum</span> <span class='ocrx_word' id='word_1_164' title='bbox 404 2617 500 2698; x_wconf 83' lang='lat' dir='ltr'>fuga,</span> <span class='ocrx_word' id='word_1_165' title='bbox 528 2634 677 2698; x_wconf 90' lang='lat' dir='ltr'>quorum</span> <span class='ocrx_word' id='word_1_166' title='bbox 702 2618 790 2682; x_wconf 90' lang='lat' dir='ltr'>alter</span> <span class='ocrx_word' id='word_1_167' title='bbox 815 2625 892 2682; x_wconf 87' lang='lat' dir='ltr'>erat</span> <span class='ocrx_word' id='word_1_168' title='bbox 918 2617 976 2681; x_wconf 90' lang='lat' dir='ltr'>ille</span> <span class='ocrx_word' id='word_1_169' title='bbox 994 2617 1369 2684; x_wconf 89' lang='lat' dir='ltr'>LeonardusFlander</span> <span class='ocrx_word' id='word_1_170' title='bbox 1385 2617 1407 2699; x_wconf 86' lang='lat'>¹,</span> <span class='ocrx_word' id='word_1_171' title='bbox 1428 2620 1488 2700; x_wconf 92' lang='lat' dir='ltr'>qui</span> 
     </span>
     <span class='ocr_line' id='line_1_22' title="bbox 260 2725 1326 2807; baseline -0.003 -17"><span class='ocrx_word' id='word_1_172' title='bbox 260 2725 418 2790; x_wconf 90' lang='lat' dir='ltr'>creditur</span> <span class='ocrx_word' id='word_1_173' title='bbox 433 2726 540 2790; x_wconf 88' lang='lat' dir='ltr'>alium</span> <span class='ocrx_word' id='word_1_174' title='bbox 555 2726 788 2802; x_wconf 88' lang='lat' dir='ltr'>sacerdotem,</span> <span class='ocrx_word' id='word_1_175' title='bbox 805 2725 947 2790; x_wconf 91' lang='lat' dir='ltr'>nomine</span> <span class='ocrx_word' id='word_1_176' title='bbox 961 2725 1116 2807; x_wconf 88' lang='lat' dir='ltr'>Petrum,</span> <span class='ocrx_word' id='word_1_177' title='bbox 1131 2726 1326 2792; x_wconf 89' lang='lat' dir='ltr'>seduxisse.</span> 
     </span>
    </p>

    <p class='ocr_par' dir='ltr' id='par_1_6' title="bbox 256 2830 1488 3666">
     <span class='ocr_line' id='line_1_23' title="bbox 319 2830 1487 2915; baseline 0.001 -18"><span class='ocrx_word' id='word_1_178' title='bbox 319 2833 390 2897; x_wconf 79' lang='lat'>359.</span> <span class='ocrx_word' id='word_1_179' title='bbox 434 2830 615 2898; x_wconf 89' lang='lat' dir='ltr'>Creditum</span> <span class='ocrx_word' id='word_1_180' title='bbox 630 2841 684 2896; x_wconf 92' lang='lat' dir='ltr'>est</span> <span class='ocrx_word' id='word_1_181' title='bbox 698 2831 926 2896; x_wconf 88' lang='lat' dir='ltr'>Leonardum</span> <span class='ocrx_word' id='word_1_182' title='bbox 936 2833 1033 2897; x_wconf 92' lang='lat' dir='ltr'>illum</span> <span class='ocrx_word' id='word_1_183' title='bbox 1047 2833 1128 2898; x_wconf 91' lang='lat' dir='ltr'>ideo</span> <span class='ocrx_word' id='word_1_184' title='bbox 1143 2833 1334 2898; x_wconf 87' lang='lat' dir='ltr'>recessisse</span> <span class='ocrx_word' id='word_1_185' title='bbox 1345 2851 1415 2915; x_wconf 91' lang='lat' dir='ltr'>quo</span> <span class='ocrx_word' id='word_1_186' title='bbox 1426 2835 1487 2899; x_wconf 90' lang='lat' dir='ltr'>mi·</span> 
     </span>
     <span class='ocr_line' id='line_1_24' title="bbox 261 2939 1488 3022; baseline 0 -16"><span class='ocrx_word' id='word_1_187' title='bbox 261 2957 328 3006; x_wconf 87' lang='lat' dir='ltr'>nus</span> <span class='ocrx_word' id='word_1_188' title='bbox 343 2943 439 3006; x_wconf 91' lang='lat' dir='ltr'>laute</span> <span class='ocrx_word' id='word_1_189' title='bbox 460 2957 566 3022; x_wconf 89' lang='lat' dir='ltr'>quarn</span> <span class='ocrx_word' id='word_1_190' title='bbox 582 2941 618 3004; x_wconf 95' lang='lat' dir='ltr'>in</span> <span class='ocrx_word' id='word_1_191' title='bbox 633 2940 749 3021; x_wconf 87' lang='lat' dir='ltr'>patria</span> <span class='ocrx_word' id='word_1_192' title='bbox 770 2941 805 3003; x_wconf 92' lang='lat' dir='ltr'>in</span> <span class='ocrx_word' id='word_1_193' title='bbox 820 2939 917 3004; x_wconf 89' lang='lat' dir='ltr'>victu</span> <span class='ocrx_word' id='word_1_194' title='bbox 932 2950 1157 3021; x_wconf 89' lang='lat' dir='ltr'>tractaretur;</span> <span class='ocrx_word' id='word_1_195' title='bbox 1179 2941 1241 3006; x_wconf 90' lang='lat' dir='ltr'>sed</span> <span class='ocrx_word' id='word_1_196' title='bbox 1263 2942 1488 3006; x_wconf 82' lang='lat' dir='ltr'>verisimilius</span> 
     </span>
     <span class='ocr_line' id='line_1_25' title="bbox 260 3046 1487 3130; baseline 0.001 -17"><span class='ocrx_word' id='word_1_197' title='bbox 260 3057 314 3113; x_wconf 87' lang='lat' dir='ltr'>est</span> <span class='ocrx_word' id='word_1_198' title='bbox 329 3049 423 3130; x_wconf 88' lang='lat' dir='ltr'>quod</span> <span class='ocrx_word' id='word_1_199' title='bbox 437 3046 567 3112; x_wconf 88' lang='lat' dir='ltr'>Rector</span> <span class='ocrx_word' id='word_1_200' title='bbox 583 3048 842 3130; x_wconf 89' lang='lat' dir='ltr'>suspicabatur,</span> <span class='ocrx_word' id='word_1_201' title='bbox 859 3049 954 3130; x_wconf 92' lang='lat' dir='ltr'>quod</span> <span class='ocrx_word' id='word_1_202' title='bbox 968 3049 1102 3112; x_wconf 91' lang='lat' dir='ltr'>scilicet</span> <span class='ocrx_word' id='word_1_203' title='bbox 1117 3049 1305 3130; x_wconf 87' lang='lat' dir='ltr'>pecuniam</span> <span class='ocrx_word' id='word_1_204' title='bbox 1324 3067 1433 3130; x_wconf 91' lang='lat' dir='ltr'>penes</span> <span class='ocrx_word' id='word_1_205' title='bbox 1447 3067 1487 3114; x_wconf 92' lang='lat' dir='ltr'>se</span> 
     </span>
     <span class='ocr_line' id='line_1_26' title="bbox 261 3155 1486 3236; baseline 0 -16"><span class='ocrx_word' id='word_1_206' title='bbox 261 3164 400 3220; x_wconf 89' lang='lat' dir='ltr'>secreto</span> <span class='ocrx_word' id='word_1_207' title='bbox 415 3155 595 3231; x_wconf 84' lang='lat' dir='ltr'>retineret;</span> <span class='ocrx_word' id='word_1_208' title='bbox 612 3165 648 3219; x_wconf 92' lang='lat' dir='ltr'>et</span> <span class='ocrx_word' id='word_1_209' title='bbox 663 3175 708 3219; x_wconf 87' lang='lat' dir='ltr'>ex</span> <span class='ocrx_word' id='word_1_210' title='bbox 722 3156 777 3220; x_wconf 89' lang='lat' dir='ltr'>his</span> <span class='ocrx_word' id='word_1_211' title='bbox 791 3174 869 3220; x_wconf 90' lang='lat' dir='ltr'>esse</span> <span class='ocrx_word' id='word_1_212' title='bbox 883 3156 941 3220; x_wconf 92' lang='lat' dir='ltr'>hic</span> <span class='ocrx_word' id='word_1_213' title='bbox 953 3155 1093 3219; x_wconf 88' lang='lat' dir='ltr'>videtur</span> <span class='ocrx_word' id='word_1_214' title='bbox 1106 3157 1249 3236; x_wconf 90' lang='lat' dir='ltr'>quinon</span> <span class='ocrx_word' id='word_1_215' title='bbox 1260 3173 1391 3236; x_wconf 82' lang='lat' dir='ltr'>magno</span> <span class='ocrx_word' id='word_1_216' title='bbox 1406 3173 1486 3221; x_wconf 94' lang='lat' dir='ltr'>cum</span> 
     </span>
     <span class='ocr_line' id='line_1_27' title="bbox 259 3261 1485 3345; baseline 0.002 -19"><span class='ocrx_word' id='word_1_217' title='bbox 259 3262 398 3326; x_wconf 91' lang='lat' dir='ltr'>delectu</span> <span class='ocrx_word' id='word_1_218' title='bbox 422 3261 569 3327; x_wconf 90' lang='lat' dir='ltr'>Laureti</span> <span class='ocrx_word' id='word_1_219' title='bbox 594 3263 739 3326; x_wconf 88' lang='lat' dir='ltr'>admissi</span> <span class='ocrx_word' id='word_1_220' title='bbox 764 3273 864 3327; x_wconf 89' lang='lat' dir='ltr'>erant</span> <span class='ocrx_word' id='word_1_221' title='bbox 889 3261 913 3326; x_wconf 81' lang='lat'>³.</span> <span class='ocrx_word' id='word_1_222' title='bbox 937 3262 1007 3327; x_wconf 89' lang='lat' dir='ltr'>Sed</span> <span class='ocrx_word' id='word_1_223' title='bbox 1030 3281 1097 3327; x_wconf 90' lang='lat' dir='ltr'>nec</span> <span class='ocrx_word' id='word_1_224' title='bbox 1119 3263 1225 3327; x_wconf 84' lang='lat' dir='ltr'>vacui</span> <span class='ocrx_word' id='word_1_225' title='bbox 1249 3274 1485 3345; x_wconf 86' lang='lat' dir='ltr'>recesserunt;</span> 
     </span>
     <span class='ocr_line' id='line_1_28' title="bbox 256 3369 1485 3451; baseline 0 -17"><span class='ocrx_word' id='word_1_226' title='bbox 256 3371 365 3434; x_wconf 90' lang='lat' dir='ltr'>immo</span> <span class='ocrx_word' id='word_1_227' title='bbox 380 3369 539 3450; x_wconf 90' lang='lat' dir='ltr'>duplices</span> <span class='ocrx_word' id='word_1_228' title='bbox 553 3381 672 3434; x_wconf 81' lang='lat' dir='ltr'>vestes</span> <span class='ocrx_word' id='word_1_229' title='bbox 684 3369 885 3450; x_wconf 90' lang='lat' dir='ltr'>superiores</span> <span class='ocrx_word' id='word_1_230' title='bbox 900 3389 945 3433; x_wconf 87' lang='lat' dir='ltr'>ex</span> <span class='ocrx_word' id='word_1_231' title='bbox 956 3370 1114 3450; x_wconf 88' lang='lat' dir='ltr'>Collegio</span> <span class='ocrx_word' id='word_1_232' title='bbox 1126 3380 1354 3451; x_wconf 88' lang='lat' dir='ltr'>asportarunt</span> <span class='ocrx_word' id='word_1_233' title='bbox 1366 3380 1400 3434; x_wconf 93' lang='lat' dir='ltr'>et</span> <span class='ocrx_word' id='word_1_234' title='bbox 1416 3373 1485 3436; x_wconf 90' lang='lat' dir='ltr'>alia</span> 
     </span>
     <span class='ocr_line' id='line_1_29' title="bbox 256 3477 1485 3558; baseline 0.002 -18"><span class='ocrx_word' id='word_1_235' title='bbox 256 3477 443 3558; x_wconf 89' lang='lat' dir='ltr'>quaedam,</span> <span class='ocrx_word' id='word_1_236' title='bbox 461 3494 646 3558; x_wconf 87' lang='lat' dir='ltr'>quaecum</span> <span class='ocrx_word' id='word_1_237' title='bbox 661 3477 833 3541; x_wconf 90' lang='lat' dir='ltr'>Anconae</span> <span class='ocrx_word' id='word_1_238' title='bbox 849 3478 1003 3542; x_wconf 89' lang='lat' dir='ltr'>vendere</span> <span class='ocrx_word' id='word_1_239' title='bbox 1014 3479 1156 3557; x_wconf 90' lang='lat' dir='ltr'>vellent,</span> <span class='ocrx_word' id='word_1_240' title='bbox 1174 3496 1245 3542; x_wconf 92' lang='lat' dir='ltr'>non</span> <span class='ocrx_word' id='word_1_241' title='bbox 1258 3478 1389 3543; x_wconf 91' lang='lat' dir='ltr'>bonum</span> <span class='ocrx_word' id='word_1_242' title='bbox 1404 3479 1485 3543; x_wconf 92' lang='lat' dir='ltr'>odo·</span> 
     </span>
     <span class='ocr_line' id='line_1_30' title="bbox 256 3585 575 3666; baseline 0.003 -17"><span class='ocrx_word' id='word_1_243' title='bbox 256 3601 333 3649; x_wconf 90' lang='lat' dir='ltr'>rem</span> <span class='ocrx_word' id='word_1_244' title='bbox 348 3585 575 3666; x_wconf 89' lang='lat' dir='ltr'>reliquerunt.</span> 
     </span>
    </p>

    <p class='ocr_par' dir='ltr' id='par_1_7' title="bbox 253 3690 1484 3986">
     <span class='ocr_line' id='line_1_31' title="bbox 316 3690 1484 3772; baseline 0.003 -17"><span class='ocrx_word' id='word_1_245' title='bbox 316 3690 388 3754; x_wconf 83' lang='lat'>360.</span> <span class='ocrx_word' id='word_1_246' title='bbox 431 3691 501 3757; x_wconf 93' lang='lat' dir='ltr'>Sed</span> <span class='ocrx_word' id='word_1_247' title='bbox 526 3692 927 3772; x_wconf 62' lang='lat' dir='ltr'>scripsit1P.Oliverius</span> <span class='ocrx_word' id='word_1_248' title='bbox 951 3692 1128 3756; x_wconf 89' lang='lat' dir='ltr'>neminem</span> <span class='ocrx_word' id='word_1_249' title='bbox 1152 3693 1195 3758; x_wconf 91' lang='lat' dir='ltr'>de</span> <span class='ocrx_word' id='word_1_250' title='bbox 1219 3692 1396 3763; x_wconf 90' lang='lat' dir='ltr'>Societate</span> <span class='ocrx_word' id='word_1_251' title='bbox 1416 3694 1484 3758; x_wconf 89' lang='lat' dir='ltr'>illis</span> 
     </span>
     <span class='ocr_line' id='line_1_32' title="bbox 254 3798 1483 3878; baseline 0.002 -16"><span class='ocrx_word' id='word_1_252' title='bbox 254 3799 436 3863; x_wconf 88' lang='lat' dir='ltr'>mensibus</span> <span class='ocrx_word' id='word_1_253' title='bbox 455 3817 494 3863; x_wconf 90' lang='lat' dir='ltr'>se</span> <span class='ocrx_word' id='word_1_254' title='bbox 509 3798 697 3864; x_wconf 89' lang='lat' dir='ltr'>Anconam</span> <span class='ocrx_word' id='word_1_255' title='bbox 722 3799 870 3878; x_wconf 86' lang='lat' dir='ltr'>misisse,</span> <span class='ocrx_word' id='word_1_256' title='bbox 895 3810 929 3863; x_wconf 90' lang='lat' dir='ltr'>et</span> <span class='ocrx_word' id='word_1_257' title='bbox 951 3800 1000 3862; x_wconf 90' lang='lat' dir='ltr'>ita</span> <span class='ocrx_word' id='word_1_258' title='bbox 1024 3809 1166 3863; x_wconf 90' lang='lat' dir='ltr'>nostros</span> <span class='ocrx_word' id='word_1_259' title='bbox 1185 3818 1255 3864; x_wconf 92' lang='lat' dir='ltr'>nou</span> <span class='ocrx_word' id='word_1_260' title='bbox 1276 3800 1385 3865; x_wconf 87' lang='lat' dir='ltr'>fuisse</span> <span class='ocrx_word' id='word_1_261' title='bbox 1404 3801 1483 3864; x_wconf 91' lang='lat' dir='ltr'>illos</span> 
     </span>
     <span class='ocr_line' id='line_1_33' title="bbox 253 3903 1150 3986; baseline -0.006 -14"><span class='ocrx_word' id='word_1_262' title='bbox 253 3905 416 3972; x_wconf 91' lang='lat' dir='ltr'>homines</span> <span class='ocrx_word' id='word_1_263' title='bbox 429 3905 479 3984; x_wconf 91' lang='lat' dir='ltr'>(ut</span> <span class='ocrx_word' id='word_1_264' title='bbox 490 3903 565 3986; x_wconf 87' lang='lat' dir='ltr'>jam</span> <span class='ocrx_word' id='word_1_265' title='bbox 582 3923 665 3970; x_wconf 86' lang='lat' dir='ltr'>vere</span> <span class='ocrx_word' id='word_1_266' title='bbox 680 3924 751 3969; x_wconf 92' lang='lat' dir='ltr'>non</span> <span class='ocrx_word' id='word_1_267' title='bbox 767 3906 880 3985; x_wconf 90' lang='lat' dir='ltr'>erant)</span> <span class='ocrx_word' id='word_1_268' title='bbox 895 3906 1070 3970; x_wconf 91' lang='lat' dir='ltr'>creditum</span> <span class='ocrx_word' id='word_1_269' title='bbox 1085 3915 1150 3970; x_wconf 90' lang='lat' dir='ltr'>est.</span> 
     </span>
    </p>

    <p class='ocr_par' dir='ltr' id='par_1_8' title="bbox 251 4011 1483 4204">
     <span class='ocr_line' id='line_1_34' title="bbox 316 4011 1483 4094; baseline 0.003 -18"><span class='ocrx_word' id='word_1_270' title='bbox 316 4011 388 4076; x_wconf 86' lang='grc'><strong>361.</strong></span> <span class='ocrx_word' id='word_1_271' title='bbox 430 4012 523 4077; x_wconf 90' lang='lat' dir='ltr'>Ierat</span> <span class='ocrx_word' id='word_1_272' title='bbox 537 4022 655 4077; x_wconf 89' lang='lat' dir='ltr'>autem</span> <span class='ocrx_word' id='word_1_273' title='bbox 672 4012 864 4092; x_wconf 88' lang='lat' dir='ltr'>Cingulum</span> <span class='ocrx_word' id='word_1_274' title='bbox 878 4012 918 4076; x_wconf 91' lang='grc' dir='ltr'>Ρ.</span> <span class='ocrx_word' id='word_1_275' title='bbox 935 4011 1112 4078; x_wconf 88' lang='lat' dir='ltr'>Oliverius</span> <span class='ocrx_word' id='word_1_276' title='bbox 1127 4024 1166 4077; x_wconf 92' lang='lat' dir='ltr'>ut</span> <span class='ocrx_word' id='word_1_277' title='bbox 1180 4023 1303 4094; x_wconf 85' lang='lat' dir='ltr'>ageret</span> <span class='ocrx_word' id='word_1_278' title='bbox 1318 4013 1361 4078; x_wconf 91' lang='lat' dir='ltr'>de</span> <span class='ocrx_word' id='word_1_279' title='bbox 1377 4014 1483 4080; x_wconf 92' lang='lat' dir='ltr'>domo</span> 
     </span>
     <span class='ocr_line' id='line_1_35' title="bbox 251 4119 1482 4204; baseline 0.001 -19"><span class='ocrx_word' id='word_1_280' title='bbox 251 4120 313 4185; x_wconf 89' lang='lat' dir='ltr'>illa</span> <span class='ocrx_word' id='word_1_281' title='bbox 332 4119 523 4185; x_wconf 93' lang='lat' dir='ltr'>admodum</span> <span class='ocrx_word' id='word_1_282' title='bbox 543 4119 680 4201; x_wconf 88' lang='lat' dir='ltr'>capaci,</span> <span class='ocrx_word' id='word_1_283' title='bbox 703 4137 811 4200; x_wconf 89' lang='lat' dir='ltr'>quam</span> <span class='ocrx_word' id='word_1_284' title='bbox 835 4119 1007 4185; x_wconf 90' lang='lat' dir='ltr'>Societati</span> <span class='ocrx_word' id='word_1_285' title='bbox 1032 4121 1237 4198; x_wconf 85' lang='lat' dir='ltr'>offerebant;</span> <span class='ocrx_word' id='word_1_286' title='bbox 1260 4131 1296 4187; x_wconf 92' lang='lat' dir='ltr'>et</span> <span class='ocrx_word' id='word_1_287' title='bbox 1317 4123 1482 4204; x_wconf 85' lang='lat' dir='ltr'>quamvis</span> 
     </span>
    </p>
   </div>
   <div class='ocr_carea' id='block_1_5' title="bbox 246 4395 1479 4744">
    <p class='ocr_par' dir='ltr' id='par_1_9' title="bbox 246 4395 1479 4595">
     <span class='ocr_line' id='line_1_36' title="bbox 292 4395 1479 4456; baseline 0.005 -16"><span class='ocrx_word' id='word_1_288' title='bbox 292 4396 302 4429; x_wconf 74' lang='grc' dir='ltr'>Ι</span> <span class='ocrx_word' id='word_1_289' title='bbox 331 4395 387 4440; x_wconf 83' lang='lat' dir='ltr'>Non</span> <span class='ocrx_word' id='word_1_290' title='bbox 395 4399 428 4441; x_wconf 81' lang='lat' dir='ltr'>ab</span> <span class='ocrx_word' id='word_1_291' title='bbox 438 4397 514 4453; x_wconf 77' lang='lat' dir='ltr'>hujus</span> <span class='ocrx_word' id='word_1_292' title='bbox 524 4398 584 4442; x_wconf 85' lang='lat' dir='ltr'>anni</span> <span class='ocrx_word' id='word_1_293' title='bbox 597 4397 670 4442; x_wconf 86' lang='lat' dir='ltr'>initio</span> <span class='ocrx_word' id='word_1_294' title='bbox 680 4398 725 4442; x_wconf 85' lang='lat' dir='ltr'>aed</span> <span class='ocrx_word' id='word_1_295' title='bbox 742 4405 803 4442; x_wconf 86' lang='lat' dir='ltr'>ante</span> <span class='ocrx_word' id='word_1_296' title='bbox 818 4410 932 4444; x_wconf 85' lang='lat' dir='ltr'>mensem</span> <span class='ocrx_word' id='word_1_297' title='bbox 948 4400 1065 4454; x_wconf 83' lang='lat' dir='ltr'>Aprilem</span> <span class='ocrx_word' id='word_1_298' title='bbox 1080 4401 1259 4455; x_wconf 87' lang='lat' dir='ltr'>praecedentis</span> <span class='ocrx_word' id='word_1_299' title='bbox 1273 4413 1352 4456; x_wconf 81' lang='lat' dir='ltr'>agere</span> <span class='ocrx_word' id='word_1_300' title='bbox 1364 4399 1479 4447; x_wconf 80' lang='lat' dir='ltr'>Maceta-</span> 
     </span>
     <span class='ocr_line' id='line_1_37' title="bbox 247 4469 1479 4530; baseline 0.006 -17"><span class='ocrx_word' id='word_1_301' title='bbox 247 4475 336 4514; x_wconf 82' lang='lat' dir='ltr'>tenses</span> <span class='ocrx_word' id='word_1_302' title='bbox 346 4477 486 4524; x_wconf 83' lang='lat' dir='ltr'>coeperant</span> <span class='ocrx_word' id='word_1_303' title='bbox 496 4469 528 4512; x_wconf 87' lang='lat' dir='ltr'>de</span> <span class='ocrx_word' id='word_1_304' title='bbox 539 4470 662 4524; x_wconf 70' lang='lat' dir='ltr'>erigendo</span> <span class='ocrx_word' id='word_1_305' title='bbox 672 4469 811 4515; x_wconf 82' lang='lat' dir='ltr'>societatis</span> <span class='ocrx_word' id='word_1_306' title='bbox 822 4472 941 4525; x_wconf 78' lang='lat' dir='ltr'>collegio,</span> <span class='ocrx_word' id='word_1_307' title='bbox 951 4477 980 4515; x_wconf 88' lang='lat' dir='ltr'>ut</span> <span class='ocrx_word' id='word_1_308' title='bbox 994 4471 1083 4516; x_wconf 86' lang='lat' dir='ltr'>videre</span> <span class='ocrx_word' id='word_1_309' title='bbox 1098 4478 1138 4516; x_wconf 81' lang='lat' dir='ltr'>est</span> <span class='ocrx_word' id='word_1_310' title='bbox 1148 4473 1173 4516; x_wconf 87' lang='lat' dir='ltr'>iu</span> <span class='ocrx_word' id='word_1_311' title='bbox 1184 4471 1304 4518; x_wconf 79' lang='lat' dir='ltr'>Litterae</span> <span class='ocrx_word' id='word_1_312' title='bbox 1319 4473 1479 4530; x_wconf 69' lang='lat' dir='ltr'>Quadrima·</span> 
     </span>
     <span class='ocr_line' id='line_1_38' title="bbox 246 4541 534 4595; baseline 0.007 -10"><span class='ocrx_word' id='word_1_313' title='bbox 246 4541 534 4595; x_wconf 58' lang='lat' dir='ltr'>strennuapaffittut.</span> 
     </span>
    </p>

    <p class='ocr_par' dir='ltr' id='par_1_10' title="bbox 290 4610 716 4668">
     <span class='ocr_line' id='line_1_39' title="bbox 290 4610 716 4668; baseline 0.007 -13"><span class='ocrx_word' id='word_1_314' title='bbox 290 4611 302 4644; x_wconf 78' lang='lat'>⁸</span> <span class='ocrx_word' id='word_1_315' title='bbox 330 4610 396 4656; x_wconf 89' lang='lat' dir='ltr'>Vlde</span> <span class='ocrx_word' id='word_1_316' title='bbox 404 4623 493 4668; x_wconf 74' lang='lat' dir='ltr'>cupre,</span> <span class='ocrx_word' id='word_1_317' title='bbox 502 4624 563 4668; x_wconf 72' lang='lat' dir='ltr'>paz.</span> <span class='ocrx_word' id='word_1_318' title='bbox 574 4611 621 4658; x_wconf 83' lang='grc'><strong>100.</strong></span> <span class='ocrx_word' id='word_1_319' title='bbox 632 4625 655 4656; x_wconf 89' lang='grc' dir='ltr'>ιι,</span> <span class='ocrx_word' id='word_1_320' title='bbox 665 4613 716 4658; x_wconf 77' lang='lat' dir='ltr'>ata.</span> 
     </span>
    </p>

    <p class='ocr_par' dir='ltr' id='par_1_11' title="bbox 291 4682 940 4744">
     <span class='ocr_line' id='line_1_40' title="bbox 291 4682 940 4744; baseline 0.012 -16"><span class='ocrx_word' id='word_1_321' title='bbox 291 4683 304 4718; x_wconf 77' lang='lat'><strong>³</strong></span> <span class='ocrx_word' id='word_1_322' title='bbox 331 4682 397 4730; x_wconf 88' lang='lat' dir='ltr'>Vide</span> <span class='ocrx_word' id='word_1_323' title='bbox 405 4695 493 4742; x_wconf 74' lang='lat' dir='ltr'>nupta,</span> <span class='ocrx_word' id='word_1_324' title='bbox 503 4697 564 4744; x_wconf 75' lang='lat' dir='ltr'>pag.</span> <span class='ocrx_word' id='word_1_325' title='bbox 574 4685 607 4741; x_wconf 79' lang='lat'>96,</span> <span class='ocrx_word' id='word_1_326' title='bbox 620 4698 643 4730; x_wconf 87' lang='lat' dir='ltr'>n.</span> <span class='ocrx_word' id='word_1_327' title='bbox 651 4685 699 4742; x_wconf 64' lang='lat'>³¹29,</span> <span class='ocrx_word' id='word_1_328' title='bbox 711 4693 737 4730; x_wconf 85' lang='lat' dir='ltr'>et</span> <span class='ocrx_word' id='word_1_329' title='bbox 747 4697 806 4744; x_wconf 77' lang='lat' dir='ltr'>pag.</span> <span class='ocrx_word' id='word_1_330' title='bbox 816 4687 851 4740; x_wconf 82' lang='lat'>99,</span> <span class='ocrx_word' id='word_1_331' title='bbox 862 4688 940 4736; x_wconf 63' lang='lat' dir='ltr'>null.</span> 
     </span>
    </p>
   </div>
   <div class='ocr_carea' id='block_1_6' title="bbox 0 0 1826 5350">
    <p class='ocr_par' dir='ltr' id='par_1_12' title="bbox 0 0 1826 5350">
     <span class='ocr_line' id='line_1_41' title="bbox 0 0 1826 5350; baseline 0 5"><span class='ocrx_word' id='word_1_332' title='bbox 0 0 1826 5350; x_wconf 95' lang='lat' dir='ltr'> </span> 
     </span>
    </p>
   </div>
  </div>
 </body>
</html>
