<?xml version="1.0" encoding="UTF-8"?>
<!DOCTYPE html PUBLIC "-//W3C//DTD XHTML 1.0 Transitional//EN"
    "http://www.w3.org/TR/xhtml1/DTD/xhtml1-transitional.dtd">
<html xmlns="http://www.w3.org/1999/xhtml" xml:lang="en" lang="en">
 <head>
  <title>
</title>
<meta http-equiv="Content-Type" content="text/html;charset=utf-8" />
  <meta name='ocr-system' content='tesseract 3.04.00' />
  <meta name='ocr-capabilities' content='ocr_page ocr_carea ocr_par ocr_line ocrx_word'/>
</head>
<body>
  <div class='ocr_page' id='page_1' title='image "./vitaignatiiloio00polagoog_0475.png"; bbox 0 0 3642 5350; ppageno 0'>
   <div class='ocr_carea' id='block_1_1' title="bbox 779 380 1472 450">
    <p class='ocr_par' dir='ltr' id='par_1_1' title="bbox 779 380 1472 450">
     <span class='ocr_line' id='line_1_1' title="bbox 779 380 1472 450; baseline 0 -11"><span class='ocrx_word' id='word_1_1' title='bbox 779 380 843 440; x_wconf 81' lang='lat' dir='ltr'><strong>Au.</strong></span> <span class='ocrx_word' id='word_1_2' title='bbox 863 382 935 441; x_wconf 77' lang='lat'>1556</span> <span class='ocrx_word' id='word_1_3' title='bbox 1416 390 1472 450; x_wconf 67' lang='lat'><strong>465</strong></span> 
     </span>
    </p>
   </div>
   <div class='ocr_carea' id='block_1_2' title="bbox 229 524 1471 4246">
    <p class='ocr_par' dir='ltr' id='par_1_2' title="bbox 234 524 1471 1355">
     <span class='ocr_line' id='line_1_2' title="bbox 235 524 1469 609; baseline 0.01 -21"><span class='ocrx_word' id='word_1_4' title='bbox 235 534 337 603; x_wconf 90' lang='lat' dir='ltr'><strong>rant,</strong></span> <span class='ocrx_word' id='word_1_5' title='bbox 366 526 447 589; x_wconf 89' lang='lat' dir='ltr'><strong>licet</strong></span> <span class='ocrx_word' id='word_1_6' title='bbox 473 524 710 603; x_wconf 85' lang='lat' dir='ltr'><strong>explicatione</strong></span> <span class='ocrx_word' id='word_1_7' title='bbox 735 524 942 606; x_wconf 88' lang='lat' dir='ltr'><strong>quotidiana</strong></span> <span class='ocrx_word' id='word_1_8' title='bbox 968 526 1158 609; x_wconf 85' lang='lat' dir='ltr'><strong>fatigatus,</strong></span> <span class='ocrx_word' id='word_1_9' title='bbox 1188 532 1469 600; x_wconf 85' lang='lat' dir='ltr'><strong>confessionibus</strong></span> 
     </span>
     <span class='ocr_line' id='line_1_3' title="bbox 237 630 1470 723; baseline 0.01 -28"><span class='ocrx_word' id='word_1_10' title='bbox 237 632 421 696; x_wconf 90' lang='lat' dir='ltr'><strong>audiendis</strong></span> <span class='ocrx_word' id='word_1_11' title='bbox 433 630 575 697; x_wconf 86' lang='lat' dir='ltr'><strong>assidue</strong></span> <span class='ocrx_word' id='word_1_12' title='bbox 587 649 668 695; x_wconf 92' lang='lat' dir='ltr'><strong>eum</strong></span> <span class='ocrx_word' id='word_1_13' title='bbox 680 632 758 695; x_wconf 92' lang='lat' dir='ltr'><strong>aliis</strong></span> <span class='ocrx_word' id='word_1_14' title='bbox 770 631 936 697; x_wconf 87' lang='lat' dir='ltr'><strong>Patribus</strong></span> <span class='ocrx_word' id='word_1_15' title='bbox 947 646 1144 699; x_wconf 86' lang='lat' dir='ltr'><strong>vacaverat</strong></span> <span class='ocrx_word' id='word_1_16' title='bbox 1156 637 1200 700; x_wconf 89' lang='lat' dir='ltr'><strong>ab</strong></span> <span class='ocrx_word' id='word_1_17' title='bbox 1214 654 1345 703; x_wconf 89' lang='lat' dir='ltr'><strong>aurora</strong></span> <span class='ocrx_word' id='word_1_18' title='bbox 1357 658 1470 723; x_wconf 90' lang='lat' dir='ltr'><strong>usque</strong></span> 
     </span>
     <span class='ocr_line' id='line_1_4' title="bbox 237 738 1467 827; baseline 0.008 -26"><span class='ocrx_word' id='word_1_19' title='bbox 237 738 283 802; x_wconf 89' lang='lat' dir='ltr'><strong>ad</strong></span> <span class='ocrx_word' id='word_1_20' title='bbox 297 749 454 817; x_wconf 92' lang='lat' dir='ltr'><strong>noctem,</strong></span> <span class='ocrx_word' id='word_1_21' title='bbox 471 747 505 802; x_wconf 92' lang='lat' dir='ltr'><strong>et</strong></span> <span class='ocrx_word' id='word_1_22' title='bbox 519 739 656 803; x_wconf 80' lang='lat' dir='ltr'><strong>fructus</strong></span> <span class='ocrx_word' id='word_1_23' title='bbox 671 739 880 821; x_wconf 87' lang='lat' dir='ltr'><strong>spiritualis,</strong></span> <span class='ocrx_word' id='word_1_24' title='bbox 898 757 1003 821; x_wconf 92' lang='lat' dir='ltr'><strong>quem</strong></span> <span class='ocrx_word' id='word_1_25' title='bbox 1018 742 1222 823; x_wconf 86' lang='lat' dir='ltr'><strong>capiebant,</strong></span> <span class='ocrx_word' id='word_1_26' title='bbox 1243 744 1467 827; x_wconf 80' lang='lat' dir='ltr'><strong>defatigatio-</strong></span> 
     </span>
     <span class='ocr_line' id='line_1_5' title="bbox 239 844 1469 933; baseline 0.007 -24"><span class='ocrx_word' id='word_1_27' title='bbox 239 864 319 910; x_wconf 89' lang='lat' dir='ltr'><strong>nem</strong></span> <span class='ocrx_word' id='word_1_28' title='bbox 344 846 565 924; x_wconf 88' lang='lat' dir='ltr'><strong>sublevabat,</strong></span> <span class='ocrx_word' id='word_1_29' title='bbox 581 854 619 909; x_wconf 92' lang='lat' dir='ltr'><strong>ut</strong></span> <span class='ocrx_word' id='word_1_30' title='bbox 633 844 695 909; x_wconf 86' lang='lat' dir='ltr'><strong>vix</strong></span> <span class='ocrx_word' id='word_1_31' title='bbox 711 863 790 909; x_wconf 90' lang='lat' dir='ltr'><strong>earu</strong></span> <span class='ocrx_word' id='word_1_32' title='bbox 804 848 963 912; x_wconf 87' lang='lat' dir='ltr'><strong>sentiret.</strong></span> <span class='ocrx_word' id='word_1_33' title='bbox 978 847 1082 913; x_wconf 92' lang='lat' dir='ltr'><strong>Multi</strong></span> <span class='ocrx_word' id='word_1_34' title='bbox 1097 850 1203 929; x_wconf 89' lang='lat' dir='ltr'><strong>enim,</strong></span> <span class='ocrx_word' id='word_1_35' title='bbox 1219 850 1339 915; x_wconf 89' lang='lat' dir='ltr'><strong>infide</strong></span> <span class='ocrx_word' id='word_1_36' title='bbox 1359 852 1469 933; x_wconf 91' lang='lat' dir='ltr'><strong>dubii,</strong></span> 
     </span>
     <span class='ocr_line' id='line_1_6' title="bbox 239 952 1471 1040; baseline 0.006 -23"><span class='ocrx_word' id='word_1_37' title='bbox 239 952 539 1017; x_wconf 87' lang='lat' dir='ltr'><strong>confirmabantur</strong></span> <span class='ocrx_word' id='word_1_38' title='bbox 554 953 590 1015; x_wconf 93' lang='lat' dir='ltr'><strong>in</strong></span> <span class='ocrx_word' id='word_1_39' title='bbox 602 968 656 1031; x_wconf 72' lang='lat' dir='ltr'><strong>ea,</strong></span> <span class='ocrx_word' id='word_1_40' title='bbox 670 961 705 1014; x_wconf 92' lang='lat' dir='ltr'><strong>et</strong></span> <span class='ocrx_word' id='word_1_41' title='bbox 720 952 829 1033; x_wconf 85' lang='lat' dir='ltr'><strong>aliqui</strong></span> <span class='ocrx_word' id='word_1_42' title='bbox 843 954 951 1017; x_wconf 90' lang='lat' dir='ltr'><strong>etiam</strong></span> <span class='ocrx_word' id='word_1_43' title='bbox 964 964 1125 1019; x_wconf 85' lang='lat' dir='ltr'><strong>errantes</strong></span> <span class='ocrx_word' id='word_1_44' title='bbox 1141 956 1186 1020; x_wconf 87' lang='lat' dir='ltr'><strong>ad</strong></span> <span class='ocrx_word' id='word_1_45' title='bbox 1197 957 1378 1023; x_wconf 88' lang='lat' dir='ltr'><strong>Ecclesiae</strong></span> <span class='ocrx_word' id='word_1_46' title='bbox 1392 977 1471 1040; x_wconf 82' lang='lat' dir='ltr'><strong>gre·</strong></span> 
     </span>
     <span class='ocr_line' id='line_1_7' title="bbox 238 1059 1468 1143; baseline 0.006 -19"><span class='ocrx_word' id='word_1_47' title='bbox 238 1061 347 1125; x_wconf 91' lang='lat' dir='ltr'><strong>mium</strong></span> <span class='ocrx_word' id='word_1_48' title='bbox 362 1060 535 1138; x_wconf 88' lang='lat' dir='ltr'><strong>redibant,</strong></span> <span class='ocrx_word' id='word_1_49' title='bbox 551 1068 585 1121; x_wconf 93' lang='lat' dir='ltr'><strong>et</strong></span> <span class='ocrx_word' id='word_1_50' title='bbox 600 1059 766 1123; x_wconf 91' lang='lat' dir='ltr'><strong>catholici</strong></span> <span class='ocrx_word' id='word_1_51' title='bbox 780 1059 1046 1141; x_wconf 86' lang='lat' dir='ltr'><strong>animabantur,</strong></span> <span class='ocrx_word' id='word_1_52' title='bbox 1063 1070 1101 1125; x_wconf 89' lang='lat' dir='ltr'><strong>ut</strong></span> <span class='ocrx_word' id='word_1_53' title='bbox 1115 1074 1261 1143; x_wconf 91' lang='lat' dir='ltr'><strong>propter</strong></span> <span class='ocrx_word' id='word_1_54' title='bbox 1275 1066 1468 1131; x_wconf 89' lang='lat' dir='ltr'><strong>haeretico·</strong></span> 
     </span>
     <span class='ocr_line' id='line_1_8' title="bbox 237 1166 1469 1237; baseline 0.004 -5"><span class='ocrx_word' id='word_1_55' title='bbox 237 1186 316 1232; x_wconf 87' lang='lat' dir='ltr'><strong>rum</strong></span> <span class='ocrx_word' id='word_1_56' title='bbox 329 1167 512 1231; x_wconf 87' lang='lat' dir='ltr'><strong>irrisiones</strong></span> <span class='ocrx_word' id='word_1_57' title='bbox 528 1166 572 1229; x_wconf 91' lang='lat' dir='ltr'><strong>ab</strong></span> <span class='ocrx_word' id='word_1_58' title='bbox 584 1166 841 1229; x_wconf 88' lang='lat' dir='ltr'><strong>emendationis</strong></span> <span class='ocrx_word' id='word_1_59' title='bbox 853 1166 949 1230; x_wconf 89' lang='lat' dir='ltr'><strong>vitae</strong></span> <span class='ocrx_word' id='word_1_60' title='bbox 960 1168 1099 1232; x_wconf 90' lang='lat' dir='ltr'><strong>ratione</strong></span> <span class='ocrx_word' id='word_1_61' title='bbox 1114 1180 1148 1233; x_wconf 89' lang='lat' dir='ltr'><strong>et</strong></span> <span class='ocrx_word' id='word_1_62' title='bbox 1163 1182 1469 1237; x_wconf 88' lang='lat' dir='ltr'><strong>sacramentorum</strong></span> 
     </span>
     <span class='ocr_line' id='line_1_9' title="bbox 234 1272 842 1355; baseline -0.007 -16"><span class='ocrx_word' id='word_1_63' title='bbox 234 1274 516 1355; x_wconf 82' lang='lat' dir='ltr'><strong>frequentatione</strong></span> <span class='ocrx_word' id='word_1_64' title='bbox 531 1290 603 1336; x_wconf 91' lang='lat' dir='ltr'><strong>non</strong></span> <span class='ocrx_word' id='word_1_65' title='bbox 620 1272 842 1337; x_wconf 86' lang='lat' dir='ltr'><strong>desisterent.</strong></span> 
     </span>
    </p>

    <p class='ocr_par' dir='ltr' id='par_1_3' title="bbox 233 1379 1469 2747">
     <span class='ocr_line' id='line_1_10' title="bbox 295 1379 1469 1463; baseline 0.006 -20"><span class='ocrx_word' id='word_1_66' title='bbox 295 1379 387 1445; x_wconf 83' lang='lat'><strong>2002.</strong></span> <span class='ocrx_word' id='word_1_67' title='bbox 430 1379 509 1443; x_wconf 90' lang='lat' dir='ltr'><strong>Non</strong></span> <span class='ocrx_word' id='word_1_68' title='bbox 534 1379 695 1443; x_wconf 89' lang='lat' dir='ltr'><strong>modicae</strong></span> <span class='ocrx_word' id='word_1_69' title='bbox 721 1380 828 1444; x_wconf 89' lang='lat' dir='ltr'><strong>etiam</strong></span> <span class='ocrx_word' id='word_1_70' title='bbox 853 1381 1095 1444; x_wconf 88' lang='lat' dir='ltr'><strong>restitutiones</strong></span> <span class='ocrx_word' id='word_1_71' title='bbox 1119 1380 1195 1462; x_wconf 88' lang='lat' dir='ltr'><strong>ejus</strong></span> <span class='ocrx_word' id='word_1_72' title='bbox 1216 1401 1325 1463; x_wconf 89' lang='lat' dir='ltr'><strong>opera</strong></span> <span class='ocrx_word' id='word_1_73' title='bbox 1350 1386 1469 1450; x_wconf 82' lang='lat' dir='ltr'><strong>iactae</strong></span> 
     </span>
     <span class='ocr_line' id='line_1_11' title="bbox 235 1484 1468 1574; baseline 0.003 -21"><span class='ocrx_word' id='word_1_74' title='bbox 235 1498 328 1553; x_wconf 90' lang='lat' dir='ltr'><strong>sunt.</strong></span> <span class='ocrx_word' id='word_1_75' title='bbox 351 1488 559 1568; x_wconf 91' lang='lat' dir='ltr'><strong>Complures</strong></span> <span class='ocrx_word' id='word_1_76' title='bbox 579 1495 697 1550; x_wconf 90' lang='lat' dir='ltr'><strong>autem</strong></span> <span class='ocrx_word' id='word_1_77' title='bbox 714 1484 789 1565; x_wconf 89' lang='lat' dir='ltr'><strong>jam</strong></span> <span class='ocrx_word' id='word_1_78' title='bbox 808 1487 964 1551; x_wconf 89' lang='lat' dir='ltr'><strong>Tornaci</strong></span> <span class='ocrx_word' id='word_1_79' title='bbox 983 1498 1209 1553; x_wconf 87' lang='lat' dir='ltr'><strong>sacramenta</strong></span> <span class='ocrx_word' id='word_1_80' title='bbox 1233 1504 1361 1556; x_wconf 88' lang='lat' dir='ltr'><strong>octavo</strong></span> <span class='ocrx_word' id='word_1_81' title='bbox 1385 1512 1468 1574; x_wconf 92' lang='lat' dir='ltr'><strong>quo·</strong></span> 
     </span>
     <span class='ocr_line' id='line_1_12' title="bbox 234 1593 1468 1686; baseline 0.002 -26"><span class='ocrx_word' id='word_1_82' title='bbox 234 1615 301 1677; x_wconf 93' lang='lat' dir='ltr'><strong>que</strong></span> <span class='ocrx_word' id='word_1_83' title='bbox 317 1596 373 1659; x_wconf 91' lang='lat' dir='ltr'><strong>die</strong></span> <span class='ocrx_word' id='word_1_84' title='bbox 385 1593 669 1675; x_wconf 84' lang='lat' dir='ltr'><strong>frequentabant;</strong></span> <span class='ocrx_word' id='word_1_85' title='bbox 685 1593 795 1686; x_wconf 92' lang='lat' dir='ltr'><strong>multo</strong></span> <span class='ocrx_word' id='word_1_86' title='bbox 808 1595 928 1673; x_wconf 90' lang='lat' dir='ltr'><strong>plures</strong></span> <span class='ocrx_word' id='word_1_87' title='bbox 938 1594 1058 1670; x_wconf 82' lang='lat' dir='ltr'><strong>futuri,</strong></span> <span class='ocrx_word' id='word_1_88' title='bbox 1072 1594 1103 1657; x_wconf 90' lang='lat' dir='ltr'><strong>si</strong></span> <span class='ocrx_word' id='word_1_89' title='bbox 1118 1596 1342 1661; x_wconf 89' lang='lat' dir='ltr'><strong>commodam</strong></span> <span class='ocrx_word' id='word_1_90' title='bbox 1358 1601 1468 1663; x_wconf 89' lang='lat' dir='ltr'><strong>eccle-</strong></span> 
     </span>
     <span class='ocr_line' id='line_1_13' title="bbox 234 1699 1469 1784; baseline 0.002 -17"><span class='ocrx_word' id='word_1_91' title='bbox 234 1704 324 1767; x_wconf 90' lang='lat' dir='ltr'><strong>siam</strong></span> <span class='ocrx_word' id='word_1_92' title='bbox 348 1702 461 1766; x_wconf 90' lang='lat' dir='ltr'><strong>nostri</strong></span> <span class='ocrx_word' id='word_1_93' title='bbox 485 1701 531 1764; x_wconf 91' lang='lat' dir='ltr'><strong>ad</strong></span> <span class='ocrx_word' id='word_1_94' title='bbox 555 1709 780 1765; x_wconf 88' lang='lat' dir='ltr'><strong>sacramenta</strong></span> <span class='ocrx_word' id='word_1_95' title='bbox 805 1699 1062 1781; x_wconf 83' lang='lat' dir='ltr'><strong>frequentanda</strong></span> <span class='ocrx_word' id='word_1_96' title='bbox 1088 1703 1311 1784; x_wconf 88' lang='lat' dir='ltr'><strong>habuissent;</strong></span> <span class='ocrx_word' id='word_1_97' title='bbox 1332 1714 1367 1769; x_wconf 93' lang='lat' dir='ltr'><strong>et</strong></span> <span class='ocrx_word' id='word_1_98' title='bbox 1386 1707 1469 1770; x_wconf 90' lang='lat' dir='ltr'><strong>ideo</strong></span> 
     </span>
     <span class='ocr_line' id='line_1_14' title="bbox 236 1806 1466 1892; baseline 0.002 -18"><span class='ocrx_word' id='word_1_99' title='bbox 236 1810 428 1875; x_wconf 87' lang='lat' dir='ltr'><strong>censebant</strong></span> <span class='ocrx_word' id='word_1_100' title='bbox 448 1808 555 1872; x_wconf 89' lang='lat' dir='ltr'><strong>aliam</strong></span> <span class='ocrx_word' id='word_1_101' title='bbox 574 1806 729 1885; x_wconf 89' lang='lat' dir='ltr'><strong>domum,</strong></span> <span class='ocrx_word' id='word_1_102' title='bbox 750 1808 874 1871; x_wconf 90' lang='lat' dir='ltr'><strong>relicta</strong></span> <span class='ocrx_word' id='word_1_103' title='bbox 886 1808 964 1886; x_wconf 93' lang='lat' dir='ltr'><strong>illa,</strong></span> <span class='ocrx_word' id='word_1_104' title='bbox 985 1826 1091 1889; x_wconf 91' lang='lat' dir='ltr'><strong>quam</strong></span> <span class='ocrx_word' id='word_1_105' title='bbox 1106 1810 1290 1875; x_wconf 84' lang='lat' dir='ltr'><strong>habitabat</strong></span> <span class='ocrx_word' id='word_1_106' title='bbox 1304 1810 1343 1875; x_wconf 89' lang='lat' dir='ltr'><strong>P.</strong></span> <span class='ocrx_word' id='word_1_107' title='bbox 1360 1812 1466 1892; x_wconf 88' lang='lat' dir='ltr'><strong>Quin-</strong></span> 
     </span>
     <span class='ocr_line' id='line_1_15' title="bbox 234 1915 1466 1997; baseline 0.003 -17"><span class='ocrx_word' id='word_1_108' title='bbox 234 1918 329 1981; x_wconf 90' lang='lat' dir='ltr'><strong>tinus</strong></span> <span class='ocrx_word' id='word_1_109' title='bbox 358 1916 478 1997; x_wconf 89' lang='lat' dir='ltr'><strong>(quam</strong></span> <span class='ocrx_word' id='word_1_110' title='bbox 500 1931 625 1995; x_wconf 89' lang='lat' dir='ltr'><strong>parum</strong></span> <span class='ocrx_word' id='word_1_111' title='bbox 642 1915 838 1978; x_wconf 86' lang='lat' dir='ltr'><strong>¹salubrem</strong></span> <span class='ocrx_word' id='word_1_112' title='bbox 866 1915 1176 1996; x_wconf 82' lang='lat' dir='ltr'><strong>experiebantur),</strong></span> <span class='ocrx_word' id='word_1_113' title='bbox 1198 1918 1466 1985; x_wconf 89' lang='lat' dir='ltr'><strong>conducendam</strong></span> 
     </span>
     <span class='ocr_line' id='line_1_16' title="bbox 234 2021 1466 2104; baseline 0.002 -17"><span class='ocrx_word' id='word_1_114' title='bbox 234 2042 313 2087; x_wconf 89' lang='lat' dir='ltr'><strong>esse</strong></span> <span class='ocrx_word' id='word_1_115' title='bbox 342 2039 452 2103; x_wconf 91' lang='lat' dir='ltr'><strong>prope</strong></span> <span class='ocrx_word' id='word_1_116' title='bbox 477 2022 656 2103; x_wconf 89' lang='lat' dir='ltr'><strong>quoddam</strong></span> <span class='ocrx_word' id='word_1_117' title='bbox 682 2023 861 2102; x_wconf 90' lang='lat' dir='ltr'><strong>templum,</strong></span> <span class='ocrx_word' id='word_1_118' title='bbox 890 2021 991 2102; x_wconf 81' lang='lat' dir='ltr'><strong>qu&#39;us</strong></span> <span class='ocrx_word' id='word_1_119' title='bbox 1019 2024 1198 2104; x_wconf 88' lang='lat' dir='ltr'><strong>parochus</strong></span> <span class='ocrx_word' id='word_1_120' title='bbox 1225 2023 1263 2088; x_wconf 90' lang='lat' dir='ltr'><strong>P.</strong></span> <span class='ocrx_word' id='word_1_121' title='bbox 1294 2026 1466 2091; x_wconf 90' lang='lat' dir='ltr'><strong>Bernardi</strong></span> 
     </span>
     <span class='ocr_line' id='line_1_17' title="bbox 233 2128 1465 2211; baseline 0.001 -15"><span class='ocrx_word' id='word_1_122' title='bbox 233 2132 344 2196; x_wconf 86' lang='lat' dir='ltr'><strong>frater</strong></span> <span class='ocrx_word' id='word_1_123' title='bbox 359 2140 436 2194; x_wconf 92' lang='lat' dir='ltr'><strong>erat</strong></span> <span class='ocrx_word' id='word_1_124' title='bbox 452 2128 474 2209; x_wconf 85' lang='lat'><strong>¹,</strong></span> <span class='ocrx_word' id='word_1_125' title='bbox 489 2129 549 2191; x_wconf 90' lang='lat' dir='ltr'><strong>ubi</strong></span> <span class='ocrx_word' id='word_1_126' title='bbox 565 2129 610 2192; x_wconf 87' lang='lat' dir='ltr'><strong>ad</strong></span> <span class='ocrx_word' id='word_1_127' title='bbox 622 2128 856 2192; x_wconf 90' lang='lat' dir='ltr'><strong>ministerium</strong></span> <span class='ocrx_word' id='word_1_128' title='bbox 868 2133 1175 2194; x_wconf 83' lang='lat' dir='ltr'><strong>sacramentorum</strong></span> <span class='ocrx_word' id='word_1_129' title='bbox 1185 2140 1220 2194; x_wconf 92' lang='lat' dir='ltr'><strong>et</strong></span> <span class='ocrx_word' id='word_1_130' title='bbox 1232 2133 1465 2211; x_wconf 89' lang='lat' dir='ltr'><strong>praedicatio·</strong></span> 
     </span>
     <span class='ocr_line' id='line_1_18' title="bbox 233 2236 1467 2318; baseline 0.002 -16"><span class='ocrx_word' id='word_1_131' title='bbox 233 2240 289 2303; x_wconf 89' lang='lat' dir='ltr'><strong>nis</strong></span> <span class='ocrx_word' id='word_1_132' title='bbox 304 2253 445 2301; x_wconf 91' lang='lat' dir='ltr'><strong>ornnem</strong></span> <span class='ocrx_word' id='word_1_133' title='bbox 464 2237 752 2300; x_wconf 89' lang='lat' dir='ltr'><strong>commoditatem</strong></span> <span class='ocrx_word' id='word_1_134' title='bbox 777 2236 933 2299; x_wconf 90' lang='lat' dir='ltr'><strong>habituri</strong></span> <span class='ocrx_word' id='word_1_135' title='bbox 954 2248 1067 2315; x_wconf 87' lang='lat' dir='ltr'><strong>erant,</strong></span> <span class='ocrx_word' id='word_1_136' title='bbox 1096 2237 1190 2318; x_wconf 90' lang='lat' dir='ltr'><strong>quod</strong></span> <span class='ocrx_word' id='word_1_137' title='bbox 1206 2239 1241 2301; x_wconf 94' lang='lat' dir='ltr'><strong>in</strong></span> <span class='ocrx_word' id='word_1_138' title='bbox 1260 2238 1467 2305; x_wconf 87' lang='lat' dir='ltr'><strong>Cathedrali</strong></span> 
     </span>
     <span class='ocr_line' id='line_1_19' title="bbox 233 2342 1466 2425; baseline 0.001 -16"><span class='ocrx_word' id='word_1_139' title='bbox 233 2347 365 2425; x_wconf 90' lang='lat' dir='ltr'><strong>templo</strong></span> <span class='ocrx_word' id='word_1_140' title='bbox 379 2345 482 2407; x_wconf 91' lang='lat' dir='ltr'><strong>aliter</strong></span> <span class='ocrx_word' id='word_1_141' title='bbox 497 2361 536 2406; x_wconf 90' lang='lat' dir='ltr'><strong>se</strong></span> <span class='ocrx_word' id='word_1_142' title='bbox 550 2342 715 2421; x_wconf 79' lang='lat' dir='ltr'><strong>habebat3</strong></span> <span class='ocrx_word' id='word_1_143' title='bbox 731 2350 767 2406; x_wconf 92' lang='lat' dir='ltr'><strong>et</strong></span> <span class='ocrx_word' id='word_1_144' title='bbox 781 2342 865 2423; x_wconf 90' lang='lat' dir='ltr'><strong>quia</strong></span> <span class='ocrx_word' id='word_1_145' title='bbox 880 2342 1006 2405; x_wconf 90' lang='lat' dir='ltr'><strong>domus</strong></span> <span class='ocrx_word' id='word_1_146' title='bbox 1017 2343 1076 2405; x_wconf 92' lang='lat' dir='ltr'><strong>illa</strong></span> <span class='ocrx_word' id='word_1_147' title='bbox 1092 2361 1208 2423; x_wconf 88' lang='lat' dir='ltr'><strong>capax</strong></span> <span class='ocrx_word' id='word_1_148' title='bbox 1220 2356 1308 2425; x_wconf 90' lang='lat' dir='ltr'><strong>erat,</strong></span> <span class='ocrx_word' id='word_1_149' title='bbox 1322 2346 1466 2411; x_wconf 92' lang='lat' dir='ltr'><strong>scholae</strong></span> 
     </span>
     <span class='ocr_line' id='line_1_20' title="bbox 233 2448 1466 2532; baseline 0.001 -16"><span class='ocrx_word' id='word_1_150' title='bbox 233 2452 268 2516; x_wconf 91' lang='lat' dir='ltr'><strong>in</strong></span> <span class='ocrx_word' id='word_1_151' title='bbox 294 2470 337 2516; x_wconf 89' lang='lat' dir='ltr'><strong>ea</strong></span> <span class='ocrx_word' id='word_1_152' title='bbox 356 2451 487 2532; x_wconf 86' lang='lat' dir='ltr'><strong>aperiri</strong></span> <span class='ocrx_word' id='word_1_153' title='bbox 511 2458 545 2513; x_wconf 92' lang='lat' dir='ltr'><strong>et</strong></span> <span class='ocrx_word' id='word_1_154' title='bbox 570 2459 779 2513; x_wconf 89' lang='lat' dir='ltr'><strong>consuetum</strong></span> <span class='ocrx_word' id='word_1_155' title='bbox 799 2449 835 2512; x_wconf 92' lang='lat' dir='ltr'><strong>in</strong></span> <span class='ocrx_word' id='word_1_156' title='bbox 861 2468 902 2511; x_wconf 91' lang='lat' dir='ltr'><strong>ea</strong></span> <span class='ocrx_word' id='word_1_157' title='bbox 928 2459 1030 2528; x_wconf 88' lang='lat' dir='ltr'><strong>parte</strong></span> <span class='ocrx_word' id='word_1_158' title='bbox 1054 2448 1242 2515; x_wconf 85' lang='lat' dir='ltr'><strong>Societatis</strong></span> <span class='ocrx_word' id='word_1_159' title='bbox 1263 2451 1466 2517; x_wconf 88' lang='lat' dir='ltr'><strong>institutum</strong></span> 
     </span>
     <span class='ocr_line' id='line_1_21' title="bbox 233 2540 1465 2640; baseline 0 -16"><span class='ocrx_word' id='word_1_160' title='bbox 233 2540 371 2624; x_wconf 88' lang='lat' dir='ltr'><strong>ostendi</strong></span> <span class='ocrx_word' id='word_1_161' title='bbox 383 2567 533 2640; x_wconf 89' lang='lat' dir='ltr'><strong>poterat;</strong></span> <span class='ocrx_word' id='word_1_162' title='bbox 543 2566 578 2621; x_wconf 87' lang='lat' dir='ltr'><strong>et</strong></span> <span class='ocrx_word' id='word_1_163' title='bbox 589 2557 638 2621; x_wconf 92' lang='lat' dir='ltr'><strong>ita</strong></span> <span class='ocrx_word' id='word_1_164' title='bbox 651 2556 804 2619; x_wconf 87' lang='lat' dir='ltr'><strong>Tornaci</strong></span> <span class='ocrx_word' id='word_1_165' title='bbox 818 2566 899 2620; x_wconf 93' lang='lat' dir='ltr'><strong>octo</strong></span> <span class='ocrx_word' id='word_1_166' title='bbox 912 2559 970 2620; x_wconf 85' lang='lat' dir='ltr'><strong>vel</strong></span> <span class='ocrx_word' id='word_1_167' title='bbox 981 2557 1117 2635; x_wconf 89' lang='lat' dir='ltr'><strong>decem,</strong></span> <span class='ocrx_word' id='word_1_168' title='bbox 1128 2559 1295 2639; x_wconf 83' lang='lat' dir='ltr'><strong>expensis</strong></span> <span class='ocrx_word' id='word_1_169' title='bbox 1306 2558 1344 2624; x_wconf 89' lang='lat' dir='ltr'><strong>P.</strong></span> <span class='ocrx_word' id='word_1_170' title='bbox 1358 2559 1465 2639; x_wconf 87' lang='lat' dir='ltr'><strong>Quin·</strong></span> 
     </span>
     <span class='ocr_line' id='line_1_22' title="bbox 233 2665 677 2747; baseline -0.011 -15"><span class='ocrx_word' id='word_1_171' title='bbox 233 2668 309 2747; x_wconf 91' lang='lat' dir='ltr'><strong>tini,</strong></span> <span class='ocrx_word' id='word_1_172' title='bbox 327 2666 450 2730; x_wconf 86' lang='lat' dir='ltr'><strong>vivere</strong></span> <span class='ocrx_word' id='word_1_173' title='bbox 469 2665 677 2746; x_wconf 89' lang='lat' dir='ltr'><strong>potuissent.</strong></span> 
     </span>
    </p>

    <p class='ocr_par' dir='ltr' id='par_1_4' title="bbox 230 2769 1464 3388">
     <span class='ocr_line' id='line_1_23' title="bbox 292 2769 1463 2853; baseline 0.002 -16"><span class='ocrx_word' id='word_1_174' title='bbox 292 2773 383 2837; x_wconf 82' lang='lat'><strong>2003.</strong></span> <span class='ocrx_word' id='word_1_175' title='bbox 426 2773 548 2836; x_wconf 85' lang='lat' dir='ltr'><strong>Mense</strong></span> <span class='ocrx_word' id='word_1_176' title='bbox 562 2781 681 2835; x_wconf 90' lang='lat' dir='ltr'><strong>autem</strong></span> <span class='ocrx_word' id='word_1_177' title='bbox 694 2771 788 2853; x_wconf 93' lang='lat' dir='ltr'><strong>Julio</strong></span> <span class='ocrx_word' id='word_1_178' title='bbox 804 2769 921 2834; x_wconf 92' lang='lat' dir='ltr'><strong>denuo</strong></span> <span class='ocrx_word' id='word_1_179' title='bbox 939 2770 1118 2835; x_wconf 87' lang='lat' dir='ltr'><strong>Bruxellis</strong></span> <span class='ocrx_word' id='word_1_180' title='bbox 1131 2771 1335 2837; x_wconf 89' lang='lat' dir='ltr'><strong>Tornacum</strong></span> <span class='ocrx_word' id='word_1_181' title='bbox 1349 2792 1463 2838; x_wconf 90' lang='lat' dir='ltr'><strong>reces-</strong></span> 
     </span>
     <span class='ocr_line' id='line_1_24' title="bbox 232 2877 1464 2962; baseline -0.001 -16"><span class='ocrx_word' id='word_1_182' title='bbox 232 2884 290 2962; x_wconf 87' lang='lat' dir='ltr'><strong>sit,</strong></span> <span class='ocrx_word' id='word_1_183' title='bbox 307 2898 388 2962; x_wconf 90' lang='lat' dir='ltr'><strong>quo,</strong></span> <span class='ocrx_word' id='word_1_184' title='bbox 405 2897 485 2943; x_wconf 90' lang='lat' dir='ltr'><strong>eum</strong></span> <span class='ocrx_word' id='word_1_185' title='bbox 506 2879 612 2943; x_wconf 87' lang='lat' dir='ltr'><strong>etiam</strong></span> <span class='ocrx_word' id='word_1_186' title='bbox 631 2877 668 2942; x_wconf 89' lang='lat' dir='ltr'><strong>P.</strong></span> <span class='ocrx_word' id='word_1_187' title='bbox 690 2877 939 2958; x_wconf 88' lang='lat' dir='ltr'><strong>Ribadeneyra</strong></span> <span class='ocrx_word' id='word_1_188' title='bbox 964 2879 1088 2942; x_wconf 88' lang='lat' dir='ltr'><strong>ivisset</strong></span> <span class='ocrx_word' id='word_1_189' title='bbox 1108 2878 1180 2942; x_wconf 66' lang='grc' dir='ltr'><strong>26.ει</strong></span> <span class='ocrx_word' id='word_1_190' title='bbox 1193 2879 1301 2962; x_wconf 92' lang='lat' dir='ltr'><strong>Junii,</strong></span> <span class='ocrx_word' id='word_1_191' title='bbox 1322 2882 1464 2946; x_wconf 90' lang='lat' dir='ltr'><strong>curavit</strong></span> 
     </span>
     <span class='ocr_line' id='line_1_25' title="bbox 232 2984 1461 3067; baseline 0 -15"><span class='ocrx_word' id='word_1_192' title='bbox 232 3000 269 3052; x_wconf 91' lang='lat' dir='ltr'><strong>ut</strong></span> <span class='ocrx_word' id='word_1_193' title='bbox 284 2989 323 3052; x_wconf 89' lang='lat' dir='ltr'><strong>P.</strong></span> <span class='ocrx_word' id='word_1_194' title='bbox 341 2987 530 3067; x_wconf 88' lang='lat' dir='ltr'><strong>Quintinus</strong></span> <span class='ocrx_word' id='word_1_195' title='bbox 545 3003 608 3067; x_wconf 91' lang='lat' dir='ltr'><strong>per</strong></span> <span class='ocrx_word' id='word_1_196' title='bbox 623 2985 720 3048; x_wconf 90' lang='lat' dir='ltr'><strong>viam</strong></span> <span class='ocrx_word' id='word_1_197' title='bbox 735 2984 938 3048; x_wconf 90' lang='lat' dir='ltr'><strong>donationis</strong></span> <span class='ocrx_word' id='word_1_198' title='bbox 953 2985 1044 3048; x_wconf 91' lang='lat' dir='ltr'><strong>inter</strong></span> <span class='ocrx_word' id='word_1_199' title='bbox 1059 2985 1164 3048; x_wconf 90' lang='lat' dir='ltr'><strong>vivos</strong></span> <span class='ocrx_word' id='word_1_200' title='bbox 1179 3005 1220 3048; x_wconf 86' lang='lat' dir='ltr'><strong>ea</strong></span> <span class='ocrx_word' id='word_1_201' title='bbox 1234 2987 1379 3052; x_wconf 92' lang='lat' dir='ltr'><strong>mobilia</strong></span> <span class='ocrx_word' id='word_1_202' title='bbox 1399 2987 1461 3052; x_wconf 89' lang='lat' dir='ltr'><strong>So·</strong></span> 
     </span>
     <span class='ocr_line' id='line_1_26' title="bbox 232 3090 1460 3173; baseline 0 -13"><span class='ocrx_word' id='word_1_203' title='bbox 232 3096 352 3161; x_wconf 91' lang='lat' dir='ltr'><strong>cietati</strong></span> <span class='ocrx_word' id='word_1_204' title='bbox 370 3095 486 3172; x_wconf 88' lang='lat' dir='ltr'><strong>daret,</strong></span> <span class='ocrx_word' id='word_1_205' title='bbox 511 3110 603 3173; x_wconf 90' lang='lat' dir='ltr'><strong>quae</strong></span> <span class='ocrx_word' id='word_1_206' title='bbox 627 3110 692 3172; x_wconf 90' lang='lat' dir='ltr'><strong>pro</strong></span> <span class='ocrx_word' id='word_1_207' title='bbox 712 3100 926 3155; x_wconf 89' lang='lat' dir='ltr'><strong>testamento</strong></span> <span class='ocrx_word' id='word_1_208' title='bbox 951 3090 1181 3173; x_wconf 79' lang='lat' dir='ltr'><strong>¹relinquere</strong></span> <span class='ocrx_word' id='word_1_209' title='bbox 1207 3093 1460 3160; x_wconf 87' lang='lat' dir='ltr'><strong>destinaverat.</strong></span> 
     </span>
     <span class='ocr_line' id='line_1_27' title="bbox 231 3196 1462 3281; baseline 0.001 -15"><span class='ocrx_word' id='word_1_210' title='bbox 231 3203 313 3280; x_wconf 80' lang='lat' dir='ltr'><strong>Egit</strong></span> <span class='ocrx_word' id='word_1_211' title='bbox 328 3202 434 3266; x_wconf 87' lang='lat' dir='ltr'><strong>etiam</strong></span> <span class='ocrx_word' id='word_1_212' title='bbox 451 3200 494 3263; x_wconf 90' lang='lat' dir='ltr'><strong>de</strong></span> <span class='ocrx_word' id='word_1_213' title='bbox 508 3199 648 3263; x_wconf 86' lang='lat' dir='ltr'><strong>ratione</strong></span> <span class='ocrx_word' id='word_1_214' title='bbox 663 3196 857 3261; x_wconf 89' lang='lat' dir='ltr'><strong>inchoandi</strong></span> <span class='ocrx_word' id='word_1_215' title='bbox 872 3197 1021 3277; x_wconf 85' lang='lat' dir='ltr'><strong>Collegii</strong></span> <span class='ocrx_word' id='word_1_216' title='bbox 1036 3216 1082 3261; x_wconf 85' lang='lat' dir='ltr'><strong>ex</strong></span> <span class='ocrx_word' id='word_1_217' title='bbox 1102 3199 1274 3263; x_wconf 91' lang='lat' dir='ltr'><strong>reditibus</strong></span> <span class='ocrx_word' id='word_1_218' title='bbox 1290 3203 1462 3281; x_wconf 90' lang='lat' dir='ltr'><strong>praedicti</strong></span> 
     </span>
     <span class='ocr_line' id='line_1_28' title="bbox 230 3305 1385 3388; baseline -0.009 -15"><span class='ocrx_word' id='word_1_219' title='bbox 230 3309 268 3374; x_wconf 92' lang='lat' dir='ltr'><strong>P.</strong></span> <span class='ocrx_word' id='word_1_220' title='bbox 287 3308 456 3388; x_wconf 88' lang='lat' dir='ltr'><strong>Quintini,</strong></span> <span class='ocrx_word' id='word_1_221' title='bbox 473 3317 510 3370; x_wconf 91' lang='lat' dir='ltr'><strong>ut</strong></span> <span class='ocrx_word' id='word_1_222' title='bbox 525 3308 630 3387; x_wconf 90' lang='lat' dir='ltr'><strong>paulo</strong></span> <span class='ocrx_word' id='word_1_223' title='bbox 646 3316 728 3370; x_wconf 87' lang='lat' dir='ltr'><strong>ante</strong></span> <span class='ocrx_word' id='word_1_224' title='bbox 743 3305 910 3369; x_wconf 79' lang='lat' dir='ltr'><strong>diximus</strong></span> <span class='ocrx_word' id='word_1_225' title='bbox 1381 3373 1385 3384; x_wconf 35' lang='grc' dir='ltr'>Ι</span> 
     </span>
    </p>

    <p class='ocr_par' dir='ltr' id='par_1_5' title="bbox 231 3410 1462 3818">
     <span class='ocr_line' id='line_1_29' title="bbox 290 3410 1462 3494; baseline 0 -15"><span class='ocrx_word' id='word_1_226' title='bbox 290 3415 381 3480; x_wconf 82' lang='grc'>2004.</span> <span class='ocrx_word' id='word_1_227' title='bbox 424 3415 508 3494; x_wconf 85' lang='lat' dir='ltr'><strong>Egit</strong></span> <span class='ocrx_word' id='word_1_228' title='bbox 522 3415 630 3477; x_wconf 90' lang='lat' dir='ltr'><strong>etiam</strong></span> <span class='ocrx_word' id='word_1_229' title='bbox 644 3429 726 3476; x_wconf 90' lang='lat' dir='ltr'><strong>eum</strong></span> <span class='ocrx_word' id='word_1_230' title='bbox 740 3412 865 3476; x_wconf 91' lang='lat' dir='ltr'><strong>eodem</strong></span> <span class='ocrx_word' id='word_1_231' title='bbox 885 3411 922 3474; x_wconf 91' lang='lat' dir='ltr'><strong>P.</strong></span> <span class='ocrx_word' id='word_1_232' title='bbox 947 3410 1117 3491; x_wconf 86' lang='lat' dir='ltr'><strong>Quintino</strong></span> <span class='ocrx_word' id='word_1_233' title='bbox 1138 3411 1182 3475; x_wconf 93' lang='lat' dir='ltr'><strong>de</strong></span> <span class='ocrx_word' id='word_1_234' title='bbox 1197 3414 1334 3478; x_wconf 88' lang='lat' dir='ltr'><strong>ratione</strong></span> <span class='ocrx_word' id='word_1_235' title='bbox 1360 3416 1462 3478; x_wconf 90' lang='lat' dir='ltr'><strong>relin-</strong></span> 
     </span>
     <span class='ocr_line' id='line_1_30' title="bbox 232 3519 1462 3605; baseline -0.001 -17"><span class='ocrx_word' id='word_1_236' title='bbox 232 3525 360 3605; x_wconf 90' lang='lat' dir='ltr'><strong>quendi</strong></span> <span class='ocrx_word' id='word_1_237' title='bbox 374 3522 671 3587; x_wconf 89' lang='lat' dir='ltr'><strong>monasteriorum</strong></span> <span class='ocrx_word' id='word_1_238' title='bbox 686 3537 821 3596; x_wconf 89' lang='lat' dir='ltr'><strong>curam,</strong></span> <span class='ocrx_word' id='word_1_239' title='bbox 838 3537 929 3600; x_wconf 86' lang='lat' dir='ltr'><strong>quae</strong></span> <span class='ocrx_word' id='word_1_240' title='bbox 942 3519 1040 3584; x_wconf 90' lang='lat' dir='ltr'><strong>illum</strong></span> <span class='ocrx_word' id='word_1_241' title='bbox 1051 3521 1156 3584; x_wconf 89' lang='lat' dir='ltr'><strong>nimis</strong></span> <span class='ocrx_word' id='word_1_242' title='bbox 1167 3522 1328 3600; x_wconf 83' lang='lat' dir='ltr'><strong>urgebat,</strong></span> <span class='ocrx_word' id='word_1_243' title='bbox 1342 3541 1462 3602; x_wconf 90' lang='lat' dir='ltr'><strong>quam-</strong></span> 
     </span>
     <span class='ocr_line' id='line_1_31' title="bbox 231 3627 1459 3713; baseline -0.002 -18"><span class='ocrx_word' id='word_1_244' title='bbox 231 3633 287 3695; x_wconf 88' lang='lat' dir='ltr'><strong>vis</strong></span> <span class='ocrx_word' id='word_1_245' title='bbox 311 3630 523 3713; x_wconf 89' lang='lat' dir='ltr'><strong>pedetentim</strong></span> <span class='ocrx_word' id='word_1_246' title='bbox 549 3627 812 3709; x_wconf 89' lang='lat' dir='ltr'><strong>procedendum</strong></span> <span class='ocrx_word' id='word_1_247' title='bbox 827 3636 915 3705; x_wconf 90' lang='lat' dir='ltr'><strong>erat,</strong></span> <span class='ocrx_word' id='word_1_248' title='bbox 932 3636 971 3690; x_wconf 91' lang='lat' dir='ltr'><strong>ut</strong></span> <span class='ocrx_word' id='word_1_249' title='bbox 992 3627 1055 3691; x_wconf 87' lang='lat' dir='ltr'><strong>vix</strong></span> <span class='ocrx_word' id='word_1_250' title='bbox 1075 3627 1296 3692; x_wconf 89' lang='lat' dir='ltr'><strong>inveniretur</strong></span> <span class='ocrx_word' id='word_1_251' title='bbox 1321 3629 1459 3710; x_wconf 81' lang='lat' dir='ltr'><strong>aliquiS,</strong></span> 
     </span>
     <span class='ocr_line' id='line_1_32' title="bbox 232 3734 1185 3818; baseline -0.005 -14"><span class='ocrx_word' id='word_1_252' title='bbox 232 3740 289 3804; x_wconf 92' lang='lat' dir='ltr'><strong>cui</strong></span> <span class='ocrx_word' id='word_1_253' title='bbox 303 3739 487 3803; x_wconf 88' lang='lat' dir='ltr'><strong>charitatis</strong></span> <span class='ocrx_word' id='word_1_254' title='bbox 502 3753 609 3818; x_wconf 88' lang='lat' dir='ltr'><strong>opera</strong></span> <span class='ocrx_word' id='word_1_255' title='bbox 625 3734 825 3816; x_wconf 91' lang='lat' dir='ltr'><strong>hujusmodi</strong></span> <span class='ocrx_word' id='word_1_256' title='bbox 841 3735 1015 3798; x_wconf 89' lang='lat' dir='ltr'><strong>committi</strong></span> <span class='ocrx_word' id='word_1_257' title='bbox 1028 3747 1185 3815; x_wconf 87' lang='lat' dir='ltr'><strong>possent.</strong></span> 
     </span>
    </p>

    <p class='ocr_par' dir='ltr' id='par_1_6' title="bbox 229 3841 1462 4246">
     <span class='ocr_line' id='line_1_33' title="bbox 290 3841 1462 3926; baseline -0.003 -16"><span class='ocrx_word' id='word_1_258' title='bbox 290 3845 382 3910; x_wconf 76' lang='lat'><strong>2005.</strong></span> <span class='ocrx_word' id='word_1_259' title='bbox 426 3844 601 3926; x_wconf 88' lang='lat' dir='ltr'><strong>Coeperat</strong></span> <span class='ocrx_word' id='word_1_260' title='bbox 616 3843 727 3922; x_wconf 89' lang='lat' dir='ltr'><strong>pestis</strong></span> <span class='ocrx_word' id='word_1_261' title='bbox 741 3859 813 3906; x_wconf 92' lang='lat' dir='ltr'><strong>non</strong></span> <span class='ocrx_word' id='word_1_262' title='bbox 828 3841 1133 3922; x_wconf 79' lang='lat' dir='ltr'><strong>solum&#39;l&#39;ornaci,</strong></span> <span class='ocrx_word' id='word_1_263' title='bbox 1155 3842 1217 3906; x_wconf 90' lang='lat' dir='ltr'><strong>sed</strong></span> <span class='ocrx_word' id='word_1_264' title='bbox 1232 3851 1266 3904; x_wconf 92' lang='lat' dir='ltr'><strong>et</strong></span> <span class='ocrx_word' id='word_1_265' title='bbox 1286 3842 1462 3908; x_wconf 87' lang='lat' dir='ltr'><strong>Bruxellis</strong></span> 
     </span>
     <span class='ocr_line' id='line_1_34' title="bbox 230 3949 1461 4035; baseline -0.003 -18"><span class='ocrx_word' id='word_1_266' title='bbox 230 3954 369 4035; x_wconf 88' lang='lat' dir='ltr'><strong>aliquos</strong></span> <span class='ocrx_word' id='word_1_267' title='bbox 383 3954 426 4017; x_wconf 92' lang='lat' dir='ltr'><strong>de</strong></span> <span class='ocrx_word' id='word_1_268' title='bbox 441 3951 558 4015; x_wconf 91' lang='lat' dir='ltr'><strong>medio</strong></span> <span class='ocrx_word' id='word_1_269' title='bbox 572 3952 709 4030; x_wconf 77' lang='lat' dir='ltr'><strong>tollere,</strong></span> <span class='ocrx_word' id='word_1_270' title='bbox 725 3957 759 4012; x_wconf 90' lang='lat' dir='ltr'><strong>et</strong></span> <span class='ocrx_word' id='word_1_271' title='bbox 771 3949 820 4012; x_wconf 88' lang='lat' dir='ltr'><strong>ita</strong></span> <span class='ocrx_word' id='word_1_272' title='bbox 832 3958 907 4012; x_wconf 88' lang='lat' dir='ltr'><strong>tam</strong></span> <span class='ocrx_word' id='word_1_273' title='bbox 917 3949 1114 4030; x_wconf 90' lang='lat' dir='ltr'><strong>Imperator</strong></span> <span class='ocrx_word' id='word_1_274' title='bbox 1125 3967 1232 4030; x_wconf 89' lang='lat' dir='ltr'><strong>quam</strong></span> <span class='ocrx_word' id='word_1_275' title='bbox 1244 3949 1322 4015; x_wconf 85' lang='lat' dir='ltr'><strong>Rex</strong></span> <span class='ocrx_word' id='word_1_276' title='bbox 1333 3949 1461 4031; x_wconf 88' lang='lat' dir='ltr'><strong>Philip·</strong></span> 
     </span>
     <span class='ocr_line' id='line_1_35' title="bbox 229 4053 1461 4140; baseline -0.002 -17"><span class='ocrx_word' id='word_1_277' title='bbox 229 4077 296 4140; x_wconf 91' lang='lat' dir='ltr'><strong>pus</strong></span> <span class='ocrx_word' id='word_1_278' title='bbox 310 4071 346 4122; x_wconf 91' lang='lat' dir='ltr'><strong>et</strong></span> <span class='ocrx_word' id='word_1_279' title='bbox 359 4058 517 4139; x_wconf 83' lang='lat' dir='ltr'><strong>Reginae</strong></span> <span class='ocrx_word' id='word_1_280' title='bbox 531 4055 705 4120; x_wconf 87' lang='lat' dir='ltr'><strong>Franciae</strong></span> <span class='ocrx_word' id='word_1_281' title='bbox 719 4065 753 4119; x_wconf 92' lang='lat' dir='ltr'><strong>et</strong></span> <span class='ocrx_word' id='word_1_282' title='bbox 764 4056 986 4135; x_wconf 82' lang='lat' dir='ltr'><strong>Hungariae,</strong></span> <span class='ocrx_word' id='word_1_283' title='bbox 998 4053 1118 4119; x_wconf 92' lang='lat' dir='ltr'><strong>Caroli</strong></span> <span class='ocrx_word' id='word_1_284' title='bbox 1129 4072 1283 4136; x_wconf 79' lang='lat' dir='ltr'><strong>sororeS,</strong></span> <span class='ocrx_word' id='word_1_285' title='bbox 1294 4057 1341 4120; x_wconf 92' lang='lat' dir='ltr'><strong>ad</strong></span> <span class='ocrx_word' id='word_1_286' title='bbox 1357 4075 1461 4138; x_wconf 87' lang='lat' dir='ltr'><strong>quae·</strong></span> 
     </span>
     <span class='ocr_line' id='line_1_36' title="bbox 229 4162 1462 4246; baseline -0.002 -16"><span class='ocrx_word' id='word_1_287' title='bbox 229 4167 311 4230; x_wconf 89' lang='lat' dir='ltr'><strong>dam</strong></span> <span class='ocrx_word' id='word_1_288' title='bbox 337 4167 417 4229; x_wconf 87' lang='lat' dir='ltr'><strong>loca</strong></span> <span class='ocrx_word' id='word_1_289' title='bbox 437 4181 547 4246; x_wconf 92' lang='lat' dir='ltr'><strong>prope</strong></span> <span class='ocrx_word' id='word_1_290' title='bbox 573 4162 773 4227; x_wconf 89' lang='lat' dir='ltr'><strong>Lovanium</strong></span> <span class='ocrx_word' id='word_1_291' title='bbox 798 4162 1034 4241; x_wconf 88' lang='lat' dir='ltr'><strong>diverterant;</strong></span> <span class='ocrx_word' id='word_1_292' title='bbox 1055 4171 1090 4224; x_wconf 91' lang='lat' dir='ltr'><strong>et</strong></span> <span class='ocrx_word' id='word_1_293' title='bbox 1104 4162 1183 4226; x_wconf 91' lang='lat' dir='ltr'><strong>ideo</strong></span> <span class='ocrx_word' id='word_1_294' title='bbox 1203 4181 1241 4227; x_wconf 90' lang='lat' dir='ltr'><strong>se</strong></span> <span class='ocrx_word' id='word_1_295' title='bbox 1260 4163 1462 4228; x_wconf 88' lang='lat' dir='ltr'><strong>Lovanium</strong></span> 
     </span>
    </p>
   </div>
   <div class='ocr_carea' id='block_1_3' title="bbox 270 4329 1462 4388">
    <p class='ocr_par' dir='ltr' id='par_1_7' title="bbox 270 4329 1462 4388">
     <span class='ocr_line' id='line_1_37' title="bbox 270 4329 1462 4388; baseline -0.002 -10"><span class='ocrx_word' id='word_1_296' title='bbox 270 4337 279 4368; x_wconf 83' lang='lat'>¹</span> <span class='ocrx_word' id='word_1_297' title='bbox 307 4333 430 4388; x_wconf 77' lang='lat' dir='ltr'><strong>“Jacques</strong></span> <span class='ocrx_word' id='word_1_298' title='bbox 440 4331 548 4385; x_wconf 86' lang='lat' dir='ltr'><strong>Ollvler,</strong></span> <span class='ocrx_word' id='word_1_299' title='bbox 556 4334 618 4376; x_wconf 81' lang='lat' dir='ltr'><strong>core</strong></span> <span class='ocrx_word' id='word_1_300' title='bbox 630 4332 660 4375; x_wconf 90' lang='lat' dir='ltr'><strong>de</strong></span> <span class='ocrx_word' id='word_1_301' title='bbox 672 4329 868 4386; x_wconf 75' lang='lat' dir='ltr'><strong>Salat-Jacques</strong></span> <span class='ocrx_word' id='word_1_302' title='bbox 878 4333 894 4375; x_wconf 76' lang='lat' dir='ltr'><strong>a</strong></span> <span class='ocrx_word' id='word_1_303' title='bbox 903 4329 1018 4376; x_wconf 80' lang='lat' dir='ltr'><strong>Touroai</strong></span> <span class='ocrx_word' id='word_1_304' title='bbox 1034 4336 1060 4374; x_wconf 87' lang='lat' dir='ltr'><strong>et</strong></span> <span class='ocrx_word' id='word_1_305' title='bbox 1069 4330 1176 4374; x_wconf 76' lang='lat' dir='ltr'><strong>licencia</strong></span> <span class='ocrx_word' id='word_1_306' title='bbox 1186 4342 1218 4375; x_wconf 89' lang='lat' dir='ltr'><strong>eo</strong></span> <span class='ocrx_word' id='word_1_307' title='bbox 1228 4331 1378 4386; x_wconf 71' lang='lat' dir='ltr'><strong>theologie...</strong></span> <span class='ocrx_word' id='word_1_308' title='bbox 1393 4331 1462 4376; x_wconf 74' lang='lat' dir='ltr'><strong>Dm·</strong></span> 
     </span>
    </p>
   </div>
   <div class='ocr_carea' id='block_1_4' title="bbox 229 4407 1464 4602">
    <p class='ocr_par' dir='ltr' id='par_1_8' title="bbox 229 4407 1464 4602">
     <span class='ocr_line' id='line_1_38' title="bbox 315 4407 525 4456; baseline -0.005 0"><span class='ocrx_word' id='word_1_309' title='bbox 315 4438 320 4456; x_wconf 83' lang='grc'>.</span> <span class='ocrx_word' id='word_1_310' title='bbox 340 4437 347 4450; x_wconf 90' lang='lat'><strong>·</strong></span> <span class='ocrx_word' id='word_1_311' title='bbox 453 4407 477 4450; x_wconf 90' lang='lat' dir='ltr'><strong>.l</strong></span> <span class='ocrx_word' id='word_1_312' title='bbox 496 4407 525 4450; x_wconf 54' lang='lat'><strong>¹*-</strong></span> 
     </span>
     <span class='ocr_line' id='line_1_39' title="bbox 229 4407 1460 4532; baseline -0.004 -9"><span class='ocrx_word' id='word_1_313' title='bbox 229 4407 495 4532; x_wconf 46' lang='lat' dir='ltr'><strong>nzczloleecpeffihld</strong></span> <span class='ocrx_word' id='word_1_314' title='bbox 506 4476 721 4522; x_wconf 73' lang='lat' dir='ltr'><strong>librarlosnetelo</strong></span> <span class='ocrx_word' id='word_1_315' title='bbox 729 4475 789 4531; x_wconf 83' lang='lat' dir='ltr'><strong>qnid</strong></span> <span class='ocrx_word' id='word_1_316' title='bbox 800 4475 922 4529; x_wconf 74' lang='lat' dir='ltr'><strong>aeribere;</strong></span> <span class='ocrx_word' id='word_1_317' title='bbox 934 4475 978 4518; x_wconf 86' lang='lat' dir='ltr'><strong>sed</strong></span> <span class='ocrx_word' id='word_1_318' title='bbox 988 4485 1045 4518; x_wconf 87' lang='lat' dir='ltr'><strong>cum</strong></span> <span class='ocrx_word' id='word_1_319' title='bbox 1054 4473 1193 4518; x_wconf 83' lang='lat' dir='ltr'><strong>emendare</strong></span> <span class='ocrx_word' id='word_1_320' title='bbox 1198 4474 1291 4519; x_wconf 80' lang='lat' dir='ltr'><strong>statim</strong></span> <span class='ocrx_word' id='word_1_321' title='bbox 1301 4473 1368 4529; x_wconf 86' lang='lat' dir='ltr'><strong>quod</strong></span> <span class='ocrx_word' id='word_1_322' title='bbox 1379 4445 1460 4526; x_wconf 52' lang='lat' dir='ltr'><strong>ocrl&#39;o·</strong></span> 
     </span>
     <span class='ocr_line' id='line_1_40' title="bbox 229 4545 1464 4602; baseline -0.004 -8"><span class='ocrx_word' id='word_1_323' title='bbox 229 4555 301 4595; x_wconf 76' lang='lat' dir='ltr'><strong>serat</strong></span> <span class='ocrx_word' id='word_1_324' title='bbox 311 4551 445 4602; x_wconf 80' lang='lat' dir='ltr'><strong>voluisset,</strong></span> <span class='ocrx_word' id='word_1_325' title='bbox 456 4560 502 4593; x_wconf 90' lang='lat' dir='ltr'><strong>nec</strong></span> <span class='ocrx_word' id='word_1_326' title='bbox 517 4550 581 4592; x_wconf 83' lang='lat' dir='ltr'><strong>bene</strong></span> <span class='ocrx_word' id='word_1_327' title='bbox 597 4548 623 4591; x_wconf 93' lang='lat' dir='ltr'><strong>ln</strong></span> <span class='ocrx_word' id='word_1_328' title='bbox 640 4547 819 4592; x_wconf 83' lang='lat' dir='ltr'><strong>emendatione</strong></span> <span class='ocrx_word' id='word_1_329' title='bbox 834 4547 994 4602; x_wconf 86' lang='lat' dir='ltr'><strong>procederet;</strong></span> <span class='ocrx_word' id='word_1_330' title='bbox 1008 4557 1065 4590; x_wconf 85' lang='lat' dir='ltr'><strong>rem</strong></span> <span class='ocrx_word' id='word_1_331' title='bbox 1078 4545 1290 4590; x_wconf 72' lang='lat' dir='ltr'><strong>oemtcootecmn</strong></span> <span class='ocrx_word' id='word_1_332' title='bbox 1303 4547 1418 4602; x_wconf 78' lang='lat' dir='ltr'><strong>reliquit,</strong></span> <span class='ocrx_word' id='word_1_333' title='bbox 1434 4551 1464 4589; x_wconf 91' lang='lat' dir='ltr'><strong>et</strong></span> 
     </span>
    </p>
   </div>
   <div class='ocr_carea' id='block_1_5' title="bbox 228 4617 981 4675">
    <p class='ocr_par' dir='ltr' id='par_1_9' title="bbox 228 4617 981 4675">
     <span class='ocr_line' id='line_1_41' title="bbox 228 4617 981 4675; baseline -0.005 -9"><span class='ocrx_word' id='word_1_334' title='bbox 228 4621 312 4666; x_wconf 83' lang='lat' dir='ltr'><strong>denuo</strong></span> <span class='ocrx_word' id='word_1_335' title='bbox 322 4621 477 4666; x_wconf 88' lang='lat' dir='ltr'><strong>locutionem</strong></span> <span class='ocrx_word' id='word_1_336' title='bbox 485 4621 622 4675; x_wconf 78' lang='lat' dir='ltr'><strong>integram,</strong></span> <span class='ocrx_word' id='word_1_337' title='bbox 633 4627 705 4664; x_wconf 87' lang='lat' dir='ltr'><strong>reete</strong></span> <span class='ocrx_word' id='word_1_338' title='bbox 716 4619 826 4674; x_wconf 82' lang='lat' dir='ltr'><strong>quidem,</strong></span> <span class='ocrx_word' id='word_1_339' title='bbox 837 4617 981 4673; x_wconf 78' lang='lat' dir='ltr'><strong>rescripsit.</strong></span> 
     </span>
    </p>
   </div>
   <div class='ocr_carea' id='block_1_6' title="bbox 376 4674 1354 4778">
    <p class='ocr_par' dir='ltr' id='par_1_10' title="bbox 376 4674 1354 4778">
     <span class='ocr_line' id='line_1_42' title="bbox 376 4674 1354 4778; baseline -0.002 -12"><span class='ocrx_word' id='word_1_340' title='bbox 376 4709 414 4766; x_wconf 85' lang='lat' dir='ltr'><strong>T.</strong></span> <span class='ocrx_word' id='word_1_341' title='bbox 435 4727 475 4766; x_wconf 85' lang='lat' dir='ltr'><strong>vr.</strong></span> <span class='ocrx_word' id='word_1_342' title='bbox 1251 4721 1286 4778; x_wconf 85' lang='lat'><strong>30</strong></span> <span class='ocrx_word' id='word_1_343' title='bbox 1350 4674 1354 4681; x_wconf 30' lang='lat'><strong><em>¹</em></strong></span> 
     </span>
    </p>
   </div>
   <div class='ocr_carea' id='block_1_7' title="bbox 0 0 1826 5350">
    <p class='ocr_par' dir='ltr' id='par_1_11' title="bbox 0 0 1826 5350">
     <span class='ocr_line' id='line_1_43' title="bbox 0 0 1826 5350; baseline 0 2"><span class='ocrx_word' id='word_1_344' title='bbox 0 0 1826 5350; x_wconf 95' lang='lat' dir='ltr'><strong> </strong></span> 
     </span>
    </p>
   </div>
  </div>
 </body>
</html>
