3642 5350
817 408 881 471 Aa.
903 408 973 471 loto
1461 406 1516 467 219

284 566 424 638 gestum
447 554 590 623 offerret
615 554 653 624 P.
670 556 850 639 Baptistae
869 569 903 623 et
924 557 969 623 ad
990 554 1266 640 praedicandum
1290 570 1371 621 eum
1396 552 1514 619 horta·

285 674 394 731 retur.

344 772 416 837 808.
458 772 554 839 Idem
568 772 823 853 suffraganeus
841 774 971 854 agebat
991 772 1035 839 de
1055 771 1214 852 Collegio
1230 770 1265 836 in
1286 768 1439 853 quodam
1455 784 1513 849 op·

287 880 371 962 pido
384 879 530 945 dominii
544 881 716 945 Lucensis
729 880 956 961 instituendo,
972 890 1007 945 et
1021 880 1066 945 ad
1086 880 1241 961 quinque
1263 875 1515 941 sustentandos

275 989 490 1053 necessaria
504 989 580 1069 ipse
594 987 775 1054 offerebat.
791 988 860 1053 Sed
875 988 1091 1071 significavit
1106 988 1138 1051 ei
1152 986 1191 1051 P.
1212 984 1377 1051 Andreas
1391 982 1514 1065 hujus·

287 1096 382 1161 modi
395 1095 591 1175 Collegiola
605 1114 644 1160 se
657 1114 730 1161 nou
741 1097 886 1161 credere
901 1095 1131 1161 admittenda.

344 1202 417 1267 809.
459 1202 581 1285 Aliqui
594 1204 702 1268 etiam
717 1204 823 1268 amici
843 1205 887 1269 de
907 1202 1066 1285 Collegio
1086 1201 1281 1267 Ravennae
1299 1201 1514 1269 instituendo

286 1310 452 1391 agebant,
478 1321 513 1375 et
538 1310 584 1375 ad
610 1329 669 1375 res
692 1311 962 1393 praeparandas
987 1310 1278 1375 concionatorem
1303 1308 1392 1373 mitti
1418 1314 1513 1389 opta·

288 1417 382 1481 baut.
409 1416 454 1482 Et
472 1434 554 1483 cum
572 1418 646 1482 lere
670 1417 952 1499 quadringentas
971 1418 1141 1481 ecclesias
1164 1416 1310 1481 haberet
1329 1398 1513 1495 Ravenna,

287 1540 395 1589 unam
414 1525 480 1589 sub
498 1524 725 1590 invocatione
749 1523 871 1589 Sancti
893 1524 1047 1606 Spiritus
1068 1534 1305 1605 opportunam
1327 1520 1402 1591 lore
1424 1522 1514 1587 diee-

288 1633 385 1711 bant,
401 1648 492 1715 quae
506 1633 553 1696 ad
568 1633 758 1714 quamdam
774 1632 964 1697 Abbatiam
980 1631 1190 1712 pertinebat.

346 1738 419 1802 810.
461 1738 663 1805 Ariminum
677 1739 758 1804 inde
772 1740 1018 1821 progrediens,
1030 1738 1202 1803 intellexit
1214 1739 1259 1803 ub
1271 1738 1387 1803 amico
1398 1736 1514 1803 Socie-

290 1846 385 1926 tatis,
401 1845 446 1910 D.
462 1846 599 1930 Joanne
613 1846 789 1927 Modesto,
808 1847 982 1911 canonico
997 1851 1018 1926 ¹,
1035 1864 1054 1909 a
1079 1846 1198 1911 multis
1217 1846 1380 1927 exoptati
1399 1843 1514 1911 Socie-

288 1962 398 2017 tatem
413 1961 460 2033 et,
476 1952 571 2035 quod
586 1954 787 2019 mirandum
804 1954 1009 2033 videbatur,
1031 1954 1138 2019 etiam
1157 1970 1179 2019 a
1200 1952 1461 2031 sacerdotibus3
1480 1960 1514 2017 et

288 2060 442 2125 ostendit
456 2060 489 2125 ei
503 2060 590 2126 illud
603 2061 775 2142 palatium
789 2062 941 2141 insigne,
963 2061 1057 2143 quod
1076 2060 1122 2125 ad
1142 2077 1244 2127 usum
1258 2059 1407 2140 Collegil
1426 2058 1514 2127 desi·

286 2178 487 2247 gnaverant
511 2167 533 2248 ',
557 2185 637 2233 eum
658 2169 705 2233 ibi
725 2168 763 2233 P.
784 2170 898 2235 Olave
917 2169 1148 2233 concionatus
1172 2168 1308 2233 fuisset.
1331 2166 1513 2249 Quaedam

287 2276 395 2339 etiam
409 2274 685 2341 confraternitas
700 2277 915 2342 frumentum
930 2276 976 2341 ad
995 2293 1097 2341 usum
1117 2275 1245 2357 viginti
1265 2290 1511 2357 personarum,

287 2391 322 2446 et
335 2382 465 2447 civitas
478 2382 633 2465 aliquam
650 2386 820 2467 pecuniae
834 2401 1020 2463 summam,
1037 2399 1143 2465 quam
1154 2382 1303 2464 singuiis
1314 2382 1417 2450 aunis
1428 2382 1513 2449 ludi·

286 2490 459 2571 magistro
473 2490 559 2555 dare
573 2493 746 2572 solebant,
764 2492 851 2557 dare
865 2503 992 2574 parata
1008 2501 1096 2557 erat.

345 2596 416 2661 811.
460 2597 545 2663 lude
569 2598 761 2666 Lauretum
787 2601 968 2684 proiectus
993 2598 1016 2682 ³,
1044 2600 1218 2681 vigesima
1244 2614 1337 2665 nona
1363 2598 1513 2669 Novem·

288 2705 362 2772 bris
380 2723 425 2772 eo
438 2708 612 2790 pervenit.

631 3137 697 3205 DE
717 3138 952 3206 COLLEGIO
974 3139 1166 3207 VENETO

345 3458 417 3524 812.
459 3459 498 3525 P.
515 3461 650 3526 Caesar
669 3461 817 3528 Heimus
836 3464 918 3528 huic
938 3463 1098 3544 Collegio
1118 3473 1282 3546 praeerat
1297 3461 1320 3543 ⁴,
1337 3472 1371 3528 et
1393 3473 1512 3527 tamen

287 3565 412 3631 diebus
424 3567 526 3632 festis
538 3570 726 3634 lectionem
740 3587 867 3635 sacrae
881 3570 1088 3652 scripturae
1103 3571 1393 3654 prosequebatur.
1410 3569 1513 3633 Prius

287 3672 429 3754 quidem
462 3675 696 3756 Evangelium
728 3678 1027 3760 interpretabatur
1055 3679 1144 3743 satis
1170 3677 1346 3760 frequenti
1379 3675 1514 3740 audito·

286 3781 354 3861 rio;
369 3779 496 3846 deiude
509 3783 666 3864 psalmos
684 3785 955 3866 poenitentiales
978 3802 1147 3850 enarrare
1168 3785 1283 3867 coepit
1302 3783 1513 3867 frequentio-
1615 3837 1618 3844 .

287 3887 317 3952 ri
331 3889 440 3954 etiam
454 3890 680 3971 multitudini,
697 3910 789 3973 quae
805 3911 887 3958 cum
900 3878 1059 3958 maxima
1073 3895 1266 3958 attentione
1281 3903 1316 3957 et
1324 3891 1514 3956 devotione

285 4012 367 4060 eum
381 3996 556 4077 audiebat,
573 3998 663 4062 adeo
679 4009 717 4062 ut
733 4000 873 4064 animos
888 4001 938 4064 illi
953 4000 1100 4081 faceret,
1124 4002 1184 4084 qui
1205 4000 1336 4081 alioqui
1358 3998 1514 4063 subtimi-

286 4103 351 4167 dus
374 4103 411 4168 in
431 4102 632 4186 hujusmodi
653 4105 894 4172 functionibus
915 4125 993 4172 esse
1020 4109 1168 4174 solebat.
1196 4107 1265 4174 Sed
1291 4123 1372 4172 cum
1403 4107 1514 4188 pestis

286 4211 337 4276 illi
352 4211 490 4276 civitati
505 4212 634 4277 infesta
653 4230 733 4278 esse
758 4215 950 4296 coepisset,
973 4218 1161 4283 lectionem
1184 4217 1345 4282 omittere
1366 4223 1513 4282 coactus

328 4453 337 4485 ¹
367 4453 435 4500 Vide
445 4467 532 4511 supra,
544 4461 562 4501 t.
571 4467 609 4512 nr,
619 4467 680 4513 pun.
690 4459 726 4513 21,
737 4469 761 4503 ιι.
772 4457 810 4504 ul.

326 4529 338 4560 Ι
367 4528 436 4573 Vide
446 4528 551 4581 ibidem,
561 4540 622 4585 paz.
632 4530 654 4580 6.
665 4541 691 4574 ιι.
698 4531 719 4575 2.

327 4601 339 4633 ⁸
366 4601 395 4646 Ρ.
407 4600 526 4645 Andreas
535 4600 728 4657 Bounimepuu.

328 4660 343 4707 δ’
355 4667 434 4718 'Vtile
442 4683 532 4729 ιιιιιιι,
542 4677 560 4718 t.
571 4685 598 4729 v,
616 4683 677 4729 pun.
688 4675 736 4731 lui,
747 4685 772 4719 ιι.
782 4674 830 4722 tto.
