3642 5350
801 469 865 528 Art.
887 468 957 529 1556
1439 469 1493 530 859

261 614 443 680 decretum
453 614 626 680 Ocaniam
640 615 816 697 perlatum
830 623 895 694 est,
904 631 975 696 quo
983 611 1130 695 jubebat
1141 613 1429 680 Protonotarium
1446 617 1492 680 ad

262 738 301 786 se
315 721 477 786 Toletum
492 721 626 801 venire,
642 731 677 786 et
691 722 833 786 interim
846 721 1043 803 constituit,
1056 730 1095 787 ut
1106 722 1143 786 in
1157 722 1340 788 ocaniensi
1351 725 1439 789 urbe
1457 725 1493 788 in

264 828 376 894 variis
395 829 555 894 ecclesiis
576 828 652 910 ejus
673 828 880 892 mandatum
902 829 968 893 sub
990 829 1102 894 variis
1121 830 1282 894 censuris
1303 831 1492 911 legeretur,

264 955 308 1001 ne
321 937 510 1018 collegium
520 935 579 1000 vel
589 935 765 1018 hospitale
775 935 1199 1018 aliquod,selnconsulto,
1212 935 1370 1003 Ocaniae
1380 937 1492 1020 fieret;

264 1043 315 1108 sic
331 1044 424 1109 enim
446 1043 636 1125 aliquando
655 1041 923 1124 significaverat
945 1042 1250 1126 Archiepiscopus
1271 1061 1311 1108 se
1329 1061 1401 1110 non
1416 1061 1493 1126 per·

264 1151 474 1230 missurum,
501 1161 540 1215 ut
563 1151 689 1215 domus
703 1151 762 1215 vel
781 1150 970 1231 collegium
989 1149 1177 1216 societatis
1196 1153 1233 1216 in
1252 1169 1317 1218 sua
1339 1152 1494 1218 dioecesi

263 1258 515 1338 institueretur,
538 1258 702 1340 quamvis
722 1257 760 1323 in
774 1258 852 1339 ipsa
871 1258 1019 1323 civitate
1033 1259 1190 1324 toletana
1204 1258 1262 1323 vir
1278 1259 1422 1340 quidam
1438 1277 1492 1325 ec·

263 1366 496 1446 clesiasticus,
512 1366 572 1448 qui
585 1347 637 1463 {²0-
651 1365 861 1431 ducatorum
876 1365 985 1430 annui
1000 1365 1134 1430 reditus
1148 1365 1280 1431 habere
1295 1365 1492 1449 dicebatur,

262 1474 404 1555 collegii
417 1475 546 1542 ibidem
561 1473 723 1555 erigendi
738 1476 957 1539 voluntatem
972 1471 1251 1552 significaverat.
1302 1548 1307 1559 ι

321 1580 413 1646 2832.
456 1581 602 1646 Interim
620 1580 892 1646 protonotarius
909 1579 1073 1646 Toletum
1093 1580 1285 1662 deductus,
1305 1599 1431 1664 aspere
1446 1583 1491 1647 ab

263 1690 545 1772 Archieplscopo
563 1697 729 1771 receptus
748 1697 818 1769 est,
843 1687 977 1753 additis
995 1688 1104 1752 etiam
1123 1687 1239 1769 minis,
1262 1697 1297 1754 et
1317 1690 1396 1755 loco
1416 1707 1491 1754 car·

265 1799 357 1863 ceris
372 1799 487 1880 ipsam
501 1796 684 1862 civitatem
698 1797 892 1861 toletanam
908 1795 940 1859 ei
956 1795 1064 1860 dedit.

324 1903 416 1970 2838.
458 1905 653 1970 Admonuit
667 1904 786 1985 itaque
800 1902 839 1967 Ρ.
855 1901 1033 1984 Ignatium
1048 1902 1318 1969 Protonotarius
1337 1913 1375 1969 ut
1389 1923 1492 1988 expe·

265 2014 332 2080 diri
346 2012 488 2096 quidem
499 2009 667 2094 [curaret]
682 2011 849 2075 unionem
862 2011 970 2076 trium
983 2011 1320 2092 praestimoniorum
1334 2021 1397 2077 aut
1412 2015 1493 2079 sim·

265 2123 409 2204 plicium
418 2119 669 2186 beneficiorum
677 2119 780 2201 juxta
791 2101 930 2184 litteras
940 2118 1208 2201 procuratorias
1219 2121 1256 2186 in
1268 2121 1401 2186 Urbem
1412 2123 1494 2188 mis·

265 2247 336 2310 sas,
353 2228 416 2293 sed
430 2245 477 2292 ex
490 2243 597 2292 manu
613 2226 742 2292 datarii
762 2243 833 2291 non
852 2241 934 2290 earn
954 2223 1163 2306 redimeret,
1189 2244 1256 2292 nec
1277 2244 1493 2294 consensum

264 2344 476 2418 praestaret,
497 2335 609 2399 donec
630 2332 903 2414 Archiepiscopi
923 2332 1159 2398 contradictio
1181 2345 1354 2414 cessaret,
1379 2337 1440 2417 qui
1456 2335 1494 2399 13

265 2443 321 2508 die
336 2442 545 2508 Decembris
555 2442 640 2505 anni
654 2441 808 2523 proximi
822 2438 1001 2521 quoddam
1015 2457 1118 2506 suum
1131 2440 1338 2507 mandatum
1353 2443 1492 2508 intima-

265 2551 297 2616 ri
321 2550 569 2616 Protonotario
585 2548 690 2629 jussit
708 2547 933 2629 nominatim,
955 2566 1000 2613 ne
1021 2546 1182 2632 [institui]
1198 2548 1295 2614 domi
1314 2567 1402 2615 suae
1424 2551 1492 2615 col·

265 2659 398 2739 legium
409 2659 466 2723 vel
481 2656 577 2723 aliud
588 2657 684 2739 pium
696 2671 786 2738 opus
796 2655 875 2735 (sub
886 2673 1001 2738 poena
1011 2657 1388 2723 excommunicationis
1398 2659 1493 2724 latae

267 2766 462 2831 sententiae
476 2774 510 2830 et
529 2764 803 2846 quingentorum
817 2763 1042 2844 ducatorum)
1057 2766 1291 2844 consentiret,
1308 2774 1343 2830 et
1357 2766 1422 2831 sub
1437 2784 1492 2831 ea·

267 2873 347 2938 dem
357 2890 472 2955 poena
482 2871 629 2953 J'ubebat
641 2879 679 2936 ut
689 2870 886 2935 remitteret
897 2870 1067 2953 quidquid
1079 2872 1114 2935 in
1126 2871 1194 2936 hoc
1206 2874 1349 2953 negotio
1361 2872 1493 2954 egisset
1570 2936 1573 2945 .

268 2979 371 3064 [sine]
386 2981 497 3062 ipsius
511 2977 783 3059 Archiepiscopi
798 2978 960 3043 consilio.

326 3085 417 3152 2834.
460 3084 583 3151 Paruit
610 3084 881 3150 Protonotarius
909 3093 945 3149 et
980 3085 1254 3151 instrumentum
1287 3097 1494 3153 contractus

266 3195 356 3276 initi,
369 3194 496 3259 timore
507 3209 739 3258 censurarum
750 3193 936 3272 adductus,
949 3192 1098 3257 consilio
1109 3191 1381 3278 Archiepiscopi
1394 3212 1494 3278 prae·

267 3302 438 3383 sentavit;
455 3302 516 3366 sed
529 3301 630 3382 haec,
643 3310 682 3366 ut
693 3300 842 3383 ipsemet
852 3299 1036 3364 admonuit
1050 3290 1281 3383 Societatem,
1290 3310 1328 3367 ut
1340 3318 1404 3367 suo
1416 3302 1495 3386 jnre

264 3408 339 3490 iam
352 3410 513 3491 quaesito
528 3416 696 3473 uteretur.
714 3406 909 3472 Consilium
923 3407 1065 3472 interim
1079 3406 1351 3492 Archiepiscopi
1361 3412 1494 3476 nullam

268 3516 541 3581 existimandam
554 3532 635 3580 esse
648 3514 928 3579 transactionem
949 3514 1026 3579 sive
1046 3522 1269 3580 contractum
1284 3532 1364 3581 cum
1380 3514 1496 3583 Socie-

268 3632 340 3689 tate
354 3623 488 3688 factum
502 3622 761 3705 pronuntiavit;
777 3632 813 3686 et
824 3622 945 3701 exegit
963 3621 1009 3685 ab
1024 3638 1066 3685 eo
1081 3621 1333 3703 obligationem
1348 3642 1420 3689 non
1434 3624 1495 3688 ha·

269 3730 374 3796 bendi
387 3738 503 3795 ratum
518 3746 584 3794 nec
598 3729 719 3793 utendi
733 3727 935 3809 hujusmodi
950 3736 1136 3801 contractu
1150 3737 1184 3793 et
1199 3746 1243 3793 ne
1260 3730 1383 3794 Toleto
1397 3747 1495 3813 egre·

269 3836 423 3918 deretur,
440 3838 553 3902 donec
573 3836 608 3900 id
622 3835 807 3900 effecisset.

329 3944 421 4009 2835.
464 3945 585 4009 Bonus
610 3954 730 4008 autem
757 3959 879 4023 senex,
906 3940 1069 4023 afflictus,
1096 3942 1378 4025 subquerebatur
1402 3946 1497 4027 quod

268 4042 306 4108 P.
327 4043 542 4108 Franciscus
555 4041 703 4123 Borgia,
716 4058 799 4105 cum
812 4039 1085 4122 Archiepiscopi
1098 4042 1256 4121 rigorem
1270 4053 1497 4124 perspectum

268 4151 426 4232 haberet,
442 4150 479 4215 in
493 4151 587 4215 hunc
601 4149 844 4231 labyrinthum
856 4148 996 4230 ingredi
1011 4147 1299 4214 Protonotarium
1314 4150 1497 4232 permisis·

267 4267 333 4335 set,
349 4256 462 4324 donec
476 4256 717 4323 difficultatem
731 4272 872 4321 omnem
886 4256 923 4319 in
937 4238 1006 4320 hoc
1021 4257 1165 4337 negotio
1179 4268 1399 4339 superasset.

326 4363 418 4431 2886.
460 4364 551 4446 Quia
566 4380 653 4429 vero
669 4361 837 4445 Princeps
849 4362 990 4445 Joanna
1005 4373 1040 4427 et
1054 4379 1222 4444 proceres
1239 4363 1409 4430 inducere
1429 4367 1494 4431 Ar·

269 4472 534 4554 chiepiscopum
548 4471 758 4536 Toletanum
772 4488 815 4535 eo
829 4478 988 4551 tempore
1004 4470 1224 4551 nitebantur,
1245 4480 1283 4535 ut
1304 4472 1496 4554 expeditio·

270 4597 351 4645 nem
366 4579 564 4644 africanam
579 4579 624 4644 ad
641 4578 786 4643 Busiam
804 4576 1086 4658 recuperandam
1106 4577 1181 4641 suis
1203 4580 1369 4660 expensis
1389 4582 1496 4646 susci·

270 4696 382 4769 peret,
398 4688 516 4751 nullus
530 4696 609 4750 erat
622 4687 683 4768 qui
699 4685 732 4748 ei
746 4684 933 4764 displicere
948 4692 1147 4749 conaretur.
