<?xml version="1.0" encoding="UTF-8"?>
<!DOCTYPE html PUBLIC "-//W3C//DTD XHTML 1.0 Transitional//EN"
    "http://www.w3.org/TR/xhtml1/DTD/xhtml1-transitional.dtd">
<html xmlns="http://www.w3.org/1999/xhtml" xml:lang="en" lang="en">
 <head>
  <title>
</title>
<meta http-equiv="Content-Type" content="text/html;charset=utf-8" />
  <meta name='ocr-system' content='tesseract 3.04.00' />
  <meta name='ocr-capabilities' content='ocr_page ocr_carea ocr_par ocr_line ocrx_word'/>
</head>
<body>
  <div class='ocr_page' id='page_1' title='image "./vitaignatiiloio00polagoog_0596.png"; bbox 0 0 3642 5350; ppageno 0'>
   <div class='ocr_carea' id='block_1_1' title="bbox 345 389 1117 466">
    <p class='ocr_par' dir='ltr' id='par_1_1' title="bbox 345 389 1117 466">
     <span class='ocr_line' id='line_1_1' title="bbox 345 389 1117 466; baseline -0.004 -15"><span class='ocrx_word' id='word_1_1' title='bbox 345 391 400 451; x_wconf 85' lang='grc'><strong>576</strong></span> <span class='ocrx_word' id='word_1_2' title='bbox 803 389 931 454; x_wconf 74' lang='lat' dir='ltr'><strong>Canon.</strong></span> <span class='ocrx_word' id='word_1_3' title='bbox 951 391 1028 452; x_wconf 85' lang='lat' dir='ltr'><strong>Soc.</strong></span> <span class='ocrx_word' id='word_1_4' title='bbox 1047 392 1117 466; x_wconf 81' lang='lat' dir='ltr'><strong>Jss.</strong></span> 
     </span>
    </p>
   </div>
   <div class='ocr_carea' id='block_1_2' title="bbox 336 536 1577 4260">
    <p class='ocr_par' dir='ltr' id='par_1_2' title="bbox 343 536 1577 1048">
     <span class='ocr_line' id='line_1_2' title="bbox 345 536 1574 623; baseline 0.007 -23"><span class='ocrx_word' id='word_1_5' title='bbox 345 546 506 601; x_wconf 90' lang='lat' dir='ltr'><strong>nostram</strong></span> <span class='ocrx_word' id='word_1_6' title='bbox 521 536 742 618; x_wconf 90' lang='lat' dir='ltr'><strong>accedentes,</strong></span> <span class='ocrx_word' id='word_1_7' title='bbox 758 537 818 602; x_wconf 92' lang='lat' dir='ltr'><strong>illo</strong></span> <span class='ocrx_word' id='word_1_8' title='bbox 832 537 910 618; x_wconf 90' lang='lat' dir='ltr'><strong>ipso</strong></span> <span class='ocrx_word' id='word_1_9' title='bbox 926 536 983 602; x_wconf 90' lang='lat' dir='ltr'><strong>die</strong></span> <span class='ocrx_word' id='word_1_10' title='bbox 997 536 1168 620; x_wconf 90' lang='lat' dir='ltr'><strong>quidquid</strong></span> <span class='ocrx_word' id='word_1_11' title='bbox 1178 539 1357 618; x_wconf 89' lang='lat' dir='ltr'><strong>agendum</strong></span> <span class='ocrx_word' id='word_1_12' title='bbox 1371 550 1461 619; x_wconf 90' lang='lat' dir='ltr'><strong>erat,</strong></span> <span class='ocrx_word' id='word_1_13' title='bbox 1477 560 1574 623; x_wconf 88' lang='lat' dir='ltr'><strong>pere·</strong></span> 
     </span>
     <span class='ocr_line' id='line_1_3' title="bbox 345 644 1577 729; baseline 0.004 -20"><span class='ocrx_word' id='word_1_14' title='bbox 345 654 493 726; x_wconf 87' lang='lat' dir='ltr'><strong>gerunt;</strong></span> <span class='ocrx_word' id='word_1_15' title='bbox 506 645 625 709; x_wconf 90' lang='lat' dir='ltr'><strong>multis</strong></span> <span class='ocrx_word' id='word_1_16' title='bbox 636 645 716 709; x_wconf 87' lang='lat' dir='ltr'><strong>aliis</strong></span> <span class='ocrx_word' id='word_1_17' title='bbox 727 644 972 725; x_wconf 83' lang='lat' dir='ltr'><strong>spectantibus</strong></span> <span class='ocrx_word' id='word_1_18' title='bbox 983 653 1018 707; x_wconf 90' lang='lat' dir='ltr'><strong>et</strong></span> <span class='ocrx_word' id='word_1_19' title='bbox 1027 645 1166 724; x_wconf 82' lang='lat' dir='ltr'>gratias</span> <span class='ocrx_word' id='word_1_20' title='bbox 1179 644 1256 710; x_wconf 89' lang='lat' dir='ltr'><strong>Deo</strong></span> <span class='ocrx_word' id='word_1_21' title='bbox 1268 647 1468 728; x_wconf 85' lang='lat' dir='ltr'><strong>agentibus,</strong></span> <span class='ocrx_word' id='word_1_22' title='bbox 1481 651 1577 729; x_wconf 91' lang='lat' dir='ltr'><strong>quod</strong></span> 
     </span>
     <span class='ocr_line' id='line_1_4' title="bbox 346 751 1574 836; baseline 0.005 -21"><span class='ocrx_word' id='word_1_23' title='bbox 346 752 478 833; x_wconf 90' lang='lat' dir='ltr'><strong>aliquid</strong></span> <span class='ocrx_word' id='word_1_24' title='bbox 492 753 539 816; x_wconf 90' lang='lat' dir='ltr'><strong>ad</strong></span> <span class='ocrx_word' id='word_1_25' title='bbox 554 761 756 817; x_wconf 90' lang='lat' dir='ltr'><strong>nostrorum</strong></span> <span class='ocrx_word' id='word_1_26' title='bbox 773 769 874 815; x_wconf 89' lang='lat' dir='ltr'><strong>usum</strong></span> <span class='ocrx_word' id='word_1_27' title='bbox 890 751 936 815; x_wconf 94' lang='lat' dir='ltr'><strong>ab</strong></span> <span class='ocrx_word' id='word_1_28' title='bbox 955 751 1007 815; x_wconf 92' lang='lat' dir='ltr'><strong>eis</strong></span> <span class='ocrx_word' id='word_1_29' title='bbox 1026 751 1102 815; x_wconf 88' lang='lat' dir='ltr'><strong>fieri</strong></span> <span class='ocrx_word' id='word_1_30' title='bbox 1116 762 1255 832; x_wconf 85' lang='lat' dir='ltr'><strong>posset;</strong></span> <span class='ocrx_word' id='word_1_31' title='bbox 1272 755 1366 834; x_wconf 91' lang='lat' dir='ltr'><strong>quod</strong></span> <span class='ocrx_word' id='word_1_32' title='bbox 1388 754 1494 820; x_wconf 90' lang='lat' dir='ltr'><strong>facile</strong></span> <span class='ocrx_word' id='word_1_33' title='bbox 1513 773 1574 836; x_wconf 93' lang='lat' dir='ltr'><strong>po·</strong></span> 
     </span>
     <span class='ocr_line' id='line_1_5' title="bbox 343 856 1574 940; baseline 0.004 -17"><span class='ocrx_word' id='word_1_34' title='bbox 343 861 417 940; x_wconf 90' lang='lat' dir='ltr'><strong>puli</strong></span> <span class='ocrx_word' id='word_1_35' title='bbox 427 859 653 924; x_wconf 88' lang='lat' dir='ltr'><strong>devotionem</strong></span> <span class='ocrx_word' id='word_1_36' title='bbox 665 856 830 936; x_wconf 88' lang='lat' dir='ltr'><strong>ostendit,</strong></span> <span class='ocrx_word' id='word_1_37' title='bbox 841 875 947 939; x_wconf 88' lang='lat' dir='ltr'><strong>quam</strong></span> <span class='ocrx_word' id='word_1_38' title='bbox 959 859 1066 922; x_wconf 91' lang='lat' dir='ltr'><strong>etiam</strong></span> <span class='ocrx_word' id='word_1_39' title='bbox 1077 877 1166 940; x_wconf 88' lang='lat' dir='ltr'><strong>erga</strong></span> <span class='ocrx_word' id='word_1_40' title='bbox 1177 861 1359 925; x_wconf 91' lang='lat' dir='ltr'><strong>minimum</strong></span> <span class='ocrx_word' id='word_1_41' title='bbox 1369 872 1574 928; x_wconf 87' lang='lat' dir='ltr'><strong>nostrorum</strong></span> 
     </span>
     <span class='ocr_line' id='line_1_6' title="bbox 346 967 863 1048; baseline -0.006 -17"><span class='ocrx_word' id='word_1_42' title='bbox 346 984 512 1048; x_wconf 87' lang='lat' dir='ltr'><strong>magnam</strong></span> <span class='ocrx_word' id='word_1_43' title='bbox 530 984 615 1048; x_wconf 87' lang='lat' dir='ltr'><strong>prae</strong></span> <span class='ocrx_word' id='word_1_44' title='bbox 630 983 667 1030; x_wconf 92' lang='lat' dir='ltr'><strong>se</strong></span> <span class='ocrx_word' id='word_1_45' title='bbox 690 967 863 1030; x_wconf 88' lang='lat' dir='ltr'><strong>ferebant.</strong></span> 
     </span>
    </p>

    <p class='ocr_par' dir='ltr' id='par_1_3' title="bbox 342 1070 1575 1780">
     <span class='ocr_line' id='line_1_7' title="bbox 404 1070 1574 1155; baseline 0.004 -17"><span class='ocrx_word' id='word_1_46' title='bbox 404 1073 494 1138; x_wconf 86' lang='grc'>2485.</span> <span class='ocrx_word' id='word_1_47' title='bbox 539 1070 759 1155; x_wconf 84' lang='lat' dir='ltr'>Septingenti</span> <span class='ocrx_word' id='word_1_48' title='bbox 782 1091 826 1137; x_wconf 86' lang='lat' dir='ltr'><strong>ex</strong></span> <span class='ocrx_word' id='word_1_49' title='bbox 847 1074 898 1137; x_wconf 91' lang='lat' dir='ltr'><strong>eis</strong></span> <span class='ocrx_word' id='word_1_50' title='bbox 914 1073 950 1136; x_wconf 92' lang='lat' dir='ltr'><strong>in</strong></span> <span class='ocrx_word' id='word_1_51' title='bbox 965 1071 1249 1154; x_wconf 86' lang='lat' dir='ltr'><strong>Quadragesima</strong></span> <span class='ocrx_word' id='word_1_52' title='bbox 1270 1077 1403 1140; x_wconf 90' lang='lat' dir='ltr'><strong>nostris</strong></span> <span class='ocrx_word' id='word_1_53' title='bbox 1418 1076 1574 1144; x_wconf 84' lang='lat' dir='ltr'><strong>confessi</strong></span> 
     </span>
     <span class='ocr_line' id='line_1_8' title="bbox 344 1179 1574 1278; baseline 0.003 -33"><span class='ocrx_word' id='word_1_54' title='bbox 344 1191 437 1260; x_wconf 90' lang='lat' dir='ltr'><strong>sunt,</strong></span> <span class='ocrx_word' id='word_1_55' title='bbox 454 1199 520 1246; x_wconf 91' lang='lat' dir='ltr'><strong>nec</strong></span> <span class='ocrx_word' id='word_1_56' title='bbox 535 1183 776 1262; x_wconf 90' lang='lat' dir='ltr'><strong>multoplures</strong></span> <span class='ocrx_word' id='word_1_57' title='bbox 794 1188 895 1244; x_wconf 86' lang='lat' dir='ltr'><strong>erant</strong></span> <span class='ocrx_word' id='word_1_58' title='bbox 919 1181 956 1244; x_wconf 90' lang='lat' dir='ltr'><strong>in</strong></span> <span class='ocrx_word' id='word_1_59' title='bbox 980 1182 1123 1261; x_wconf 88' lang='lat' dir='ltr'><strong>populo.</strong></span> <span class='ocrx_word' id='word_1_60' title='bbox 1146 1179 1185 1244; x_wconf 90' lang='lat' dir='ltr'><strong>In</strong></span> <span class='ocrx_word' id='word_1_61' title='bbox 1203 1181 1427 1278; x_wconf 83' lang='lat' dir='ltr'><strong>hebdomada</strong></span> <span class='ocrx_word' id='word_1_62' title='bbox 1446 1194 1574 1249; x_wconf 90' lang='lat' dir='ltr'><strong>sancta</strong></span> 
     </span>
     <span class='ocr_line' id='line_1_9' title="bbox 344 1286 1572 1369; baseline 0.002 -17"><span class='ocrx_word' id='word_1_63' title='bbox 344 1288 466 1352; x_wconf 91' lang='lat' dir='ltr'><strong>divina</strong></span> <span class='ocrx_word' id='word_1_64' title='bbox 478 1287 593 1352; x_wconf 86' lang='lat' dir='ltr'><strong>officia</strong></span> <span class='ocrx_word' id='word_1_65' title='bbox 607 1305 688 1352; x_wconf 92' lang='lat' dir='ltr'><strong>cum</strong></span> <span class='ocrx_word' id='word_1_66' title='bbox 704 1304 835 1367; x_wconf 88' lang='lat' dir='ltr'><strong>magna</strong></span> <span class='ocrx_word' id='word_1_67' title='bbox 848 1286 1093 1350; x_wconf 84' lang='lat' dir='ltr'><strong>aedificatione</strong></span> <span class='ocrx_word' id='word_1_68' title='bbox 1103 1289 1224 1369; x_wconf 87' lang='lat' dir='ltr'><strong>populi</strong></span> <span class='ocrx_word' id='word_1_69' title='bbox 1239 1289 1275 1352; x_wconf 91' lang='lat' dir='ltr'><strong>in</strong></span> <span class='ocrx_word' id='word_1_70' title='bbox 1286 1299 1410 1353; x_wconf 84' lang='lat' dir='ltr'><strong>nostra</strong></span> <span class='ocrx_word' id='word_1_71' title='bbox 1420 1292 1572 1355; x_wconf 85' lang='lat' dir='ltr'><strong>ecclesia</strong></span> 
     </span>
     <span class='ocr_line' id='line_1_10' title="bbox 343 1393 1575 1476; baseline 0.002 -17"><span class='ocrx_word' id='word_1_72' title='bbox 343 1396 521 1459; x_wconf 89' lang='lat' dir='ltr'><strong>celebrata</strong></span> <span class='ocrx_word' id='word_1_73' title='bbox 535 1395 687 1459; x_wconf 84' lang='lat' dir='ltr'><strong>fuerunt.</strong></span> <span class='ocrx_word' id='word_1_74' title='bbox 704 1394 839 1458; x_wconf 89' lang='lat' dir='ltr'><strong>Eadem</strong></span> <span class='ocrx_word' id='word_1_75' title='bbox 850 1393 1073 1458; x_wconf 87' lang='lat' dir='ltr'><strong>hebdomada</strong></span> <span class='ocrx_word' id='word_1_76' title='bbox 1085 1393 1151 1457; x_wconf 89' lang='lat' dir='ltr'><strong>fuit</strong></span> <span class='ocrx_word' id='word_1_77' title='bbox 1163 1396 1259 1476; x_wconf 89' lang='lat' dir='ltr'><strong>apud</strong></span> <span class='ocrx_word' id='word_1_78' title='bbox 1269 1404 1411 1460; x_wconf 92' lang='lat' dir='ltr'><strong>nostros</strong></span> <span class='ocrx_word' id='word_1_79' title='bbox 1425 1395 1575 1462; x_wconf 90' lang='lat' dir='ltr'><strong>Praeses</strong></span> 
     </span>
     <span class='ocr_line' id='line_1_11' title="bbox 343 1499 1571 1586; baseline 0.002 -20"><span class='ocrx_word' id='word_1_80' title='bbox 343 1501 481 1566; x_wconf 90' lang='lat' dir='ltr'><strong>consilii</strong></span> <span class='ocrx_word' id='word_1_81' title='bbox 494 1502 584 1582; x_wconf 89' lang='lat' dir='ltr'><strong>regii</strong></span> <span class='ocrx_word' id='word_1_82' title='bbox 599 1501 775 1565; x_wconf 88' lang='lat' dir='ltr'><strong>Castellae</strong></span> <span class='ocrx_word' id='word_1_83' title='bbox 792 1499 813 1579; x_wconf 87' lang='lat'><strong>¹,</strong></span> <span class='ocrx_word' id='word_1_84' title='bbox 829 1501 890 1582; x_wconf 92' lang='lat' dir='ltr'><strong>qui</strong></span> <span class='ocrx_word' id='word_1_85' title='bbox 905 1518 950 1564; x_wconf 87' lang='lat' dir='ltr'><strong>ex</strong></span> <span class='ocrx_word' id='word_1_86' title='bbox 965 1501 1035 1564; x_wconf 88' lang='lat' dir='ltr'><strong>illis</strong></span> <span class='ocrx_word' id='word_1_87' title='bbox 1051 1510 1145 1577; x_wconf 88' lang='lat' dir='ltr'><strong>erat,</strong></span> <span class='ocrx_word' id='word_1_88' title='bbox 1166 1502 1226 1586; x_wconf 78' lang='lat' dir='ltr'><strong>qui</strong></span> <span class='ocrx_word' id='word_1_89' title='bbox 1240 1512 1386 1567; x_wconf 91' lang='lat' dir='ltr'><strong>cantum</strong></span> <span class='ocrx_word' id='word_1_90' title='bbox 1400 1505 1436 1568; x_wconf 93' lang='lat' dir='ltr'><strong>in</strong></span> <span class='ocrx_word' id='word_1_91' title='bbox 1453 1503 1571 1569; x_wconf 88' lang='lat' dir='ltr'><strong>Socie-</strong></span> 
     </span>
     <span class='ocr_line' id='line_1_12' title="bbox 342 1607 1574 1696; baseline 0.003 -24"><span class='ocrx_word' id='word_1_92' title='bbox 342 1619 415 1672; x_wconf 90' lang='lat' dir='ltr'><strong>tate</strong></span> <span class='ocrx_word' id='word_1_93' title='bbox 431 1618 552 1696; x_wconf 82' lang='lat' dir='ltr'><strong>nostra</strong></span> <span class='ocrx_word' id='word_1_94' title='bbox 572 1608 814 1688; x_wconf 89' lang='lat' dir='ltr'><strong>requirebant;</strong></span> <span class='ocrx_word' id='word_1_95' title='bbox 838 1618 873 1671; x_wconf 93' lang='lat' dir='ltr'><strong>et</strong></span> <span class='ocrx_word' id='word_1_96' title='bbox 889 1609 938 1671; x_wconf 90' lang='lat' dir='ltr'><strong>ita</strong></span> <span class='ocrx_word' id='word_1_97' title='bbox 957 1625 1039 1671; x_wconf 91' lang='lat' dir='ltr'><strong>cum</strong></span> <span class='ocrx_word' id='word_1_98' title='bbox 1059 1607 1305 1673; x_wconf 87' lang='lat' dir='ltr'><strong>aedificatione</strong></span> <span class='ocrx_word' id='word_1_99' title='bbox 1325 1627 1457 1691; x_wconf 89' lang='lat' dir='ltr'><strong>magna</strong></span> <span class='ocrx_word' id='word_1_100' title='bbox 1478 1628 1574 1675; x_wconf 85' lang='lat' dir='ltr'><strong>rece·</strong></span> 
     </span>
     <span class='ocr_line' id='line_1_13' title="bbox 343 1716 620 1780; baseline -0.007 0"><span class='ocrx_word' id='word_1_101' title='bbox 343 1717 426 1780; x_wconf 91' lang='lat' dir='ltr'><strong>dere</strong></span> <span class='ocrx_word' id='word_1_102' title='bbox 441 1716 540 1779; x_wconf 80' lang='lat' dir='ltr'><strong>visus</strong></span> <span class='ocrx_word' id='word_1_103' title='bbox 556 1723 620 1779; x_wconf 90' lang='lat' dir='ltr'><strong>est.</strong></span> 
     </span>
    </p>

    <p class='ocr_par' dir='ltr' id='par_1_4' title="bbox 337 1820 1573 2439">
     <span class='ocr_line' id='line_1_14' title="bbox 399 1820 1569 1895; baseline 0.003 -9"><span class='ocrx_word' id='word_1_104' title='bbox 399 1821 490 1886; x_wconf 71' lang='lat'>2486.</span> <span class='ocrx_word' id='word_1_105' title='bbox 534 1821 641 1886; x_wconf 91' lang='lat' dir='ltr'><strong>Venit</strong></span> <span class='ocrx_word' id='word_1_106' title='bbox 656 1831 691 1885; x_wconf 89' lang='lat' dir='ltr'><strong>et</strong></span> <span class='ocrx_word' id='word_1_107' title='bbox 706 1821 868 1886; x_wconf 86' lang='lat' dir='ltr'><strong>Marchio</strong></span> <span class='ocrx_word' id='word_1_108' title='bbox 883 1820 1049 1885; x_wconf 87' lang='lat' dir='ltr'><strong>Tavarae</strong></span> <span class='ocrx_word' id='word_1_109' title='bbox 1064 1821 1087 1895; x_wconf 84' lang='lat'><strong>&#39;,</strong></span> <span class='ocrx_word' id='word_1_110' title='bbox 1109 1831 1144 1884; x_wconf 93' lang='lat' dir='ltr'><strong>et</strong></span> <span class='ocrx_word' id='word_1_111' title='bbox 1158 1830 1233 1885; x_wconf 91' lang='lat' dir='ltr'><strong>tota</strong></span> <span class='ocrx_word' id='word_1_112' title='bbox 1250 1822 1471 1889; x_wconf 90' lang='lat' dir='ltr'><strong>hebdomada</strong></span> <span class='ocrx_word' id='word_1_113' title='bbox 1488 1843 1569 1890; x_wconf 89' lang='lat' dir='ltr'><strong>san·</strong></span> 
     </span>
     <span class='ocr_line' id='line_1_15' title="bbox 341 1927 1570 2013; baseline 0.003 -19"><span class='ocrx_word' id='word_1_114' title='bbox 341 1941 399 1994; x_wconf 91' lang='lat' dir='ltr'><strong>cta</strong></span> <span class='ocrx_word' id='word_1_115' title='bbox 414 1948 456 1993; x_wconf 91' lang='lat' dir='ltr'><strong>ac</strong></span> <span class='ocrx_word' id='word_1_116' title='bbox 471 1929 573 1994; x_wconf 85' lang='lat' dir='ltr'><strong>iestis</strong></span> <span class='ocrx_word' id='word_1_117' title='bbox 587 1929 748 1992; x_wconf 85' lang='lat' dir='ltr'><strong>Paschae</strong></span> <span class='ocrx_word' id='word_1_118' title='bbox 765 1928 939 2008; x_wconf 82' lang='lat' dir='ltr'><strong>Magister</strong></span> <span class='ocrx_word' id='word_1_119' title='bbox 957 1928 1092 1992; x_wconf 86' lang='lat' dir='ltr'><strong>ordinis</strong></span> <span class='ocrx_word' id='word_1_120' title='bbox 1111 1927 1295 1994; x_wconf 89' lang='lat' dir='ltr'><strong>Montesae</strong></span> <span class='ocrx_word' id='word_1_121' title='bbox 1311 1941 1490 2011; x_wconf 86' lang='lat' dir='ltr'><strong>versatus,</strong></span> <span class='ocrx_word' id='word_1_122' title='bbox 1510 1950 1570 2013; x_wconf 89' lang='lat' dir='ltr'><strong>ge·</strong></span> 
     </span>
     <span class='ocr_line' id='line_1_16' title="bbox 340 2035 1573 2104; baseline 0.002 -2"><span class='ocrx_word' id='word_1_123' title='bbox 340 2041 498 2102; x_wconf 85' lang='lat' dir='ltr'><strong>neralem</strong></span> <span class='ocrx_word' id='word_1_124' title='bbox 522 2039 631 2101; x_wconf 90' lang='lat' dir='ltr'><strong>totius</strong></span> <span class='ocrx_word' id='word_1_125' title='bbox 655 2035 751 2099; x_wconf 92' lang='lat' dir='ltr'><strong>vitae</strong></span> <span class='ocrx_word' id='word_1_126' title='bbox 775 2035 1035 2098; x_wconf 89' lang='lat' dir='ltr'><strong>confessionem</strong></span> <span class='ocrx_word' id='word_1_127' title='bbox 1060 2035 1211 2099; x_wconf 90' lang='lat' dir='ltr'><strong>instituit</strong></span> <span class='ocrx_word' id='word_1_128' title='bbox 1233 2047 1267 2100; x_wconf 91' lang='lat' dir='ltr'><strong>et</strong></span> <span class='ocrx_word' id='word_1_129' title='bbox 1293 2040 1573 2104; x_wconf 85' lang='lat' dir='ltr'><strong>communicavit</strong></span> 
     </span>
     <span class='ocr_line' id='line_1_17' title="bbox 340 2141 1572 2226; baseline 0.002 -18"><span class='ocrx_word' id='word_1_130' title='bbox 340 2162 422 2208; x_wconf 90' lang='lat' dir='ltr'><strong>cum</strong></span> <span class='ocrx_word' id='word_1_131' title='bbox 439 2144 602 2226; x_wconf 89' lang='lat' dir='ltr'><strong>profectu</strong></span> <span class='ocrx_word' id='word_1_132' title='bbox 621 2143 778 2224; x_wconf 91' lang='lat' dir='ltr'><strong>spiritus.</strong></span> <span class='ocrx_word' id='word_1_133' title='bbox 801 2141 933 2206; x_wconf 92' lang='lat' dir='ltr'><strong>Eodem</strong></span> <span class='ocrx_word' id='word_1_134' title='bbox 957 2151 1116 2222; x_wconf 91' lang='lat' dir='ltr'><strong>tempore</strong></span> <span class='ocrx_word' id='word_1_135' title='bbox 1136 2143 1266 2207; x_wconf 87' lang='lat' dir='ltr'><strong>ibidem</strong></span> <span class='ocrx_word' id='word_1_136' title='bbox 1285 2144 1414 2208; x_wconf 86' lang='lat' dir='ltr'><strong>nobilis</strong></span> <span class='ocrx_word' id='word_1_137' title='bbox 1427 2147 1572 2226; x_wconf 87' lang='lat' dir='ltr'><strong>quidam</strong></span> 
     </span>
     <span class='ocr_line' id='line_1_18' title="bbox 341 2249 1572 2334; baseline 0.002 -18"><span class='ocrx_word' id='word_1_138' title='bbox 341 2253 574 2332; x_wconf 84' lang='lat' dir='ltr'><strong>aragonensis</strong></span> <span class='ocrx_word' id='word_1_139' title='bbox 603 2251 800 2331; x_wconf 87' lang='lat' dir='ltr'><strong>spiritualia</strong></span> <span class='ocrx_word' id='word_1_140' title='bbox 833 2249 1005 2313; x_wconf 83' lang='lat' dir='ltr'><strong>exercitia</strong></span> <span class='ocrx_word' id='word_1_141' title='bbox 1034 2249 1164 2313; x_wconf 89' lang='lat' dir='ltr'><strong>ibidem</strong></span> <span class='ocrx_word' id='word_1_142' title='bbox 1191 2252 1367 2332; x_wconf 87' lang='lat' dir='ltr'><strong>suscepit,</strong></span> <span class='ocrx_word' id='word_1_143' title='bbox 1403 2262 1438 2316; x_wconf 89' lang='lat' dir='ltr'><strong>et</strong></span> <span class='ocrx_word' id='word_1_144' title='bbox 1466 2256 1572 2334; x_wconf 89' lang='lat' dir='ltr'><strong>paulo</strong></span> 
     </span>
     <span class='ocr_line' id='line_1_19' title="bbox 337 2354 1458 2439; baseline 0.002 -18"><span class='ocrx_word' id='word_1_145' title='bbox 337 2367 419 2439; x_wconf 92' lang='lat' dir='ltr'><strong>post</strong></span> <span class='ocrx_word' id='word_1_146' title='bbox 433 2359 622 2439; x_wconf 80' lang='lat' dir='ltr'><strong>primanus</strong></span> <span class='ocrx_word' id='word_1_147' title='bbox 638 2356 781 2439; x_wconf 91' lang='lat' dir='ltr'><strong>quidam</strong></span> <span class='ocrx_word' id='word_1_148' title='bbox 796 2355 994 2420; x_wconf 88' lang='lat' dir='ltr'><strong>monachus</strong></span> <span class='ocrx_word' id='word_1_149' title='bbox 1009 2355 1144 2419; x_wconf 88' lang='lat' dir='ltr'><strong>ordinis</strong></span> <span class='ocrx_word' id='word_1_150' title='bbox 1157 2354 1217 2419; x_wconf 46' lang='lat' dir='ltr'><strong>Sa*</strong></span> <span class='ocrx_word' id='word_1_151' title='bbox 1237 2356 1458 2438; x_wconf 85' lang='lat' dir='ltr'><strong>Hieronymi.</strong></span> 
     </span>
    </p>

    <p class='ocr_par' dir='ltr' id='par_1_5' title="bbox 338 2461 1572 2974">
     <span class='ocr_line' id='line_1_20' title="bbox 400 2461 1572 2532; baseline 0.003 -4"><span class='ocrx_word' id='word_1_152' title='bbox 400 2465 491 2529; x_wconf 83' lang='lat'><strong>2487.</strong></span> <span class='ocrx_word' id='word_1_153' title='bbox 535 2465 620 2528; x_wconf 90' lang='lat' dir='ltr'><strong>Post</strong></span> <span class='ocrx_word' id='word_1_154' title='bbox 635 2465 770 2528; x_wconf 86' lang='lat' dir='ltr'><strong>Pascha</strong></span> <span class='ocrx_word' id='word_1_155' title='bbox 784 2463 891 2527; x_wconf 91' lang='lat' dir='ltr'><strong>etiam</strong></span> <span class='ocrx_word' id='word_1_156' title='bbox 903 2461 1119 2526; x_wconf 89' lang='lat' dir='ltr'><strong>christianae</strong></span> <span class='ocrx_word' id='word_1_157' title='bbox 1132 2463 1316 2527; x_wconf 91' lang='lat' dir='ltr'><strong>doctrinae</strong></span> <span class='ocrx_word' id='word_1_158' title='bbox 1328 2467 1500 2530; x_wconf 88' lang='lat' dir='ltr'><strong>lectiones</strong></span> <span class='ocrx_word' id='word_1_159' title='bbox 1511 2485 1572 2532; x_wconf 92' lang='lat' dir='ltr'><strong>no·</strong></span> 
     </span>
     <span class='ocr_line' id='line_1_21' title="bbox 339 2569 1570 2652; baseline 0.001 -15"><span class='ocrx_word' id='word_1_160' title='bbox 339 2573 406 2637; x_wconf 89' lang='lat' dir='ltr'><strong>stri</strong></span> <span class='ocrx_word' id='word_1_161' title='bbox 419 2583 501 2636; x_wconf 91' lang='lat' dir='ltr'><strong>sunt</strong></span> <span class='ocrx_word' id='word_1_162' title='bbox 515 2571 703 2652; x_wconf 88' lang='lat' dir='ltr'><strong>prosecuti,</strong></span> <span class='ocrx_word' id='word_1_163' title='bbox 720 2587 800 2634; x_wconf 91' lang='lat' dir='ltr'><strong>cum</strong></span> <span class='ocrx_word' id='word_1_164' title='bbox 816 2569 992 2651; x_wconf 83' lang='lat' dir='ltr'><strong>frequenti</strong></span> <span class='ocrx_word' id='word_1_165' title='bbox 1003 2571 1110 2633; x_wconf 89' lang='lat' dir='ltr'><strong>etiam</strong></span> <span class='ocrx_word' id='word_1_166' title='bbox 1122 2569 1375 2651; x_wconf 86' lang='lat' dir='ltr'><strong>primariorum</strong></span> <span class='ocrx_word' id='word_1_167' title='bbox 1387 2574 1570 2638; x_wconf 90' lang='lat' dir='ltr'><strong>hominum</strong></span> 
     </span>
     <span class='ocr_line' id='line_1_22' title="bbox 340 2670 1570 2763; baseline 0.001 -18"><span class='ocrx_word' id='word_1_168' title='bbox 340 2682 516 2746; x_wconf 90' lang='lat' dir='ltr'><strong>auditorio</strong></span> <span class='ocrx_word' id='word_1_169' title='bbox 532 2689 566 2744; x_wconf 91' lang='lat' dir='ltr'><strong>et</strong></span> <span class='ocrx_word' id='word_1_170' title='bbox 581 2680 709 2756; x_wconf 91' lang='lat' dir='ltr'><strong>fructu,</strong></span> <span class='ocrx_word' id='word_1_171' title='bbox 731 2678 826 2759; x_wconf 87' lang='lat' dir='ltr'><strong>quod</strong></span> <span class='ocrx_word' id='word_1_172' title='bbox 841 2695 887 2742; x_wconf 86' lang='lat' dir='ltr'><strong>ex</strong></span> <span class='ocrx_word' id='word_1_173' title='bbox 905 2678 1106 2757; x_wconf 82' lang='lat' dir='ltr'><strong>frequentia</strong></span> <span class='ocrx_word' id='word_1_174' title='bbox 1121 2688 1432 2743; x_wconf 89' lang='lat' dir='ltr'><strong>sacramentorum</strong></span> <span class='ocrx_word' id='word_1_175' title='bbox 1450 2670 1570 2763; x_wconf 80' lang='lat' dir='ltr'><strong>coiligi</strong></span> 
     </span>
     <span class='ocr_line' id='line_1_23' title="bbox 338 2784 1570 2870; baseline -0.001 -17"><span class='ocrx_word' id='word_1_176' title='bbox 338 2799 488 2870; x_wconf 92' lang='lat' dir='ltr'><strong>poterat;</strong></span> <span class='ocrx_word' id='word_1_177' title='bbox 507 2787 672 2869; x_wconf 88' lang='lat' dir='ltr'><strong>quamvis</strong></span> <span class='ocrx_word' id='word_1_178' title='bbox 684 2786 805 2850; x_wconf 89' lang='lat' dir='ltr'><strong>clerici</strong></span> <span class='ocrx_word' id='word_1_179' title='bbox 816 2784 889 2865; x_wconf 90' lang='lat' dir='ltr'><strong>ejus</strong></span> <span class='ocrx_word' id='word_1_180' title='bbox 901 2785 1023 2866; x_wconf 90' lang='lat' dir='ltr'><strong>populi</strong></span> <span class='ocrx_word' id='word_1_181' title='bbox 1038 2784 1120 2849; x_wconf 90' lang='lat' dir='ltr'><strong>huic</strong></span> <span class='ocrx_word' id='word_1_182' title='bbox 1134 2785 1355 2866; x_wconf 89' lang='lat' dir='ltr'><strong>frequentiae</strong></span> <span class='ocrx_word' id='word_1_183' title='bbox 1370 2805 1570 2852; x_wconf 86' lang='lat' dir='ltr'><strong>sacramen·</strong></span> 
     </span>
     <span class='ocr_line' id='line_1_24' title="bbox 339 2892 1435 2974; baseline -0.003 -14"><span class='ocrx_word' id='word_1_184' title='bbox 339 2907 455 2961; x_wconf 90' lang='lat' dir='ltr'><strong>torum</strong></span> <span class='ocrx_word' id='word_1_185' title='bbox 471 2914 509 2959; x_wconf 90' lang='lat' dir='ltr'><strong>se</strong></span> <span class='ocrx_word' id='word_1_186' title='bbox 524 2897 725 2959; x_wconf 91' lang='lat' dir='ltr'><strong>contrarios</strong></span> <span class='ocrx_word' id='word_1_187' title='bbox 745 2893 844 2957; x_wconf 90' lang='lat' dir='ltr'><strong>initio</strong></span> <span class='ocrx_word' id='word_1_188' title='bbox 861 2892 1081 2973; x_wconf 88' lang='lat' dir='ltr'><strong>exhiberent,</strong></span> <span class='ocrx_word' id='word_1_189' title='bbox 1097 2900 1222 2974; x_wconf 89' lang='lat' dir='ltr'><strong>postea</strong></span> <span class='ocrx_word' id='word_1_190' title='bbox 1237 2903 1435 2958; x_wconf 88' lang='lat' dir='ltr'><strong>tacuerunt.</strong></span> 
     </span>
    </p>

    <p class='ocr_par' dir='ltr' id='par_1_6' title="bbox 337 2999 1574 3831">
     <span class='ocr_line' id='line_1_25' title="bbox 398 2999 1572 3083; baseline -0.002 -15"><span class='ocrx_word' id='word_1_191' title='bbox 398 3001 490 3067; x_wconf 84' lang='grc'>2488.</span> <span class='ocrx_word' id='word_1_192' title='bbox 532 3001 621 3067; x_wconf 91' lang='lat' dir='ltr'><strong>Cum</strong></span> <span class='ocrx_word' id='word_1_193' title='bbox 637 3009 756 3064; x_wconf 88' lang='lat' dir='ltr'><strong>autem</strong></span> <span class='ocrx_word' id='word_1_194' title='bbox 772 2999 917 3081; x_wconf 90' lang='lat' dir='ltr'><strong>quidam</strong></span> <span class='ocrx_word' id='word_1_195' title='bbox 931 3000 1133 3078; x_wconf 82' lang='lat' dir='ltr'><strong>theologiae</strong></span> <span class='ocrx_word' id='word_1_196' title='bbox 1147 2999 1283 3063; x_wconf 87' lang='lat' dir='ltr'><strong>Doctor</strong></span> <span class='ocrx_word' id='word_1_197' title='bbox 1298 3018 1344 3064; x_wconf 84' lang='lat' dir='ltr'><strong>ex</strong></span> <span class='ocrx_word' id='word_1_198' title='bbox 1356 3002 1572 3083; x_wconf 89' lang='lat' dir='ltr'><strong>primoribus</strong></span> 
     </span>
     <span class='ocr_line' id='line_1_26' title="bbox 337 3105 1570 3191; baseline -0.001 -17"><span class='ocrx_word' id='word_1_199' title='bbox 337 3109 411 3189; x_wconf 89' lang='lat' dir='ltr'><strong>ejus</strong></span> <span class='ocrx_word' id='word_1_200' title='bbox 425 3110 548 3191; x_wconf 92' lang='lat' dir='ltr'><strong>populi</strong></span> <span class='ocrx_word' id='word_1_201' title='bbox 561 3125 687 3191; x_wconf 90' lang='lat' dir='ltr'><strong>parum</strong></span> <span class='ocrx_word' id='word_1_202' title='bbox 702 3107 834 3171; x_wconf 92' lang='lat' dir='ltr'><strong>nostris</strong></span> <span class='ocrx_word' id='word_1_203' title='bbox 853 3106 1063 3186; x_wconf 89' lang='lat' dir='ltr'><strong>afficeretur,</strong></span> <span class='ocrx_word' id='word_1_204' title='bbox 1080 3105 1209 3170; x_wconf 89' lang='lat' dir='ltr'><strong>accidit</strong></span> <span class='ocrx_word' id='word_1_205' title='bbox 1233 3118 1270 3171; x_wconf 91' lang='lat' dir='ltr'><strong>ut</strong></span> <span class='ocrx_word' id='word_1_206' title='bbox 1285 3108 1322 3170; x_wconf 90' lang='lat' dir='ltr'><strong>in</strong></span> <span class='ocrx_word' id='word_1_207' title='bbox 1343 3110 1507 3173; x_wconf 89' lang='lat' dir='ltr'><strong>morbum</strong></span> <span class='ocrx_word' id='word_1_208' title='bbox 1520 3110 1570 3173; x_wconf 91' lang='lat' dir='ltr'><strong>in·</strong></span> 
     </span>
     <span class='ocr_line' id='line_1_27' title="bbox 338 3212 1572 3297; baseline 0.001 -18"><span class='ocrx_word' id='word_1_209' title='bbox 338 3217 483 3297; x_wconf 88' lang='lat' dir='ltr'><strong>cideret;</strong></span> <span class='ocrx_word' id='word_1_210' title='bbox 510 3227 545 3280; x_wconf 93' lang='lat' dir='ltr'><strong>et</strong></span> <span class='ocrx_word' id='word_1_211' title='bbox 569 3215 653 3279; x_wconf 92' lang='lat' dir='ltr'><strong>dum</strong></span> <span class='ocrx_word' id='word_1_212' title='bbox 677 3223 899 3293; x_wconf 82' lang='lat' dir='ltr'><strong>aegrotaret,</strong></span> <span class='ocrx_word' id='word_1_213' title='bbox 927 3224 1067 3277; x_wconf 91' lang='lat' dir='ltr'><strong>tantum</strong></span> <span class='ocrx_word' id='word_1_214' title='bbox 1092 3214 1126 3277; x_wconf 89' lang='lat' dir='ltr'><strong>ei</strong></span> <span class='ocrx_word' id='word_1_215' title='bbox 1151 3212 1366 3278; x_wconf 88' lang='lat' dir='ltr'><strong>desiderium</strong></span> <span class='ocrx_word' id='word_1_216' title='bbox 1393 3216 1499 3281; x_wconf 91' lang='lat' dir='ltr'><strong>alicui</strong></span> <span class='ocrx_word' id='word_1_217' title='bbox 1526 3215 1572 3280; x_wconf 90' lang='lat' dir='ltr'><strong>de</strong></span> 
     </span>
     <span class='ocr_line' id='line_1_28' title="bbox 338 3321 1574 3399; baseline 0.002 -14"><span class='ocrx_word' id='word_1_218' title='bbox 338 3321 516 3388; x_wconf 87' lang='lat' dir='ltr'><strong>Societate</strong></span> <span class='ocrx_word' id='word_1_219' title='bbox 532 3322 719 3387; x_wconf 88' lang='lat' dir='ltr'><strong>confitendi</strong></span> <span class='ocrx_word' id='word_1_220' title='bbox 735 3322 856 3385; x_wconf 89' lang='lat' dir='ltr'><strong>datum</strong></span> <span class='ocrx_word' id='word_1_221' title='bbox 878 3339 898 3384; x_wconf 88' lang='lat' dir='ltr'><strong>a</strong></span> <span class='ocrx_word' id='word_1_222' title='bbox 914 3321 1069 3385; x_wconf 90' lang='lat' dir='ltr'><strong>Domino</strong></span> <span class='ocrx_word' id='word_1_223' title='bbox 1091 3330 1161 3399; x_wconf 91' lang='lat' dir='ltr'><strong>est,</strong></span> <span class='ocrx_word' id='word_1_224' title='bbox 1179 3329 1217 3385; x_wconf 90' lang='lat' dir='ltr'><strong>ut</strong></span> <span class='ocrx_word' id='word_1_225' title='bbox 1232 3322 1346 3386; x_wconf 90' lang='lat' dir='ltr'><strong>donec</strong></span> <span class='ocrx_word' id='word_1_226' title='bbox 1366 3323 1452 3387; x_wconf 86' lang='lat' dir='ltr'><strong>illud</strong></span> <span class='ocrx_word' id='word_1_227' title='bbox 1469 3324 1574 3396; x_wconf 20' lang='lat' dir='ltr'><strong>fecis-7</strong></span> 
     </span>
     <span class='ocr_line' id='line_1_29' title="bbox 338 3428 1570 3512; baseline -0.002 -15"><span class='ocrx_word' id='word_1_228' title='bbox 338 3442 402 3511; x_wconf 89' lang='lat' dir='ltr'><strong>set,</strong></span> <span class='ocrx_word' id='word_1_229' title='bbox 419 3431 602 3512; x_wconf 86' lang='lat' dir='ltr'><strong>quiescere</strong></span> <span class='ocrx_word' id='word_1_230' title='bbox 616 3448 688 3493; x_wconf 88' lang='lat' dir='ltr'><strong>non</strong></span> <span class='ocrx_word' id='word_1_231' title='bbox 702 3438 834 3510; x_wconf 90' lang='lat' dir='ltr'><strong>posset.</strong></span> <span class='ocrx_word' id='word_1_232' title='bbox 851 3428 1057 3492; x_wconf 89' lang='lat' dir='ltr'><strong>Laborabat</strong></span> <span class='ocrx_word' id='word_1_233' title='bbox 1072 3437 1191 3491; x_wconf 89' lang='lat' dir='ltr'><strong>autem</strong></span> <span class='ocrx_word' id='word_1_234' title='bbox 1202 3430 1371 3493; x_wconf 90' lang='lat' dir='ltr'><strong>continua</strong></span> <span class='ocrx_word' id='word_1_235' title='bbox 1387 3439 1421 3493; x_wconf 90' lang='lat' dir='ltr'><strong>et</strong></span> <span class='ocrx_word' id='word_1_236' title='bbox 1435 3431 1570 3511; x_wconf 92' lang='lat' dir='ltr'><strong>pericu·</strong></span> 
     </span>
     <span class='ocr_line' id='line_1_30' title="bbox 337 3535 1571 3618; baseline -0.002 -14"><span class='ocrx_word' id='word_1_237' title='bbox 337 3543 414 3605; x_wconf 87' lang='lat' dir='ltr'><strong>losa</strong></span> <span class='ocrx_word' id='word_1_238' title='bbox 439 3538 539 3618; x_wconf 79' lang='lat' dir='ltr'><strong>febri,</strong></span> <span class='ocrx_word' id='word_1_239' title='bbox 556 3547 591 3600; x_wconf 87' lang='lat' dir='ltr'><strong>et</strong></span> <span class='ocrx_word' id='word_1_240' title='bbox 605 3538 712 3600; x_wconf 89' lang='lat' dir='ltr'><strong>simul</strong></span> <span class='ocrx_word' id='word_1_241' title='bbox 726 3547 831 3617; x_wconf 92' lang='lat' dir='ltr'><strong>atque</strong></span> <span class='ocrx_word' id='word_1_242' title='bbox 852 3536 914 3599; x_wconf 90' lang='lat' dir='ltr'><strong>uni</strong></span> <span class='ocrx_word' id='word_1_243' title='bbox 928 3552 975 3599; x_wconf 86' lang='lat' dir='ltr'><strong>ex</strong></span> <span class='ocrx_word' id='word_1_244' title='bbox 993 3536 1126 3598; x_wconf 91' lang='lat' dir='ltr'><strong>uostris</strong></span> <span class='ocrx_word' id='word_1_245' title='bbox 1148 3535 1335 3599; x_wconf 81' lang='lat' dir='ltr'><strong>confessus</strong></span> <span class='ocrx_word' id='word_1_246' title='bbox 1353 3547 1424 3616; x_wconf 90' lang='lat' dir='ltr'><strong>est,</strong></span> <span class='ocrx_word' id='word_1_247' title='bbox 1444 3538 1571 3602; x_wconf 91' lang='lat' dir='ltr'><strong>melius</strong></span> 
     </span>
     <span class='ocr_line' id='line_1_31' title="bbox 337 3641 1568 3725; baseline -0.003 -13"><span class='ocrx_word' id='word_1_248' title='bbox 337 3649 468 3712; x_wconf 90' lang='lat' dir='ltr'><strong>habere</strong></span> <span class='ocrx_word' id='word_1_249' title='bbox 482 3645 610 3725; x_wconf 85' lang='lat' dir='ltr'><strong>coepit,</strong></span> <span class='ocrx_word' id='word_1_250' title='bbox 627 3652 662 3707; x_wconf 91' lang='lat' dir='ltr'><strong>et</strong></span> <span class='ocrx_word' id='word_1_251' title='bbox 676 3643 837 3723; x_wconf 90' lang='lat' dir='ltr'><strong>sequenti</strong></span> <span class='ocrx_word' id='word_1_252' title='bbox 852 3642 908 3707; x_wconf 93' lang='lat' dir='ltr'><strong>die</strong></span> <span class='ocrx_word' id='word_1_253' title='bbox 920 3641 995 3721; x_wconf 90' lang='lat' dir='ltr'><strong>jam</strong></span> <span class='ocrx_word' id='word_1_254' title='bbox 1010 3642 1099 3705; x_wconf 90' lang='lat' dir='ltr'><strong>liber</strong></span> <span class='ocrx_word' id='word_1_255' title='bbox 1117 3652 1194 3705; x_wconf 91' lang='lat' dir='ltr'><strong>erat</strong></span> <span class='ocrx_word' id='word_1_256' title='bbox 1209 3660 1231 3705; x_wconf 93' lang='lat' dir='ltr'><strong>a</strong></span> <span class='ocrx_word' id='word_1_257' title='bbox 1250 3642 1340 3706; x_wconf 92' lang='lat' dir='ltr'><strong>febri</strong></span> <span class='ocrx_word' id='word_1_258' title='bbox 1354 3652 1389 3707; x_wconf 94' lang='lat' dir='ltr'><strong>et</strong></span> <span class='ocrx_word' id='word_1_259' title='bbox 1409 3643 1454 3708; x_wconf 90' lang='lat' dir='ltr'><strong>ad</strong></span> <span class='ocrx_word' id='word_1_260' title='bbox 1469 3646 1568 3725; x_wconf 90' lang='lat' dir='ltr'><strong>spiri-</strong></span> 
     </span>
     <span class='ocr_line' id='line_1_32' title="bbox 337 3749 1305 3831; baseline -0.007 -11"><span class='ocrx_word' id='word_1_261' title='bbox 337 3756 448 3820; x_wconf 90' lang='lat' dir='ltr'><strong>tualia</strong></span> <span class='ocrx_word' id='word_1_262' title='bbox 462 3752 633 3817; x_wconf 85' lang='lat' dir='ltr'><strong>exercitia</strong></span> <span class='ocrx_word' id='word_1_263' title='bbox 648 3750 874 3831; x_wconf 90' lang='lat' dir='ltr'><strong>suscipienda</strong></span> <span class='ocrx_word' id='word_1_264' title='bbox 890 3749 995 3813; x_wconf 88' lang='lat' dir='ltr'><strong>valde</strong></span> <span class='ocrx_word' id='word_1_265' title='bbox 1010 3766 1209 3830; x_wconf 86' lang='lat' dir='ltr'><strong>propensus</strong></span> <span class='ocrx_word' id='word_1_266' title='bbox 1229 3750 1305 3814; x_wconf 91' lang='lat' dir='ltr'><strong>fuit.</strong></span> 
     </span>
    </p>

    <p class='ocr_par' dir='ltr' id='par_1_7' title="bbox 336 3857 1570 4260">
     <span class='ocr_line' id='line_1_33' title="bbox 397 3857 1570 3938; baseline -0.002 -13"><span class='ocrx_word' id='word_1_267' title='bbox 397 3860 489 3925; x_wconf 82' lang='lat'>2489.</span> <span class='ocrx_word' id='word_1_268' title='bbox 533 3858 802 3923; x_wconf 85' lang='lat' dir='ltr'><strong>Canicularibus</strong></span> <span class='ocrx_word' id='word_1_269' title='bbox 818 3857 943 3921; x_wconf 87' lang='lat' dir='ltr'><strong>diebus</strong></span> <span class='ocrx_word' id='word_1_270' title='bbox 956 3866 1102 3938; x_wconf 89' lang='lat' dir='ltr'><strong>propter</strong></span> <span class='ocrx_word' id='word_1_271' title='bbox 1117 3868 1254 3920; x_wconf 88' lang='lat' dir='ltr'><strong>aestum</strong></span> <span class='ocrx_word' id='word_1_272' title='bbox 1265 3875 1440 3938; x_wconf 88' lang='lat' dir='ltr'><strong>suspensa</strong></span> <span class='ocrx_word' id='word_1_273' title='bbox 1455 3858 1570 3923; x_wconf 89' lang='lat' dir='ltr'><strong>estad</strong></span> 
     </span>
     <span class='ocr_line' id='line_1_34' title="bbox 337 3964 1570 4049; baseline -0.003 -16"><span class='ocrx_word' id='word_1_274' title='bbox 337 3979 476 4049; x_wconf 89' lang='lat' dir='ltr'><strong>tempus</strong></span> <span class='ocrx_word' id='word_1_275' title='bbox 499 3966 714 4030; x_wconf 88' lang='lat' dir='ltr'><strong>christianae</strong></span> <span class='ocrx_word' id='word_1_276' title='bbox 734 3964 918 4028; x_wconf 90' lang='lat' dir='ltr'><strong>doctrinae</strong></span> <span class='ocrx_word' id='word_1_277' title='bbox 938 3964 1060 4043; x_wconf 89' lang='lat' dir='ltr'><strong>lectio,</strong></span> <span class='ocrx_word' id='word_1_278' title='bbox 1076 3981 1186 4044; x_wconf 89' lang='lat' dir='ltr'><strong>quae,</strong></span> <span class='ocrx_word' id='word_1_279' title='bbox 1207 3972 1348 4043; x_wconf 91' lang='lat' dir='ltr'><strong>petente</strong></span> <span class='ocrx_word' id='word_1_280' title='bbox 1368 3966 1516 4046; x_wconf 87' lang='lat' dir='ltr'><strong>populo,</strong></span> <span class='ocrx_word' id='word_1_281' title='bbox 1532 3966 1570 4029; x_wconf 93' lang='lat' dir='ltr'><strong>in</strong></span> 
     </span>
     <span class='ocr_line' id='line_1_35' title="bbox 337 4071 1570 4153; baseline -0.004 -13"><span class='ocrx_word' id='word_1_282' title='bbox 337 4076 525 4140; x_wconf 86' lang='lat' dir='ltr'><strong>ecclesiam</strong></span> <span class='ocrx_word' id='word_1_283' title='bbox 544 4071 773 4153; x_wconf 88' lang='lat' dir='ltr'><strong>praecipuam</strong></span> <span class='ocrx_word' id='word_1_284' title='bbox 793 4071 906 4152; x_wconf 90' lang='lat' dir='ltr'><strong>ipsius</strong></span> <span class='ocrx_word' id='word_1_285' title='bbox 924 4072 1099 4133; x_wconf 84' lang='lat' dir='ltr'><strong>translata</strong></span> <span class='ocrx_word' id='word_1_286' title='bbox 1123 4079 1217 4150; x_wconf 88' lang='lat' dir='ltr'><strong>erat;</strong></span> <span class='ocrx_word' id='word_1_287' title='bbox 1234 4078 1269 4133; x_wconf 88' lang='lat' dir='ltr'><strong>et</strong></span> <span class='ocrx_word' id='word_1_288' title='bbox 1288 4087 1360 4133; x_wconf 91' lang='lat' dir='ltr'><strong>non</strong></span> <span class='ocrx_word' id='word_1_289' title='bbox 1380 4072 1570 4135; x_wconf 88' lang='lat' dir='ltr'><strong>mediocris</strong></span> 
     </span>
     <span class='ocr_line' id='line_1_36' title="bbox 336 4178 1570 4260; baseline -0.004 -12"><span class='ocrx_word' id='word_1_290' title='bbox 336 4203 381 4249; x_wconf 83' lang='lat' dir='ltr'><strong>ex</strong></span> <span class='ocrx_word' id='word_1_291' title='bbox 396 4201 439 4247; x_wconf 91' lang='lat' dir='ltr'><strong>ea</strong></span> <span class='ocrx_word' id='word_1_292' title='bbox 452 4183 589 4246; x_wconf 90' lang='lat' dir='ltr'><strong>fructus</strong></span> <span class='ocrx_word' id='word_1_293' title='bbox 605 4180 827 4260; x_wconf 89' lang='lat' dir='ltr'><strong>sperabatur.</strong></span> <span class='ocrx_word' id='word_1_294' title='bbox 843 4178 1025 4257; x_wconf 88' lang='lat' dir='ltr'><strong>Quasdam</strong></span> <span class='ocrx_word' id='word_1_295' title='bbox 1037 4178 1146 4241; x_wconf 88' lang='lat' dir='ltr'><strong>etiam</strong></span> <span class='ocrx_word' id='word_1_296' title='bbox 1160 4178 1353 4241; x_wconf 90' lang='lat' dir='ltr'><strong>conciones</strong></span> <span class='ocrx_word' id='word_1_297' title='bbox 1365 4179 1494 4243; x_wconf 92' lang='lat' dir='ltr'><strong>ibidem</strong></span> <span class='ocrx_word' id='word_1_298' title='bbox 1509 4179 1570 4242; x_wconf 89' lang='lat' dir='ltr'><strong>ha·</strong></span> 
     </span>
    </p>
   </div>
   <div class='ocr_carea' id='block_1_3' title="bbox 334 4487 1565 4689">
    <p class='ocr_par' dir='ltr' id='par_1_8' title="bbox 334 4487 1565 4689">
     <span class='ocr_line' id='line_1_37' title="bbox 374 4487 1565 4547; baseline 0 -12"><span class='ocrx_word' id='word_1_299' title='bbox 374 4493 383 4527; x_wconf 81' lang='lat'>¹</span> <span class='ocrx_word' id='word_1_300' title='bbox 411 4492 539 4537; x_wconf 82' lang='lat' dir='ltr'><strong>Antonius</strong></span> <span class='ocrx_word' id='word_1_301' title='bbox 550 4491 581 4534; x_wconf 89' lang='lat' dir='ltr'><strong>de</strong></span> <span class='ocrx_word' id='word_1_302' title='bbox 592 4490 716 4543; x_wconf 83' lang='lat' dir='ltr'><strong>Fonseca,</strong></span> <span class='ocrx_word' id='word_1_303' title='bbox 726 4490 870 4545; x_wconf 75' lang='lat' dir='ltr'><strong>Episcopo·</strong></span> <span class='ocrx_word' id='word_1_304' title='bbox 880 4490 941 4533; x_wconf 88' lang='lat' dir='ltr'><strong>olim</strong></span> <span class='ocrx_word' id='word_1_305' title='bbox 952 4487 1268 4543; x_wconf 51' lang='lat' dir='ltr'><strong>Pampttonenshevue</strong></span> <span class='ocrx_word' id='word_1_306' title='bbox 1278 4500 1367 4545; x_wconf 82' lang='lat' dir='ltr'><strong>supra,</strong></span> <span class='ocrx_word' id='word_1_307' title='bbox 1379 4497 1397 4535; x_wconf 93' lang='lat' dir='ltr'><strong>t.</strong></span> <span class='ocrx_word' id='word_1_308' title='bbox 1409 4504 1434 4545; x_wconf 80' lang='lat' dir='ltr'><strong>v,</strong></span> <span class='ocrx_word' id='word_1_309' title='bbox 1445 4502 1506 4547; x_wconf 78' lang='lat' dir='ltr'><strong>pag.</strong></span> <span class='ocrx_word' id='word_1_310' title='bbox 1515 4492 1565 4546; x_wconf 73' lang='lat' dir='ltr'><strong>tat,</strong></span> 
     </span>
     <span class='ocr_line' id='line_1_38' title="bbox 334 4560 1060 4615; baseline -0.004 -7"><span class='ocrx_word' id='word_1_311' title='bbox 334 4576 358 4607; x_wconf 90' lang='lat' dir='ltr'><strong>n.</strong></span> <span class='ocrx_word' id='word_1_312' title='bbox 370 4564 431 4608; x_wconf 67' lang='lat'>1162.</span> <span class='ocrx_word' id='word_1_313' title='bbox 442 4563 477 4607; x_wconf 84' lang='lat' dir='ltr'><strong>Et</strong></span> <span class='ocrx_word' id='word_1_314' title='bbox 489 4562 611 4607; x_wconf 78' lang='lat' dir='ltr'><strong>Litterae</strong></span> <span class='ocrx_word' id='word_1_315' title='bbox 620 4562 851 4615; x_wconf 74' lang='lat' dir='ltr'><strong>Quaarrmestres,</strong></span> <span class='ocrx_word' id='word_1_316' title='bbox 861 4566 879 4605; x_wconf 89' lang='lat' dir='ltr'><strong>t.</strong></span> <span class='ocrx_word' id='word_1_317' title='bbox 891 4570 929 4614; x_wconf 83' lang='lat' dir='ltr'><strong>ur,</strong></span> <span class='ocrx_word' id='word_1_318' title='bbox 940 4570 1000 4615; x_wconf 79' lang='lat' dir='ltr'><strong>pag.</strong></span> <span class='ocrx_word' id='word_1_319' title='bbox 1011 4560 1060 4605; x_wconf 78' lang='grc'>885.</span> 
     </span>
     <span class='ocr_line' id='line_1_39' title="bbox 376 4632 692 4689; baseline 0.006 -11"><span class='ocrx_word' id='word_1_320' title='bbox 376 4636 387 4667; x_wconf 74' lang='lat'>²</span> <span class='ocrx_word' id='word_1_321' title='bbox 413 4634 481 4678; x_wconf 90' lang='lat' dir='ltr'><strong>Vide</strong></span> <span class='ocrx_word' id='word_1_322' title='bbox 493 4645 582 4689; x_wconf 87' lang='lat' dir='ltr'><strong>nuper,</strong></span> <span class='ocrx_word' id='word_1_323' title='bbox 594 4646 618 4678; x_wconf 92' lang='lat' dir='ltr'><strong>n.</strong></span> <span class='ocrx_word' id='word_1_324' title='bbox 629 4632 692 4680; x_wconf 71' lang='lat'><strong>247⁶.</strong></span> 
     </span>
    </p>
   </div>
   <div class='ocr_carea' id='block_1_4' title="bbox 0 0 1826 5350">
    <p class='ocr_par' dir='ltr' id='par_1_9' title="bbox 0 0 1826 5350">
     <span class='ocr_line' id='line_1_40' title="bbox 0 0 1826 5350; baseline 0 2"><span class='ocrx_word' id='word_1_325' title='bbox 0 0 1826 5350; x_wconf 95' lang='lat' dir='ltr'><strong> </strong></span> 
     </span>
    </p>
   </div>
  </div>
 </body>
</html>
