3642 5350
804 435 868 495 Art.
892 437 962 496 1556
1442 440 1496 501 153
1588 494 1596 512 ,

267 590 399 661 suerat,
416 579 651 663 [recitarunt];
667 591 702 646 et
718 599 799 646 cum
818 582 880 647 vix
899 582 1157 648 multitudinem
1179 593 1323 664 caperet
1342 585 1491 649 ecclesia

268 698 401 769 nostra,
417 690 537 753 multis
552 690 808 755 aedificationis
823 701 856 755 et
872 692 1125 756 consolationis
1146 694 1295 756 multum
1310 693 1438 756 attulit.

327 796 398 860 566.
441 796 521 861 Non
536 798 695 862 omittam
710 798 804 878 quod
818 816 900 863 cum
914 800 1058 879 quidam
1069 818 1115 863 ex
1125 799 1351 863 cubiculariis
1366 797 1491 880 DuciS,

269 903 346 985 ipso
362 914 561 985 praesente,
582 915 706 969 contra
728 904 944 998 Societatem
964 916 1124 970 nostram
1144 906 1317 987 quaedam
1333 907 1493 987 dixisset,
1600 969 1605 980 ,

270 1010 433 1090 Ducissa,
456 1030 547 1093 quae
566 1012 672 1077 etiam
695 1015 830 1094 aderat,
856 1031 937 1077 eum
956 1014 1086 1078 acriter
1105 1014 1343 1094 reprehendit;
1365 1024 1496 1078 etcum

269 1117 394 1183 Patres
408 1119 611 1184 Ludov'icus
627 1129 661 1184 et
676 1120 834 1185 Didacus
854 1122 896 1185 de
910 1121 1018 1185 rebus
1037 1122 1277 1201 spiritualibus
1298 1136 1341 1185 ac
1356 1121 1495 1201 potissi·

269 1243 365 1291 mum
380 1225 423 1291 de
438 1227 611 1309 oratione,
625 1228 847 1291 confessione
859 1238 894 1292 et
906 1228 1164 1308 communione,
1178 1238 1212 1291 et
1223 1237 1348 1292 contra
1359 1228 1494 1307 ludum,

269 1352 339 1415 quo
354 1335 647 1415 intemperantius
666 1352 710 1399 ea
724 1336 888 1400 utebatur
904 1336 926 1414 ¹,
949 1337 1059 1399 multa
1074 1334 1257 1414 dixissent,
1273 1335 1422 1399 libenter
1436 1336 1496 1399 illa

271 1441 411 1523 quidem
434 1441 610 1523 audiebat,
634 1461 676 1507 ac
697 1444 790 1506 bona
815 1430 992 1507 desideria
1019 1443 1238 1523 ostendebat,
1265 1454 1363 1523 quae·
1377 1436 1498 1506 tamen

170 1532 172 1537 ’
270 1548 470 1613 executioni
484 1549 656 1613 mandare
676 1550 868 1628 nesciebat,
889 1558 927 1613 ut
947 1550 1024 1630 ipsa
1039 1550 1228 1628 fatebatur,
1250 1558 1285 1613 et
1300 1550 1441 1630 petebat
1455 1559 1495 1613 ut

269 1658 382 1721 nostri
396 1657 470 1721 suis
485 1657 704 1721 orationibus
718 1674 843 1721 veram
856 1657 968 1737 ipsius
983 1658 1251 1720 conversionem
1263 1676 1284 1721 a
1296 1655 1373 1719 Deo
1388 1657 1495 1735 impe·

270 1774 406 1827 trarent
422 1764 529 1827 etiarn
541 1774 667 1828 contra
683 1765 793 1846 ipsius
805 1765 1034 1829 voluntatem.
1047 1763 1256 1828 Affirmabat
1267 1764 1495 1827 nibilominus

269 1870 364 1951 quod
378 1880 566 1951 postquam
580 1870 796 1936 Societatem
814 1872 973 1935 novisset
993 1870 1215 1948 familiarius,
1231 1888 1302 1933 non
1317 1880 1496 1951 perpetra·

270 1988 349 2043 tura
378 1987 472 2043 esset
500 1980 690 2061 quidquam
717 1980 810 2060 quod
835 1990 1023 2060 peccatum
1050 1978 1199 2042 mortale
1227 1994 1306 2041 esse
1333 1978 1497 2057 sciret3et

270 2087 444 2167 quaedam
465 2088 524 2167 pia
544 2087 724 2167 exercitia,
749 2104 840 2167 quae
859 2087 971 2149 nostri
991 2095 1259 2165 suggesserunt,
1278 2085 1440 2165 promisit
1458 2103 1497 2149 se

270 2194 456 2258 facturam

328 2301 399 2366 567.
443 2300 593 2381 Quidam
619 2300 745 2365 Petrus
771 2301 869 2365 dela
894 2301 1019 2380 Torre,
1042 2303 1103 2382 qui
1123 2300 1345 2366 Secretarius
1365 2300 1493 2378 tuerat,

265 2408 339 2490 Jam
354 2410 434 2473 inde
450 2410 494 2472 ab
509 2408 608 2473 initio
624 2408 774 2473 Concilii
788 2408 996 2488 Tridentini,
1014 2407 1157 2472 Domini
1171 2408 1354 2472 Francisci
1370 2407 1413 2470 de
1427 2407 1497 2470 To·

267 2517 346 2580 ledo
357 2515 430 2596 jam
444 2516 612 2592 defuncti,
627 2517 687 2597 qui
701 2525 850 2597 patruus
866 2515 1039 2581 Ducissae
1053 2517 1170 2581 fuerat
1184 2520 1206 2596 ¹,
1219 2517 1283 2580 sub
1294 2514 1400 2579 finem
1413 2515 1497 2597 Julii

268 2624 398 2688 mensis
412 2622 626 2688 Societatem
642 2633 801 2689 nostram
815 2624 954 2704 ingredi
974 2624 1144 2689 decrevit.
1159 2623 1226 2688 Vir
1240 2632 1333 2702 erat,
1350 2622 1410 2703 qui
1424 2639 1496 2685 mo·

268 2731 417 2796 destiam
431 2747 474 2795 ac
493 2733 661 2796 virtutem
676 2750 747 2796 non
762 2732 977 2796 mediocrem
991 2733 1094 2796 simul
1109 2750 1190 2796 cum
1204 2730 1390 2812 prudentia
1409 2747 1495 2810 prae

268 2857 306 2902 se
320 2838 466 2903 ferebat.
483 2839 647 2920 Triginta
661 2849 696 2903 et
711 2857 776 2903 sex
792 2857 906 2903 annos
920 2850 1035 2920 natus,
1052 2841 1089 2903 in
1103 2840 1223 2903 latinis
1236 2839 1362 2902 litteris
1377 2855 1495 2902 versa·

268 2955 335 3026 tuS,
354 2963 505 3026 graecas
519 2948 627 3011 etiam
647 2947 827 3027 attigerat.
848 2947 1012 3031 Habebat
1033 2955 1152 3010 autem
1173 2947 1387 3027 stipendium
1408 2945 1496 3009 satis

267 3054 495 3132 honoratum,
522 3054 672 3133 scilicet,
699 3055 828 3132 viginti
853 3055 1006 3135 quinque
1031 3054 1242 3117 ducatorum
1265 3052 1378 3117 Senis
1408 3052 1496 3116 Cum

267 3170 386 3225 autem
414 3161 541 3224 litteris
569 3161 678 3225 animi
707 3163 761 3225 sui
790 3162 1011 3242 propositum
1035 3160 1132 3224 Patri
1161 3159 1322 3240 Laynez,
1351 3160 1496 3238 vivente

270 3266 307 3330 Ρ.
324 3268 474 3348 ignatio,
491 3268 708 3362 declarasset
723 3269 847 3333 eodem
860 3269 935 3331 fere
949 3276 1126 3349 tempore,
1144 3286 1213 3348 quo
1229 3277 1376 3348 uterque
1391 3268 1497 3330 morti
1536 3253 1540 3262 ’

267 3375 407 3439 vicinus
422 3386 510 3455 erat,
528 3378 632 3456 paulo
649 3387 727 3456 post
743 3375 919 3440 admissus
934 3386 1000 3439 est.

327 3482 398 3546 568.
441 3483 529 3547 Cum
545 3483 580 3546 in
595 3482 798 3546 Cathedtali
817 3484 967 3548 ecclesia
986 3484 1155 3548 lectiones
1170 3501 1254 3546 suas
1269 3499 1496 3563 prosequere-

268 3600 337 3670 tur,
354 3601 535 3654 crescente
549 3590 736 3670 auditorio,
752 3591 790 3655 P.
804 3589 1019 3670 LudovicuS,
1032 3592 1109 3672 ipso
1122 3592 1177 3654 die
1192 3590 1251 3655 Sti
1265 3591 1359 3654 Petri
1373 3589 1497 3654 eodem

269 3699 305 3762 in
323 3702 402 3762 loco
422 3699 531 3779 aliqui
556 3717 600 3762 ex
625 3698 847 3762 scholasticis
867 3699 1020 3762 mediam
1042 3706 1180 3780 partem
1201 3699 1417 3761 christianae
1438 3698 1497 3760 do·

270 3807 405 3870 ctrinae
420 3807 625 3884 recitarunt,
642 3816 677 3869 et
698 3806 866 3886 postridie
887 3806 980 3886 quod
1001 3806 1173 3886 reliquum
1192 3816 1288 3884 erat;
1308 3816 1343 3869 et
1365 3805 1400 3869 id
1420 3823 1496 3886 spe·

269 3915 446 3977 ctaculum
458 3931 500 3976 ac
511 3913 687 3994 specimen
701 3913 880 3994 profectus
891 3915 1021 3994 populo
1034 3922 1068 3977 et
1080 3912 1317 3976 aedificationi
1328 3922 1362 3975 et
1374 3929 1497 3976 conso·

269 4021 391 4084 lationi
405 4038 475 4084 non
490 4017 661 4084 mediocri
674 4019 751 4083 fuit.
767 4019 866 4084 Unus
881 4029 1000 4084 autem
1015 4029 1076 4083 aut
1093 4023 1181 4083 alter
1196 4038 1241 4083 ex
1260 4020 1315 4082 his
1334 4020 1497 4084 recitato·

269 4129 367 4192 ribus
383 4129 533 4208 (utrique
549 4145 678 4192 nomen
693 4127 867 4191 Zenobius
882 4127 974 4207 erat)
990 4137 1028 4191 ut
1047 4129 1083 4190 in
1105 4126 1317 4191 Societatem
1338 4126 1497 4191 admitte·

267 4246 399 4315 rentur,
417 4235 544 4299 litteris
558 4236 604 4300 ad
618 4236 655 4301 P.
672 4235 849 4316 Ignatium
870 4236 1001 4314 missiS,
1019 4245 1053 4298 et
1068 4235 1234 4315 precibus
1253 4244 1397 4300 nostros
1418 4234 1497 4300 Flo·

310 4551 318 4583 t
347 4549 415 4595 Vide
425 4527 514 4607 snpra,
525 4562 587 4605 pag.
603 4551 648 4606 151,
659 4563 684 4594 n.
693 4551 742 4605 561;
753 4558 779 4596 et
787 4552 864 4606 inira,
874 4563 899 4594 n.
909 4551 958 4594 578.

310 4618 322 4652 ¹
350 4620 506 4666 Franciacns
519 4621 550 4666 de
566 4621 670 4676 Toledo,
687 4620 782 4665 Orator
797 4620 955 4674 Caesareus,
971 4621 1122 4664 Tridentum
1137 4622 1220 4676 primo
1232 4623 1334 4676 appulit
1350 4621 1397 4666 lb·
1411 4621 1499 4668 Martii

276 4695 338 4740 15⁴⁶.
350 4694 529 4744 Pallanteum.
540 4692 662 4737 Historia
673 4693 718 4738 del
728 4692 843 4738 Concilio
852 4694 882 4737 di
896 4693 1005 4747 Trento,
1013 4691 1058 4737 lib.
1068 4703 1106 4745 vr,
1116 4703 1173 4749 cap.
1182 4693 1216 4748 18,
1225 4705 1250 4738 n.
1263 4697 1283 4740 1.
