3642 5350
786 482 850 543 Au.
876 482 947 542 1556
1426 483 1482 545 275

255 627 320 691 bus
332 627 508 693 aetatibus
518 636 770 709 spectatorum,
784 639 858 694 tam
868 629 925 693 his
936 628 996 709 qui
1007 628 1182 708 utilitatis,
1195 646 1301 710 quam
1313 629 1373 711 qui
1384 631 1481 697 volu·

254 737 364 816 ptatis
378 736 554 800 rationem
568 736 762 817 habebant,
779 736 961 801 satisfecit.

318 842 405 907 1068.
448 842 653 925 Spirituaiia
679 844 850 908 exercitia
874 844 1000 924 paucis
1024 845 1209 926 proposita
1233 844 1394 925 fuerunt;
1419 846 1482 909 sed

255 951 324 1016 iliis
338 968 409 1016 non
425 952 500 1015 sine
516 950 643 1016 fructu.
661 949 742 1015 Non
763 952 953 1015 admodum
967 951 1085 1015 idonei
1107 952 1153 1016 ad
1167 949 1368 1031 hujusmodi
1382 969 1479 1017 exer·
1589 974 1597 995 ·

255 1059 440 1124 citationes
454 1059 616 1123 homines
630 1058 680 1122 illi
694 1057 979 1123 inveniebantur.

317 1164 405 1230 1069.
449 1165 503 1230 Ex
522 1165 652 1229 vicinis
670 1164 810 1247 oppidis
829 1178 1034 1231 nostrorum
1055 1182 1162 1248 opera
1182 1167 1228 1232 ad
1248 1166 1480 1249 praedicatio·

255 1291 335 1337 nem
347 1273 447 1337 verbi
457 1272 524 1337 Dei
538 1289 756 1355 magnopere
767 1274 1010 1353 expetebatur.
1023 1272 1174 1352 Quidam
1185 1274 1315 1340 missus
1327 1284 1381 1340 est
1390 1275 1479 1341 Dro-

254 1398 362 1460 mum,
382 1381 499 1444 locum
511 1388 666 1462 quatuor
679 1379 833 1444 millibus
845 1396 1015 1461 passuum
1030 1379 1195 1445 Messana
1216 1382 1421 1462 distantem,
1443 1392 1481 1447 ut

252 1488 362 1551 verbo
373 1486 442 1552 Dei
455 1488 623 1569 populum
634 1486 731 1551 illum
745 1489 1002 1568 consolaretur,
1015 1505 1120 1568 quem
1136 1504 1353 1570 magnopere
1364 1490 1480 1571 dispo·

255 1595 361 1659 situm
377 1594 423 1660 ad
436 1594 738 1676 praedicationem
757 1593 1002 1675 excipiendam
1023 1612 1065 1658 ac
1088 1596 1199 1661 vitam
1218 1596 1481 1665 reformandam

254 1702 400 1766 invenit.
417 1700 456 1765 In
469 1701 588 1766 littore
602 1701 710 1766 etiam
730 1702 839 1765 maris
858 1700 948 1766 retia
969 1701 1082 1767 divini
1096 1702 1202 1781 'verbi
1223 1720 1293 1768 non
1313 1703 1481 1768 inutiliter

251 1808 483 1892 jaciebantur.

317 1915 405 1982 1070.
447 1914 580 1997 Magna
592 1915 696 1981 laude
709 1916 818 1996 digna
833 1926 911 1980 erat
926 1915 1082 1981 charitas
1097 1914 1279 1997 Pro-regis
1293 1934 1381 1999 erga
1395 1936 1480 2000 pau·

254 2040 369 2107 peres,
390 2036 477 2105 erga
498 2040 589 2104 quos
609 2032 647 2088 ut
666 2024 845 2087 liberalior
863 2040 942 2088 esse
969 2034 1101 2105 posset,
1127 2034 1288 2105 sumptus
1313 2026 1479 2107 propriae

254 2132 390 2213 domus,
408 2129 525 2213 quoad
540 2130 616 2213 ejus
629 2130 706 2195 fieri
719 2138 870 2211 poterat,
891 2131 1141 2210 restringebat,
1163 2140 1198 2195 et
1216 2132 1253 2196 in
1277 2132 1355 2197 aliis
1373 2133 1479 2198 ratio·

255 2238 357 2305 nibus
371 2238 533 2304 ineundis
548 2238 675 2303 adhoc
690 2238 806 2319 ipsum
820 2254 1015 2318 pauperum
1030 2238 1225 2303 subsidium
1240 2248 1313 2305 tam
1328 2239 1480 2321 diligens

256 2356 345 2427 erat,
365 2356 403 2411 ut
424 2346 572 2426 singulis
591 2344 821 2410 hebdomadis
840 2360 972 2424 magna
991 2345 1161 2426 pecuniae
1185 2347 1242 2411 vis
1265 2347 1480 2428 pauperibus

255 2453 497 2519 distribuenda
512 2453 749 2534 colligeretur.

316 2559 404 2624 1071.
448 2560 537 2625 Cum
552 2558 590 2623 P.
608 2560 784 2624 Antonius
799 2558 917 2624 Vinck
932 2567 1011 2641 post
1026 2559 1179 2625 medium
1193 2562 1402 2644 Januarium
1415 2562 1480 2628 Ca-

255 2681 376 2734 tanam
396 2669 526 2734 missus
548 2678 653 2748 esset,
675 2678 712 2732 ut
734 2667 777 2732 de
795 2668 934 2732 ratione
953 2666 1104 2749 Collegii
1123 2667 1252 2734 ibidem
1274 2669 1479 2735 instituendi

255 2785 390 2858 ageret,
416 2777 521 2840 rebus
541 2775 630 2840 bene
649 2775 772 2856 gestis,
792 2774 989 2839 Februario
1005 2791 1125 2840 mense
1139 2775 1342 2842 Messanam
1362 2778 1477 2843 rediit.

255 2883 344 2948 Cum
358 2893 478 2947 tamen
489 2881 528 2947 P.
540 2881 757 2947 Provinciaii
771 2880 816 2945 ad
831 2881 1028 2962 Collegium
1043 2881 1128 2946 illud
1139 2883 1378 2950 inchoandum
1391 2885 1480 2968 ipse·

253 2999 325 3056 met
349 2990 581 3056 remittendus
595 2990 787 3068 videretur,
802 2989 868 3054 sub
892 2989 1031 3054 initium
1056 2991 1203 3055 aestatis
1223 2990 1261 3056 P.
1285 2990 1480 3058 Pantaleon

253 3097 413 3162 Rodinus
427 3115 551 3162 curam
566 3096 715 3178 Collegii
729 3097 896 3177 suscepit,
913 3096 950 3160 in
969 3113 1038 3178 quo
1053 3096 1199 3176 triginta
1213 3107 1248 3162 et
1263 3108 1397 3181 septem
1411 3101 1481 3164 col-

252 3205 401 3286 iegiales
424 3202 432 3236 ¹
454 3205 511 3268 his
535 3204 715 3268 mensibus
739 3203 986 3267 versabantur.
1014 3201 1047 3266 A
1068 3219 1189 3268 mense
1212 3214 1330 3272 autem
1350 3205 1480 3271 Martio

254 3311 369 3376 officio
384 3329 460 3390 suo,
477 3320 658 3392 tamquam
672 3310 894 3390 substitutus
910 3308 1012 3390 fungi
1026 3311 1152 3392 coepit.

316 3418 404 3485 1072.
447 3418 582 3484 Eodem
597 3429 716 3484 autem
730 3435 861 3498 mense,
879 3419 957 3498 ipso
972 3416 1029 3481 die
1040 3416 1338 3484 Annunciationis
1348 3419 1388 3484 B.
1402 3421 1482 3488 Vir·

254 3526 360 3609 ginis,
376 3525 415 3592 P.
432 3525 593 3608 Angelus
607 3523 856 3590 Prosdocimus
875 3521 947 3588 'ex
961 3524 1028 3588 hac
1044 3525 1119 3590 vita
1139 3526 1318 3608 migravit,
1334 3529 1483 3609 integris

254 3634 418 3700 sensibus
432 3652 542 3717 usque
557 3634 602 3698 ad
617 3642 815 3699 extremum
829 3632 1004 3714 spiritum,
1021 3642 1055 3697 et
1074 3642 1174 3698 tanta
1189 3635 1298 3699 animi
1313 3652 1393 3700 cum
1414 3637 1482 3700 lae·

173 3721 181 3739 ’
254 3744 343 3824 titia,
361 3750 399 3808 ut
414 3743 565 3808 similem
579 3757 772 3823 numquam
787 3738 919 3806 vidisse
934 3739 972 3803 P.
985 3737 1179 3805 Pantaleon
1195 3741 1397 3808 affirmaret.

319 3849 406 3915 1073.
449 3849 584 3914 Eodem
598 3857 757 3930 tempore
771 3847 989 3912 Franciscus
1001 3845 1310 3930 Soto,desperata
1330 3848 1406 3931 ejus
1429 3865 1482 3913 sa·

255 3960 327 4024 lute
343 3975 365 4022 a
379 3957 537 4038 medicis,
554 3965 734 4022 extremae
749 3953 926 4020 unctionis
941 3963 1204 4020 sacramentum
1229 3957 1378 4038 accepit.
1400 3953 1484 4020 Post

255 4065 341 4130 illud
353 4074 474 4130 tamen
487 4063 727 4129 valetudinem
742 4063 903 4143 corporis
919 4062 1090 4142 paulatim
1105 4063 1342 4144 recuperavit.

317 4171 406 4240 1074.
449 4170 565 4255 Aprili
588 4188 709 4235 mense
734 4169 882 4235 recessit
902 4167 942 4232 P.
962 4168 1196 4235 Prouincialis
1222 4171 1258 4234 in
1283 4169 1484 4236 triremibus

256 4379 467 4391 ,ιιι-...ιι-

298 4526 308 4559 ¹
336 4524 446 4572 Fratre·
455 4527 580 4581 intellige,
592 4531 647 4571 tam
655 4524 836 4578 scholasticos,
847 4528 902 4568 tum
914 4522 1086 4578 coadiutores,
1097 4527 1123 4566 et
1134 4522 1229 4568 Patres
1239 4522 1390 4568 societatis.

295 4598 308 4631 ²
335 4598 384 4652 Qul
394 4610 461 4644 anno
471 4599 605 4656 superiore
615 4599 648 4643 ad
663 4596 839 4643 sacerdotium
854 4596 940 4640 inerat
955 4601 1098 4650 promotus.
1113 4594 1179 4640 Vide
1194 4605 1281 4650 snpra,
1298 4601 1318 4641 t.
1327 4607 1354 4648 v,
1364 4604 1424 4651 pag.
1434 4593 1484 4648 208,

255 4671 339 4716 affl.
348 4669 413 4727 utu·
422 4671 512 4717 laudes
520 4669 685 4728 persequitur
699 4670 846 4725 Adortus,
862 4667 1024 4713 honinem
1037 4667 1145 4713 siculae
1161 4667 1187 4712 S.
1199 4665 1227 4723 J.
1244 4667 1326 4712 Ortus
1336 4670 1362 4713 et
1375 4665 1430 4712 Rus
1443 4679 1485 4723 ge·

257 4745 326 4795 stae,
334 4747 354 4788 t.
364 4752 382 4798 1,
392 4753 454 4800 pag.
468 4743 516 4790 tat.
