3642 5350
346 433 401 493 648
805 431 933 493 Canon.
953 431 1028 493 Soc.
1049 433 1119 506 las,

347 581 524 662 quierant
539 580 574 644 in
600 580 791 644 Provincia
812 579 996 659 Brasiliae,
1013 579 1101 643 satis
1117 592 1218 644 erant
1240 568 1405 660 propensi
1423 577 1468 642 ad
1483 578 1575 643 hanc

346 687 611 769 profectionem,
629 687 666 751 Ρ.
683 687 844 768 ignatius
859 689 996 752 censuit
1010 705 1081 750 non
1096 687 1315 768 expedirent
1331 703 1376 750 ex
1390 686 1574 767 praedicta

346 794 548 874 Provincia,
563 793 653 874 Regi
668 791 910 874 Portugalliae
925 793 1077 872 subdita,
1092 794 1206 858 nostri
1217 794 1465 875 educerentur,·
1479 803 1514 857 et
1525 793 1574 858 ita

344 900 570 967 commisitP.
587 901 781 965 Francisco
796 901 961 986 Borgiae,
978 910 1016 964 ut
1037 902 1068 964 si
1085 899 1262 981 judicaret
1282 901 1472 979 collegium
1488 901 1573 964 illud

344 1008 610 1087 admittendum,
627 1027 672 1072 ex
686 1008 860 1090 Hispania
875 1009 1013 1089 aliquos
1029 1025 1074 1072 ex
1088 1009 1220 1072 nostris
1234 1008 1280 1072 ad
1295 1005 1372 1088 eJus
1387 1007 1572 1072 institutio-

346 1134 425 1181 nem
436 1117 607 1196 mitteret,
628 1134 718 1198 quos
732 1117 880 1180 idoneos
900 1117 1151 1195 arbitraretur;
1175 1126 1209 1180 et
1225 1116 1275 1179 ita
1295 1115 1332 1179 P.
1360 1115 1575 1180 Franciscus

345 1241 467 1288 curam
481 1224 637 1305 suscepit
663 1222 768 1303 hujus
792 1224 986 1304 missionis;
1001 1235 1037 1286 et
1061 1233 1181 1287 tamen
1207 1223 1292 1288 nulli
1318 1222 1386 1287 hoc
1413 1239 1506 1286 anno
1532 1242 1575 1286 eo

345 1331 443 1395 missi
458 1344 548 1410 sunt;
567 1349 633 1395 nec
648 1333 789 1410 mirum,
807 1348 888 1396 cum
902 1333 1010 1395 etiam
1031 1332 1095 1409 illi,
1113 1331 1174 1411 qui
1193 1331 1239 1395 ad
1257 1330 1394 1395 Indiam
1407 1329 1499 1394 Peru
1517 1330 1574 1394 de·

344 1437 476 1517 signati
491 1452 604 1516 erant,
621 1439 715 1503 etad
732 1438 778 1517 id,
796 1457 841 1502 ex
856 1439 1078 1519 praescripto
1093 1437 1130 1502 P.
1156 1437 1296 1518 Ignatii,
1318 1436 1576 1518 professionem

344 1546 546 1624 emiserant,
564 1563 609 1608 ex
624 1545 701 1626 ipso
716 1555 821 1626 portu
833 1544 1039 1626 Hispaniae,
1053 1556 1090 1608 ut
1102 1544 1256 1609 diximus
1269 1545 1290 1623 ¹,
1303 1543 1441 1608 defectu
1454 1545 1575 1626 regiae

345 1653 537 1725 facultatis,
549 1669 655 1733 quam
668 1652 828 1716 Marchio
840 1652 973 1716 Canete
982 1670 1052 1716 non
1064 1653 1320 1732 postulaverat,
1331 1651 1574 1727 substiterunt;

344 1777 409 1824 nec
424 1761 494 1824 alia
518 1761 702 1840 navigatio
727 1777 838 1841 usque
863 1760 909 1823 ad
935 1770 1085 1825 mortem
1106 1759 1144 1824 P.
1172 1759 1311 1840 Ignatii,
1329 1771 1368 1824 ut
1383 1759 1574 1824 verisimile

344 1877 409 1947 est,
426 1868 461 1932 in
478 1869 556 1932 illas
571 1868 831 1932 transmarinas
847 1869 1013 1948 regiones
1029 1867 1092 1931 snit
1106 1868 1237 1932 oblata.

403 1974 494 2040 2786.
537 1975 665 2040 Primis
680 1977 860 2041 mensibus
873 1974 977 2056 hujus
992 1978 1076 2041 anni
1092 1987 1171 2056 post
1186 1977 1386 2056 ingressum
1405 1976 1574 2040 Doctoris

346 2083 509 2147 Ramirez
524 2083 558 2148 in
574 2083 800 2165 Societatem,
816 2083 945 2148 missus
957 2093 1042 2149 esta
1056 2083 1092 2148 P.
1108 2083 1280 2163 Magistro
1297 2082 1404 2146 Avila
1419 2083 1572 2148 licentia-

345 2203 402 2255 tus
416 2191 629 2256 Vincentius
644 2192 790 2273 Gomez,
807 2193 863 2257 vir
883 2209 1037 2272 magnae
1061 2191 1283 2270 eruditionis,
1300 2201 1337 2254 ut
1360 2189 1573 2256 Societatem

345 2311 505 2364 nostram
521 2301 777 2382 ingrederetur,
794 2318 877 2365 nam
892 2318 938 2365 ex
953 2299 1028 2380 ejus
1044 2299 1225 2380 discipulis
1245 2309 1332 2363 erat.

404 2406 495 2471 2787.
539 2408 572 2473 Α
586 2397 751 2488 Principe
764 2409 921 2490 Joanna,
943 2425 1049 2472 manu
1069 2407 1230 2487 propria,
1254 2407 1393 2470 litterae
1417 2407 1572 2487 scriptae

239 2568 245 2578 ,
344 2515 487 2581 fuerunt
501 2517 539 2582 Ρ.
555 2517 707 2597 ignatio,
730 2518 857 2598 quibus
875 2533 1094 2597 magnopere
1110 2515 1142 2580 ei
1164 2515 1447 2593 commendabat,
1473 2524 1511 2579 ut
1525 2515 1572 2578 di·

344 2624 608 2706 spensationem
636 2624 828 2708 quamdam
857 2641 877 2687 a
906 2621 1051 2689 Summo
1085 2622 1255 2687 Pontifice
1284 2622 1506 2703 impetraret,
1536 2633 1573 2687 ut

346 2732 389 2797 D.
399 2732 525 2798 Petrus
536 2735 579 2798 de
591 2734 735 2814 Borgia,
748 2733 920 2813 Magister
933 2731 1067 2796 ordinis
1078 2731 1270 2811 Montesae,
1284 2748 1433 2796 uxorem
1444 2731 1573 2795 ducere

346 2852 465 2922 posset
481 2841 523 2905 D.
538 2841 738 2906 Leonoram
762 2840 919 2919 Manuel,
940 2858 1032 2922 quae
1050 2840 1140 2903 inter
1162 2840 1251 2903 alias
1269 2840 1405 2903 nobiles
1419 2838 1573 2920 Principi

343 2949 503 3032 Joannae
528 2950 739 3015 charissima
764 2959 798 3013 et
822 2966 984 3013 summae
1008 2948 1232 3012 auctoritatis
1253 2958 1341 3011 erat.
1364 2946 1514 3026 Scripsit
1538 2958 1572 3009 et

345 3057 420 3137 ipse
446 3057 619 3137 Magister
644 3057 837 3138 Montesae,
864 3057 925 3139 qui
953 3056 989 3119 in
1019 3056 1134 3119 studio
1164 3066 1198 3118 et
1227 3054 1457 3119 observantia
1486 3070 1573 3133 ergo

345 3165 382 3228 P.
399 3164 575 3244 Ignatium
590 3164 628 3229 P.
649 3165 845 3229 Francisco
861 3164 1029 3245 Borgiae,
1047 3181 1111 3227 suo
1126 3162 1245 3243 fratri,
1270 3180 1309 3227 se
1326 3180 1396 3227 non
1416 3162 1541 3226 cedere
1564 3162 1573 3191 ³

346 3271 556 3335 affirmabat.

404 3377 495 3441 2788.
538 3379 632 3443 Ante
647 3379 682 3443 id
695 3388 834 3461 tempus
848 3380 977 3445 milites
992 3378 1067 3459 eJ'us
1083 3379 1217 3443 ordinis
1232 3395 1363 3442 uxores
1383 3395 1454 3441 non
1469 3376 1574 3441 duce·

346 3487 441 3563 bant,
458 3489 622 3568 quamvis
636 3488 760 3551 militia
775 3488 909 3551 ordinis
925 3487 1150 3565 Calatravae,
1172 3484 1273 3566 cujus
1298 3488 1395 3549 velut
1415 3484 1486 3548 filia
1498 3494 1573 3547 erat

344 3594 469 3673 religio
485 3594 633 3658 militnm
652 3595 846 3672 Montesae,
864 3612 943 3658 eam
959 3594 1259 3674 dispensationem
1274 3594 1484 3659 obtinuisset
1499 3590 1522 3671 ’ς
1539 3604 1573 3654 et

345 3702 474 3781 partim
489 3702 533 3766 ob
551 3703 896 3767 commendationem
913 3702 1088 3781 Principis
1103 3702 1281 3785 Joannae,
1301 3702 1431 3781 partim
1445 3700 1481 3763 in
1493 3715 1572 3779 gra·

344 3808 431 3871 tiam
441 3808 480 3872 P.
494 3809 523 3872 F
525 3809 677 3873 rancisci
685 3809 849 3889 Borgiae,
863 3810 924 3890 qui
935 3810 1002 3873 hoc
1015 3809 1279 3872 matrimonium
1291 3809 1336 3872 ad
1348 3806 1413 3871 Dei
1422 3805 1571 3886 gloriam

343 3916 420 3979 lore
435 3918 615 3997 censebat,
632 3917 819 3997 diligenter
835 3918 903 3981 hoc
926 3917 1108 4007 negotium
1129 3915 1262 3981 Romae
1277 3915 1314 3979 Ρ.
1342 3914 1501 3995 ignatius
1515 3929 1569 3975 cu·

343 4033 498 4103 laverat,
516 4036 550 4087 et
565 4026 731 4104 quamvis
745 4042 766 4086 a
782 4022 890 4087 Paulo
906 4024 956 4087 IV
973 4034 1057 4087 tunc
1074 4024 1218 4088 obtenta
1233 4042 1304 4088 non
1319 4024 1424 4088 fuerit
1435 4022 1571 4102 dispen-

343 4130 446 4210 satio,
461 4149 527 4195 nec
541 4132 709 4211 quamdiu
724 4132 815 4195 vixit
828 4129 865 4192 P.
878 4130 1051 4210 ignatius,
1065 4130 1128 4194 suit
1140 4131 1184 4194 ab
1196 4132 1321 4195 cadem
1333 4131 1494 4212 Principe
1510 4130 1560 4195 Pa

344 4239 389 4301 tri
403 4236 548 4319 Laynez
572 4239 640 4302 hoc
664 4239 848 4317 negotium
872 4237 1170 4316 commendatum,
1197 4247 1233 4301 et
1247 4255 1318 4302 non
1343 4255 1425 4302 cum
1444 4239 1574 4318 exiguo

343 4346 475 4425 labore,
492 4346 586 4426 quod
598 4345 796 4425 petebatur,
814 4345 958 4410 tandem
977 4346 1160 4410 obtentum
1174 4356 1239 4410 est.

386 4551 393 4583 Ι
422 4550 515 4605 supra,
526 4560 552 4593 n.
562 4548 624 4593 2707.

382 4623 394 4655 ¹
420 4620 466 4666 bis.
477 4632 506 4665 se
517 4622 611 4665 cedere
621 4632 674 4664 non
686 4622 850 4677 affirmabat.

380 4694 393 4726 ⁸
418 4692 463 4737 bis.
475 4693 631 4737 obtinuisse.
