3642 5350
292 310 317 373 b
749 315 877 375 cimon.
898 314 978 375 Soc.
999 314 1069 388 Jas.

295 457 570 538 relinquebatur,
592 461 767 539 quaedam
786 477 870 540 pars
891 459 1029 525 Domus
1049 469 1206 539 nostrae,
1227 478 1318 541 quae
1337 460 1429 525 inter
1447 462 1530 526 hor-

295 572 370 628 tum
385 572 420 628 et
433 566 621 630 ecclesiam
640 577 729 647 erat,
751 567 871 632 addita
892 568 958 632 fuit
978 567 1162 647 ecclesiae,
1185 580 1221 630 et
1239 569 1531 648 poenitentiario·-

295 689 376 740 rum
389 671 489 736 locus
503 680 654 737 vocatus
668 683 733 752 est,
750 675 809 738 ubi
823 692 888 740 sex
902 675 960 740 vel
975 683 1110 756 septem
1129 691 1262 737 vacare
1281 684 1445 754 poterant
1466 693 1529 738 au·

295 777 434 842 diendis
449 778 740 860 confessionibus
758 791 792 844 et
808 799 939 862 corpus
954 781 1127 846 ecclesiae
1142 780 1292 844 liberum
1307 781 1532 846 auditoribus

295 884 508 950 concionum
524 894 559 949 et
574 887 765 952 lectionum
779 889 1039 969 relinquebant.

359 991 407 1055 12.
449 990 591 1074 Rogatu
603 1004 721 1058 autem
736 993 952 1058 Marchionis
972 995 1016 1058 de
1035 993 1158 1059 Sarria
1174 992 1195 1072 ¹,
1220 995 1312 1058 idem
1327 994 1366 1058 P.
1384 996 1530 1076 Laynez

297 1099 333 1162 in
349 1099 498 1164 ecclesia
514 1097 574 1164 Si*
593 1101 718 1183 Jacobi
734 1101 917 1181 hispanice
936 1102 990 1164 bis
1006 1102 1042 1165 in
1056 1100 1280 1164 hebdomada
1296 1103 1533 1166 concionatus

298 1215 363 1284 est;
380 1215 414 1270 et
430 1207 489 1287 qui
505 1224 585 1271 eum
611 1207 729 1272 italice
749 1209 1021 1272 concionantem
1042 1209 1165 1273 audire
1186 1208 1281 1272 soliti
1303 1222 1416 1287 erant,
1433 1209 1533 1289 quod

298 1330 337 1376 se
351 1313 467 1394 ipsum
481 1314 588 1394 longe
599 1325 784 1396 superaret
798 1315 835 1378 in
847 1325 1008 1379 materna
1021 1316 1080 1379 ilia
1093 1316 1216 1396 lingua
1229 1315 1447 1396 judicabant:
1464 1333 1532 1378 nec

298 1421 532 1500 poenitendus
547 1440 592 1486 ex
607 1423 836 1486 concionibus
855 1421 932 1503 ejus
951 1424 1088 1487 fructus
1110 1423 1408 1503 consequebatur;
1430 1424 1533 1486 multi

299 1528 394 1592 enim
414 1527 577 1593 affectum
603 1528 772 1594 beneficia
792 1529 1034 1594 ecclesiastica
1054 1528 1257 1594 cumulandi
1276 1529 1530 1609 deposuerunt;

300 1635 409 1716 aliqui
423 1637 529 1699 etiam
545 1637 582 1700 in
597 1636 671 1717 ejus
686 1638 849 1701 manibus
864 1638 1005 1701 habitos
1022 1636 1097 1717 jam
1118 1636 1255 1701 reditus
1270 1637 1532 1718 relinquebant.

364 1741 412 1806 13.
456 1742 537 1807 Fuit
558 1743 649 1808 inter
671 1745 737 1807 hos
758 1745 818 1826 qui
839 1743 1118 1825 quinquemillia
1135 1743 1528 1807 annuireditusveire-

297 1848 456 1929 linquere
482 1851 540 1914 vel
563 1851 728 1930 retinere,
754 1867 819 1931 pro
846 1850 922 1930 ejus
947 1851 1108 1929 arbitrio,
1134 1861 1282 1930 paratus
1307 1860 1395 1913 erat.
1427 1851 1535 1914 Alius

297 1955 421 2020 eodem
435 1957 540 2020 modo
555 1957 624 2021 duo
638 1958 747 2022 miliia
763 1958 973 2021 ducatorum
989 1956 1065 2037 ejus
1081 1956 1215 2038 judicio
1235 1958 1408 2021 submisit.
1433 1957 1530 2022 Alio·

298 2080 377 2128 rum
392 2064 499 2128 etiam
514 2065 624 2128 corda
646 2065 762 2145 tetigit
777 2064 953 2130 Dominus
971 2075 1010 2129 ut
1029 2085 1051 2129 a
1070 2065 1229 2146 peccatis
1251 2065 1471 2144 recederent,
1494 2064 1533 2128 in

301 2171 428 2252 quibus
443 2170 504 2234 diu
519 2183 851 2253 perseveraverant.

361 2278 409 2342 14.
453 2277 534 2360 Ipso
560 2278 615 2344 die
639 2280 808 2344 Mercurii
833 2279 957 2344 Sancti
981 2281 1017 2343 in
1042 2279 1194 2343 ecclesia
1213 2288 1336 2343 nostra
1362 2277 1534 2355 osticium,

303 2385 397 2466 quod
419 2402 461 2448 ea
476 2385 698 2450 hebdomada
723 2386 798 2450 fieri
813 2388 915 2466 solet,
936 2387 1075 2450 cantari
1097 2395 1262 2466 coeptum
1281 2394 1345 2448 est:
1368 2394 1402 2450 et
1416 2386 1537 2465 primo

300 2492 357 2556 die
382 2491 541 2556 Paschae
566 2494 745 2574 sequentis
770 2494 1012 2576 vespertinum
1038 2492 1190 2557 officium
1215 2491 1399 2555 decantari
1424 2493 1532 2556 etiam

301 2609 467 2682 coeptum
483 2609 548 2664 est.
565 2599 610 2664 Et
624 2600 660 2663 id
674 2599 712 2663 P.
730 2600 890 2681 ignatius
912 2601 963 2664 sic
982 2599 1209 2672 consu'tuisse
1226 2599 1378 2679 videtur,
1401 2600 1534 2681 partim

300 2708 395 2789 quod
407 2708 685 2773 Constitutiones
696 2708 731 2771 id
741 2707 942 2771 iaciendum
957 2708 1138 2772 insinuant
1150 2706 1173 2787 ¹,
1187 2707 1318 2787 partim
1329 2708 1365 2769 in
1377 2708 1534 2787 gratiam

303 2814 439 2881 Summi
452 2814 644 2894 pontificis,
664 2816 734 2897 qui,
749 2833 829 2879 cum
842 2832 1041 2895 propensus
1061 2825 1154 2878 esset
1170 2815 1216 2878 ad
1230 2813 1434 2894 hujusmodi
1451 2832 1531 2877 can-

303 2931 377 2987 tum
408 2933 553 2988 nostrae
578 2924 747 2988 Societati
775 2922 1047 3003 injungendum,
1083 2922 1152 2986 hac
1180 2923 1320 2986 ratione
1346 2922 1539 2986 videbatur

303 3032 565 3112 conquieturus

365 3138 412 3201 15.
456 3136 545 3201 Cum
571 3147 689 3201 autem
715 3146 887 3201 tractaret
912 3138 950 3202 P.
976 3137 1136 3218 Ignatius
1161 3139 1229 3201 hac
1255 3138 1298 3200 de
1320 3154 1459 3223 recum
1480 3135 1540 3198 his

302 3243 546 3308 sacerdotibus
558 3244 694 3309 Domus
705 3253 860 3323 nostrae,
876 3261 966 3325 quos
977 3245 1198 3308 adhibendos
1213 3245 1350 3308 censuit
1362 3243 1407 3307 ad
1419 3241 1535 3322 hujus·

302 3351 398 3415 modi
423 3352 732 3428 consultationem,
759 3361 896 3416 tantum
922 3352 967 3415 ab
990 3353 1042 3416 eis
1065 3352 1212 3416 decerni
1236 3352 1360 3430 voluit,
1377 3369 1423 3413 au
1443 3358 1541 3413 esset

302 3470 410 3523 cantu
434 3459 678 3539 vespertinum
693 3458 847 3523 officium
869 3460 937 3522 hac
957 3450 1194 3522 Hebdomada
1214 3457 1346 3522 Sancta
1368 3456 1535 3520 inchoan·

303 3566 387 3629 dum
403 3565 606 3645 (numquam
621 3566 762 3629 enimin
777 3566 908 3646 templo
922 3576 1045 3630 nostro
1062 3566 1178 3629 iuerat
1194 3558 1422 3629 decantatum
1440 3561 1475 3642 ³).
1498 3559 1537 3625 Si

341 3770 350 3802 Ι
380 3768 480 3814 Eratis
492 3768 587 3813 Orator
598 3770 745 3813 ordinarius
756 3768 935 3825 Imperatoris,
944 3776 973 3814 nt
984 3770 1081 3814 dictum
1092 3775 1131 3814 eet
1141 3780 1230 3824 supra,
1243 3776 1261 3813 t.
1272 3781 1298 3822 v,
1309 3779 1370 3823 pag.
1378 3767 1412 3820 23,
1420 3772 1507 3810 annot.
1515 3766 1541 3809 2.

344 3840 354 3872 ¹
382 3841 455 3885 Part.
465 3852 501 3895 vr,
514 3852 535 3884 e.
545 3841 567 3885 8.
578 3840 650 3885 Deci.
662 3840 690 3883 B.

344 3912 356 3945 ὅ
383 3912 455 3956 Haec
466 3924 515 3956 non
527 3914 630 3956 omnino
641 3912 782 3955 cohaerere
793 3912 915 3955 videntur
926 3923 983 3956 cum
994 3914 1034 3964 iis,
1046 3924 1113 3968 quae
1124 3913 1232 3967 ipsemet
1243 3912 1371 3955 Polancus
1382 3921 1459 3965 supra
1469 3910 1538 3954 dixe·

303 3990 356 4038 rat,
369 3992 387 4029 t.
403 3997 428 4039 v,
443 3996 503 4039 pag.
517 3984 552 4040 33,
568 3996 593 4027 n.
608 3984 643 4027 58.
654 3984 709 4028 Nisl
720 3985 804 4027 mavis
820 3986 967 4039 intelligere
980 3996 1049 4029 anno
1059 3985 1192 4039 superiore
1208 3985 1380 4027 deliberatum
1394 3982 1497 4036 quidem
1507 3992 1538 4024 ac

302 4058 478 4101 constitutum
487 4056 565 4100 iulsse
577 4062 688 4105 cantum.
697 4056 742 4099 sed
752 4066 800 4099 nou
811 4057 898 4111 reipsa
908 4057 1034 4100 habitum:
1046 4058 1094 4101 hoc
1104 4067 1169 4100 vero
1179 4066 1247 4099 anno
1255 4056 1338 4098 denuo
1347 4066 1401 4097 rem
1409 4054 1540 4107 agitatam

303 4130 330 4173 in
340 4128 518 4172 executionem
528 4138 585 4171 esse
596 4127 742 4171 deductam.
753 4126 788 4171 Et
799 4126 964 4182 orlandinus,
975 4128 1018 4182 qui
1028 4138 1095 4171 anno
1107 4127 1161 4170 1555
1170 4128 1201 4170 de
1213 4134 1292 4171 cantu
1301 4138 1318 4169 a
1330 4125 1425 4168 nostris
1436 4125 1540 4168 inducto

304 4200 369 4245 nihil
379 4199 490 4252 dixerat,
501 4198 574 4242 ilium
584 4198 617 4243 ad
628 4205 792 4253 praesentem
804 4198 857 4243 1556
868 4200 957 4245 reiert:
973 4199 1043 4243 “Hoc
1062 4202 1166 4244 ineunte
1181 4210 1257 4250 anno,
1272 4197 1377 4241 tametsi
1392 4208 1503 4251 aequum
1512 4206 1541 4239 se

303 4284 335 4317 ae
343 4270 483 4327 propitium
495 4271 589 4313 nostris
601 4272 678 4314 rebus
694 4270 836 4324 praebebat
847 4270 946 4315 Romae
959 4271 1081 4316 Pontifex
1096 4271 1202 4326 (Paulus
1211 4269 1266 4320 lVl,
1278 4275 1365 4313 tamen
1377 4268 1502 4323 ignatius.
1512 4276 1542 4314 ut

304 4354 410 4389 causam
420 4342 444 4385 el
456 4342 586 4396 quidpiam
597 4342 738 4385 innovandi
754 4343 927 4397 praeriperet,
944 4344 1035 4388 diebus
1049 4342 1192 4388 Dominicis
1207 4340 1316 4385 Sacrum
1331 4352 1361 4383 uc
1379 4340 1547 4394 vespertinas

303 4426 394 4471 precer
412 4415 437 4459 in
453 4414 632 4457 Professorum
650 4416 745 4469 templo
762 4425 820 4459 curn
836 4422 914 4459 cantu
929 4416 1021 4469 peragi
1034 4416 1120 4471 iussin
1134 4414 1184 4459 hue
1200 4424 1228 4457 re
1244 4412 1362 4464 Paulum,
1378 4412 1419 4467 qui
1434 4413 1544 4455 eborum

305 4488 418 4533 maxime
436 4486 575 4531 videbatur
596 4486 622 4529 in
640 4484 774 4530 Societate
790 4488 932 4542 requirere,
952 4496 1026 4532 ratus
1043 4488 1098 4531 iore
1120 4490 1292 4539 contentum„
1310 4482 1383 4527 Hisi.
1400 4483 1466 4535 Sca,
1481 4493 1506 4536 p.
1522 4490 1546 4535 r,

301 4561 348 4609 lib.
359 4570 415 4615 xvr,
427 4571 451 4603 n.
463 4560 483 4604 1.
