3642 5350
767 404 829 465 Aa.
850 402 922 465 luto
1402 400 1466 464 tui·

229 553 316 617 mini
328 552 485 619 Thomae
496 551 588 631 Lilii,
601 551 764 633 superius
776 550 785 585 ¹
796 550 980 630 nominati,
992 548 1297 628 irater),anostris
1305 548 1341 611 in
1350 548 1456 612 rebus

230 657 472 741 spiritualibus
486 658 613 723 vivens
628 668 663 725 et
678 660 833 725 moriens
848 656 1001 739 adjutus,
1017 672 1107 739 quos
1120 656 1196 737 ipse
1214 672 1297 720 cum
1314 654 1389 720 suis
1405 654 1456 718 ia·

230 766 421 831 cultatibus
435 774 471 831 et
489 764 663 833 charitate
678 765 786 831 etiam
804 764 872 831 hoc
892 781 988 830 anno
1008 762 1206 844 adjuverat.
1225 763 1271 827 Et
1289 760 1458 843 quodam·

231 873 337 939 modo
350 873 562 939 miraculum
575 872 683 940 etiam
697 872 840 938 Rectori
855 871 1055 951 videbatur,
1076 879 1114 936 nt
1134 887 1216 935 cum
1235 879 1342 933 ancta
1363 877 1458 933 esset

229 996 379 1045 numero
391 979 526 1046 familia
542 979 694 1060 Collegii
707 989 742 1045 et
757 979 883 1045 domus
902 979 1011 1045 etiam
1024 978 1245 1043 aedificanda
1259 977 1396 1056 fuisset,
1411 992 1459 1040 ex

229 1088 467 1168 eleemosynis
481 1097 600 1153 tamen
622 1104 713 1169 quae
732 1088 935 1155 necessaria
957 1095 1061 1151 erant
1079 1084 1408 1168 suppeditabantur,
1422 1092 1459 1148 et

230 1194 270 1259 Ρ.
284 1194 414 1274 Ignatii
427 1195 625 1275 patrocinio
640 1204 825 1275 acceptum
839 1194 875 1260 id
888 1191 1061 1259 ferebat·
1285 1267 1293 1283 ,

288 1299 360 1365 677.
384 1301 473 1366 Cum
495 1299 687 1381 jubilaeum
706 1300 897 1365 Decembri
915 1318 1038 1367 mense
1057 1299 1239 1365 Bononiae
1257 1297 1458 1379 promulga-

230 1419 306 1473 tum
320 1416 426 1487 esset,
443 1409 638 1493 octingenti
652 1407 726 1473 lere
737 1408 774 1474 in
785 1411 917 1489 templo
927 1418 1050 1473 nostro
1060 1406 1223 1488 Virginis
1232 1403 1315 1469 85²⁸
1325 1404 1459 1468 Luciae
1562 1386 1568 1403 ’

231 1514 548 1595 communicarunt,
575 1525 610 1580 et
633 1515 726 1581 inter
750 1515 973 1597 poenitentes
995 1514 1098 1579 multi
1114 1527 1164 1578 ex
1182 1512 1360 1595 primariis
1383 1508 1462 1590 eius

233 1620 331 1686 urbis
343 1620 496 1685 luerunt.
514 1624 516 1629 ’

292 1726 363 1791 678.
408 1726 564 1809 Optabat
578 1737 697 1794 autem
715 1727 915 1811 Episcopus
931 1728 1166 1795 Bononiensis
1187 1728 1211 1807 ⁸,
1234 1726 1460 1791 concionato-

234 1852 310 1899 rem
338 1850 383 1899 ex
407 1834 557 1911 nostris,
581 1835 702 1915 quiin
726 1834 930 1901 Cathedrali
954 1836 1085 1917 templo
1103 1832 1385 1916 Quadragesima
1411 1846 1462 1895 se·

234 1942 355 2022 quenti
368 1940 653 2020 concionaretur,
669 1943 839 2023 obtinere;
863 1943 922 2007 cui
940 1952 1076 2022 tamen,
1095 1952 1242 2023 propter
1259 1936 1461 2020 huiusmodi

234 2047 527 2115 concionatorum
539 2049 737 2130 penuriam,
751 2048 919 2113 satisfieri
932 2066 1004 2113 non
1017 2050 1143 2131 potuit.

292 2153 365 2217 679.
406 2152 594 2219 Admissus
606 2154 673 2219 fuit
687 2154 868 2221 Bononiae
883 2156 952 2220 hoc
969 2172 1064 2220 anno
1077 2154 1248 2219 sacerdos
1259 2154 1329 2233 ille,
1343 2167 1473 2243 quern,

234 2260 397 2325 Genuam
411 2261 568 2341 missum,
586 2261 692 2342 paulo
716 2270 797 2343 post
817 2264 1009 2327 recessisse
1030 2261 1186 2329 diximus
1207 2259 1231 2341 ⁸,
1257 2262 1317 2342 qui
1341 2258 1461 2323 socius

234 2366 424 2449 aliquando
447 2367 564 2433 suerat
587 2367 624 2433 P.
650 2368 876 2436 Pantaleonis
894 2368 1024 2434 Rodini
1042 2367 1065 2433 ⁴.
1092 2368 1163 2434 Sed
1184 2365 1290 2450 [curn]
1305 2367 1365 2450 qui
1386 2364 1463 2446 ejus

233 2476 313 2539 loco
327 2474 453 2539 Genua
467 2474 596 2541 missus
610 2473 727 2541 luerat
740 2476 940 2543 Bononiam
956 2486 991 2541 et
1009 2477 1179 2542 sacerdos
1192 2476 1264 2540 illic
1283 2474 1462 2539 admissus

233 2582 340 2647 simili
354 2581 593 2649 inconstantia
608 2582 805 2663 laboraret,
826 2584 996 2650 sacerdos
1014 2584 1120 2662 alius,
1137 2584 1280 2648 nomine
1299 2581 1463 2660 Angelus

233 2687 449 2769 Filogeuius,
463 2707 509 2754 ex
520 2689 675 2769 Etruria,
688 2691 869 2756 Bononiae
879 2699 1000 2756 tamen
1010 2691 1187 2770 habitans,
1199 2691 1236 2755 in
1247 2688 1463 2754 Societatem

234 2795 372 2862 admitti
391 2797 595 2877 postulavit.
617 2796 683 2862 Vir
702 2799 740 2862 in
763 2798 889 2863 litteris
910 2798 1177 2865 humanioribus
1200 2797 1375 2876 eruditus,
1397 2795 1460 2876 qui

233 2917 279 2967 ex
291 2903 414 2984 primis
423 2902 679 2984 ludimagistris
689 2904 806 2970 iuerat
816 2903 1011 2986 Bononiae,
1024 2915 1059 2971 et
1070 2905 1193 2987 pingui
1203 2904 1346 2969 cuidam
1358 2919 1464 2984 paro·

233 3010 336 3074 chiae
349 3021 526 3090 praeerat,
541 3021 577 3080 et
591 3009 652 3076 diu
665 3012 950 3078 benevolentiam
962 3029 1051 3094 erga
1069 3013 1284 3078 Societatem
1302 3013 1464 3092 incoepe-

234 3127 291 3180 rat
305 3116 392 3195 (sic)
406 3127 441 3179 et
461 3115 504 3180 de
519 3133 562 3180 ea
581 3118 819 3184 benemeritus
838 3120 971 3200 iuerat;
991 3130 1027 3186 et
1044 3119 1209 3201 quamvis
1226 3135 1309 3184 eum
1326 3127 1467 3182 secreto

233 3223 377 3290 admisit
392 3222 430 3287 P.
446 3223 476 3290 F
478 3225 663 3290 ranciscus
677 3225 848 3307 Palmius,
865 3229 985 3308 palam
1001 3227 1039 3292 id
1056 3226 1176 3292 facere
1193 3243 1265 3291 non
1278 3225 1405 3307 potuit,
1421 3241 1465 3288 eo

234 3331 329 3412 quod
353 3329 553 3412 Episcopus
577 3331 811 3398 Bononiensis
836 3351 962 3400 curam
986 3335 1020 3399 ei
1040 3334 1232 3415 reliquerat
1258 3331 1467 3398 monasterii

234 3437 319 3502 δι’*
334 3435 483 3518 Mariae,
503 3439 600 3520 qnod
624 3438 763 3520 insigne
785 3440 1036 3506 detrimentum
1054 3442 1218 3522 accipere
1236 3442 1420 3523 potuisset,
1436 3439 1468 3502 si

235 3543 322 3612 illud
335 3545 457 3609 statim
473 3545 531 3610 bic
546 3543 718 3610 sacerdos
732 3547 935 3628 reliquisset
947 3547 971 3612 ⁸.

294 3650 366 3714 680.
409 3651 597 3716 Admissus
608 3663 662 3716 est
674 3663 709 3716 et
721 3653 813 3718 alius
823 3655 1006 3735 sacerdoS,
1022 3657 1166 3721 nomine
1180 3655 1325 3735 Caesar,
1338 3654 1468 3736 viginti

279 3927 286 3960 Ι
315 3927 382 3974 Vide
391 3930 549 3984 praesertim
559 3939 649 3985 eopra,
657 3935 678 3976 t.
688 3939 715 3984 v,
725 3941 786 3986 pag.
800 3930 847 3985 tta,
858 3942 884 3976 n.
892 3931 943 3977 8⁶1.

276 4001 288 4034 ¹
315 3999 592 4057 Joaaneecampeui.

280 4071 291 4104 ⁸
318 4071 636 4128 septam-ttamen.
701 4076 707 4090 '

277 4145 290 4178 ⁴
317 4142 347 4188 P.
356 4143 502 4190 Pantaleon
511 4141 605 4189 Rodlnl
615 4144 660 4190 vel
670 4143 812 4196 Rbodlnne.
825 4145 867 4200 qai
882 4155 932 4199 pro
945 4144 1051 4199 Vinicio,
1066 4145 1143 4201 boloe
1157 4145 1218 4190 anni
1228 4143 1282 4188 ibbo
1295 4150 1396 4188 aestate
1406 4143 1470 4188 iles·

232 4215 350 4260 mnemia
360 4215 459 4260 Donum
468 4214 565 4260 Rector
576 4223 681 4261 creatae
690 4221 740 4260 eet.
749 4215 819 4262 Vide
834 4215 959 4262 Litterae
971 4215 1202 4270 Ouadnmeatres,
1212 4223 1231 4260 t.
1246 4225 1283 4269 rt,
1297 4227 1359 4271 pag.
1367 4214 1416 4267 612,
1424 4227 1470 4260 an·

240 4289 326 4332 not.1.

272 4357 285 4392 ⁸
312 4357 349 4404 Dc
360 4359 409 4404 boc
420 4359 458 4404 lte
468 4357 605 4414 Polancua,
614 4371 649 4404 eo
659 4371 736 4412 com„
746 4359 819 4405 Patri
835 4360 948 4414 Palmlo,
957 4361 994 4403 2.·
1003 4358 1073 4416 lieu:
1089 4359 1154 4404 “Per
1168 4361 1193 4404 le
1202 4360 1293 4405 ultime
1303 4359 1329 4404 dl
1341 4357 1374 4404 V.
1383 4359 1414 4405 R.
1430 4360 1470 4405 ln·

233 4429 354 4476 tandem
363 4430 406 4476 clai
415 4430 483 4475 lotae
494 4431 553 4485 quel
563 4431 701 4476 secerdote
712 4432 738 4476 dl
749 4437 882 4487 quaranta
892 4432 935 4477 dol
943 4431 1013 4486 enni,
1020 4432 1153 4476 calamato
1162 4429 1239 4476 litto.
1249 4432 1361 4487 Anteio,
1367 4437 1395 4475 et
1404 4441 1471 4487 pare

234 4511 252 4545 a
261 4499 356 4546 Noetro
365 4499 451 4547 Padre
465 4501 514 4546 clue
524 4501 547 4546 el
557 4512 636 4558 pocae
644 4508 787 4555 accettare;
803 4503 893 4548 elcclte
903 4501 938 4547 V.
948 4502 980 4547 tt.
990 4503 1076 4548 leccie
1086 4513 1158 4548 come
1170 4504 1188 4548 ll
1198 4513 1262 4558 pare
1273 4503 1315 4548 del
1324 4505 1471 4548 accettarlo

235 4573 263 4616 in
273 4571 398 4628 aunam,
408 4584 424 4618 o
434 4572 570 4618 mandaria
581 4583 598 4617 a
605 4573 689 4620 Roma
700 4585 716 4620 ο
725 4575 793 4618 dove
803 4575 822 4618 ll
832 4577 937 4630 parere,
948 4575 1076 4620 evisando
1085 4575 1172 4630 prima
1180 4575 1200 4620 tl
1208 4573 1304 4620 Rettor
1311 4580 1338 4619 et
1350 4575 1473 4620 havendo

237 4645 353 4701 tlepoeta
364 4646 389 4690 dl
399 4646 457 4700 lul„
