3642 5350
330 411 390 474 542
794 405 924 469 Cuaou.
943 407 1020 469 Soc.
1040 409 1111 482 jas.

395 556 487 622 2341.
530 557 568 620 ln
594 555 787 620 festivitate
812 553 1078 635 Assumptionis
1099 553 1333 619 Beatissimae
1356 553 1515 636 Virginis
1532 570 1568 622 et

332 667 448 730 tribus
462 663 587 729 diebus
601 664 695 727 hanc
711 661 720 694 ¹
736 661 1048 744 praecedentibus,
1065 671 1165 727 tanta
1180 661 1245 726 fuit
1260 663 1505 728 accedentium
1523 665 1567 729 ad

330 771 593 838 consessionem
604 767 803 848 multitudo,
819 777 858 832 ut
872 786 962 849 pene
974 768 1131 849 J'ubibaei
1141 778 1280 850 tempus
1291 769 1485 851 videretur;
1501 788 1566 835 nec

332 877 536 961 hujusmodi
550 877 749 958 frequentia
766 876 835 940 alio
850 876 886 940 in
901 876 979 940 loco
993 876 1092 941 urbis
1106 876 1333 957 cernebatur,
1349 877 1432 941 licet
1447 895 1566 942 mona·

331 988 444 1054 steria
458 988 571 1050 multa
585 985 621 1049 in
636 1002 679 1049 ea
695 994 824 1049 essent.

394 1093 486 1160 2342.
530 1091 734 1173 Spiritualia
749 1091 857 1154 etiam
871 1090 1044 1155 exercitia
1059 1090 1202 1171 quidam
1217 1093 1386 1156 sacerdos
1400 1094 1495 1174 apud
1507 1110 1567 1157 no·
1644 1099 1649 1107 '

331 1213 429 1267 stros
443 1201 610 1281 suscepit,
627 1198 687 1280 qui
700 1196 921 1262 secularibus
935 1198 1042 1262 rebus
1056 1197 1260 1262 renuntiare
1274 1207 1309 1262 et
1323 1197 1496 1265 Societati
1507 1219 1565 1265 no·

332 1320 432 1374 strae
446 1326 484 1372 se
500 1307 665 1372 addicere
681 1305 875 1385 constituit,
892 1315 928 1370 et
943 1305 989 1370 ad
1009 1305 1046 1368 id
1067 1305 1221 1370 maxime
1244 1325 1288 1370 ex
1308 1308 1459 1371 lectione
1479 1308 1567 1373 Con·

331 1416 556 1482 stitutionum
576 1423 781 1478 nostrarum
799 1429 838 1476 se
858 1423 994 1477 motum
1013 1412 1123 1476 fuisse
1145 1411 1359 1493 affirmabat,
1382 1432 1470 1495 quas
1489 1415 1568 1481 Deo

333 1525 460 1608 plenas
474 1522 688 1601 testabatur,
705 1531 740 1584 et
755 1520 883 1585 mirum
898 1521 935 1584 in
950 1520 1094 1584 modum
1109 1521 1142 1584 ei
1156 1522 1377 1602 placuerunt.
1401 1522 1468 1586 Vir
1490 1535 1567 1588 erat

331 1631 483 1712 egregio
497 1628 678 1712 praeditus
697 1628 856 1708 ingenio,
877 1628 941 1692 sed
963 1627 1288 1709 quinquagenarius
1309 1640 1345 1693 et
1366 1630 1425 1711 qui
1444 1647 1566 1695 curam

332 1739 536 1804 animarum
559 1745 738 1817 gesserat,
760 1745 795 1798 et
814 1736 978 1816 exemplo
997 1734 1094 1799 vitae
1116 1745 1152 1799 et
1176 1735 1347 1801 mediocri
1368 1737 1565 1802 eruditione

317 1912 318 1916 ,
333 1847 416 1910 aliis
431 1844 668 1909 aedificationi
683 1842 810 1906 fuerat.

394 1951 486 2017 2343.
531 1951 620 2016 Cum
635 1967 802 2030 egressus
817 1949 933 2014 suerat
951 1947 990 2014 P.
1011 1948 1229 2030 Santander,
1252 1951 1395 2032 quidam
1414 1953 1471 2016 vir
1489 1953 1563 2016 illu·

332 2062 430 2140 striS,
447 2060 507 2140 qui
522 2059 649 2124 Comes
664 2058 707 2121 de
722 2056 875 2138 Sastago
890 2055 902 2087 ¹
917 2069 1155 2138 nuncupatur,
1170 2058 1228 2122 vir
1242 2075 1395 2140 magnae
1408 2060 1562 2141 pietatiS,

332 2185 478 2232 manum
492 2167 524 2229 ei
540 2163 751 2246 adjutricem
767 2163 874 2242 dedit,
890 2172 929 2227 ut
944 2180 1036 2244 quae
1050 2165 1096 2228 ab
1110 2165 1189 2246 ipso
1204 2167 1293 2230 bene
1308 2177 1434 2247 coepta
1449 2179 1565 2247 erant,

329 2282 634 2339 conservarentur
649 2289 692 2336 ac
707 2282 921 2336 crescerent.

392 2381 484 2446 2344.
529 2379 660 2444 Missus
675 2390 728 2443 est
743 2378 850 2442 etiam
866 2379 902 2443 in
918 2379 1101 2443 civitatem
1116 2379 1332 2461 Calatayud,
1349 2381 1445 2461 (olim
1461 2383 1564 2447 Bilbi-

329 2490 375 2553 lis
390 2489 597 2566 dicebatur),
614 2496 649 2551 et
663 2487 738 2550 suis
752 2486 984 2550 concionibus
998 2487 1168 2567 populum
1182 2488 1281 2552 illum
1295 2506 1366 2553 non
1381 2490 1564 2556 mediocri·

329 2609 387 2660 ter
402 2596 607 2670 commovit,
624 2605 658 2658 et
673 2594 722 2657 ita
737 2593 864 2658 litteris
879 2609 901 2656 a
916 2591 954 2656 Ρ.
972 2593 1157 2675 Alphonso
1172 2592 1310 2657 Roman
1333 2597 1567 2677 magistratus

331 2706 463 2769 obnixe
478 2706 715 2787 postularunt,
733 2712 772 2765 ut
787 2701 917 2765 diutius
932 2718 1039 2783 quam
1053 2712 1228 2766 statuerat
1242 2704 1337 2784 apud
1351 2704 1449 2783 ipsos
1471 2705 1564 2769 idem

332 2812 438 2877 Pater
459 2820 754 2877 commoraretur.
778 2808 955 2873 Dicebant
975 2816 1093 2873 autem
1112 2810 1212 2873 initio
1231 2812 1389 2874 nonnulli
1407 2811 1564 2889 “aNonne

330 2920 389 2983 hic
405 2938 450 2984 ex
468 2920 537 2982 illis
557 2928 622 2996 est,
645 2935 734 2998 quos
756 2916 988 2980 audiebamus
1009 2917 1045 2978 in
1067 2914 1185 2980 Deum
1205 2935 1277 2980 non
1298 2918 1459 2983 credere?
1481 2938 1565 3001 quo·

332 3027 436 3091 modo
452 3042 539 3106 ergo
556 3025 804 3104 evangelicam
815 3022 918 3087 nobis
929 3023 1132 3087 doctrinam
1145 3034 1218 3087 tam
1231 3026 1376 3105 egregie
1388 3027 1563 3105 disseriti,

333 3132 478 3198 Plurimi
494 3142 613 3197 autem
632 3149 696 3195 sua
712 3142 861 3211 peccata
880 3129 996 3195 eidem
1010 3131 1272 3211 confessisunt,
1289 3143 1323 3197 et
1338 3134 1409 3197 alia
1423 3135 1566 3215 pietatis

329 3258 442 3320 opera
458 3237 615 3319 ejusdem
630 3239 827 3302 ministerio
843 3234 951 3320 [sunt]
967 3238 1142 3303 coniecta.

392 3346 483 3410 2345.
528 3346 669 3410 Accidit
682 3354 860 3425 autemut
872 3346 1070 3410 monachus
1081 3347 1225 3427 quidam
1234 3345 1436 3411 ordinisS.2i
1455 3348 1566 3413 Fran·

329 3454 430 3534 cisci,
448 3453 508 3535 qui
523 3453 836 3533 Caesaraugustae
852 3463 977 3517 contra
999 3451 1215 3518 Societatem
1237 3454 1461 3519 inconcione
1482 3474 1565 3537 qua·

329 3562 414 3626 dam
430 3560 671 3625 debacchatus
685 3559 812 3639 fuerat,
830 3560 920 3623 adeo
936 3570 974 3624 ut
989 3561 1096 3624 amici
1110 3559 1299 3625 Societatis
1314 3562 1451 3642 offensi,
1465 3576 1500 3627 et
1514 3565 1563 3628 in-

328 3668 460 3748 juriam
479 3666 603 3731 ulcisci
621 3668 800 3746 volenteS,
819 3666 883 3730 vix
905 3684 927 3729 a
946 3666 984 3729 Ρ.
1007 3666 1146 3732 Roman
1168 3669 1284 3732 arceri
1308 3670 1499 3750 potuerint,
1520 3689 1565 3735 ne

330 3775 466 3857 aliquid
481 3775 531 3839 illi
547 3774 728 3838 molestiae
749 3772 938 3853 inferrent3
955 3776 997 3853 is,
1018 3776 1174 3857 inquam,
1191 3777 1405 3855 monachus,
1423 3779 1563 3842 eumad
1641 3831 1644 3836 .

256 3870 261 3879 ’
332 3883 552 3964 praedictam
568 3882 750 3945 civitatem
766 3880 979 3962 Calatayud,
991 3882 1159 3947 frumenti
1171 3885 1435 3964 eleemosynam
1447 3895 1564 3964 postu·

329 3992 422 4068 lam,
447 3988 660 4068 devenisset,
682 3989 728 4053 ad
753 3990 809 4054 sui
833 3990 1041 4053 monasterii
1066 3990 1272 4071 subsidium;
1297 3994 1428 4073 populo
1454 3992 1565 4056 voluit

330 4098 495 4178 proximo
509 4097 645 4161 infesto
658 4096 877 4161 concionari.
892 4096 981 4162 Cum
992 4108 1111 4161 autem
1121 4098 1353 4164 intellexisset
1365 4100 1402 4163 Ρ.
1416 4098 1564 4164 Santan-

329 4206 396 4269 der
411 4203 535 4268 eodem
550 4205 606 4268 die
621 4206 774 4285 primam
789 4206 998 4270 concionem
1014 4204 1060 4268 ad
1079 4206 1176 4269 illum
1191 4208 1359 4287 populum
1374 4224 1453 4271 esse
1468 4208 1565 4271 habi·

330 4326 461 4392 turum,
480 4312 566 4377 adiit
580 4313 678 4375 illum
694 4313 730 4375 in
746 4313 851 4376 domo
865 4329 1063 4393 pauperum
1084 4313 1307 4394 existentem;
1329 4324 1364 4377 et
1379 4314 1488 4379 animi
1510 4315 1567 4378 sui

371 4588 382 4621 ¹
545 4618 553 4635 ο

373 4659 385 4692 ¹
412 4589 654 4717 ffltztlutfffflagon.
666 4662 733 4707 Vide
744 4660 866 4707 Litterae
876 4662 1108 4716 eractrtmestres,
1119 4671 1138 4710 t.
1149 4676 1186 4720 tv,
1201 4677 1261 4720 pag.
1272 4666 1320 4719 tot,
1332 4673 1420 4711 annot.
1431 4666 1453 4711 2
