3642 5350
787 462 851 522 Aa.
878 463 947 521 1556
1445 463 1483 523 ts

247 605 358 668 etiam
372 604 407 668 in
423 605 535 668 tribus
550 606 681 670 ultimis
696 607 892 685 domorum,
914 617 949 671 et
963 627 1034 672 non
1055 609 1286 688 collegiorum
1308 609 1480 673 exercitia

248 711 367 775 adhuc
384 714 653 778 exercebantur.

315 817 383 882 120.
426 817 464 882 ln
484 818 673 886 Provincia
700 821 850 901 Galliae,
874 822 1021 886 Parisiis
1047 833 1082 886 et
1104 823 1242 887 Billomi
1261 824 1376 886 nostri
1398 824 1480 886 resi·

250 925 394 1005 debant;
410 935 444 989 et
459 927 495 989 in
516 928 704 1007 posteriori
718 929 876 1008 Collegio
893 937 1030 993 tantum
1045 930 1186 992 scholas
1202 941 1424 1010 aperuerant.

317 1032 382 1096 121.
426 1032 465 1096 In
480 1032 669 1098 Provincia
689 1033 870 1099 Inferioris
891 1035 1116 1114 Germaniae,
1140 1036 1303 1114 Lovanii,
1326 1036 1482 1100 Tornaci

249 1149 287 1202 et
309 1139 478 1203 Coloniae
493 1141 652 1220 Collegia
667 1141 899 1222 habebantur,
923 1143 1087 1224 quamvis
1109 1143 1263 1207 Tornaci
1283 1143 1408 1207 domus
1423 1162 1482 1225 po·

252 1247 322 1309 tius
336 1246 514 1310 censenda
530 1259 618 1326 erat;
634 1259 669 1311 et
684 1249 828 1312 scholae
843 1249 1012 1314 Coloniae
1027 1260 1165 1313 tantum
1185 1251 1416 1314 habebantur.

315 1353 383 1416 122.
426 1353 466 1417 In
489 1352 673 1434 Superiori
694 1355 898 1434 Germania,
914 1356 1076 1420 Viennae
1093 1357 1290 1436 Collegium
1310 1366 1386 1421 erat
1402 1375 1482 1422 cum

254 1461 370 1524 Domo
390 1461 615 1526 Probationis
637 1480 679 1525 ac
699 1472 865 1542 separato
885 1463 1131 1527 convictorum
1150 1463 1320 1544 Collegi0.
1342 1463 1482 1545 Pragae

252 1571 289 1632 in
308 1567 490 1646 Bohemia,
514 1579 549 1631 et
574 1569 781 1648 ingolstadii
802 1569 838 1632 in
860 1570 1027 1648 Bavaria,
1051 1569 1211 1649 Collegia
1232 1571 1374 1650 singula
1395 1587 1481 1634 suas

251 1675 396 1738 scholas
416 1675 604 1740 habebant.

317 1781 385 1845 123.
429 1781 468 1844 In
483 1780 672 1846 Provincia
687 1781 821 1860 Italiae,
836 1782 926 1846 citra
939 1783 1100 1862 Romam,
1115 1784 1312 1864 Collegium
1324 1792 1402 1845 erat
1412 1783 1482 1846 Ve-

251 1898 385 1967 netum,
412 1887 635 1963 Patavinum,
663 1887 903 1969 Ferrariense,
925 1889 1160 1970 Argentense,
1181 1891 1392 1966 Mutinense,
1413 1890 1481 1952 Bo·

253 1997 436 2073 noniense,
453 1995 651 2075 Genuense,
665 1995 918 2076 Florentinum,
933 1995 1087 2061 Senense
1099 2007 1134 2059 et
1148 1997 1369 2076 Perusinum,
1383 2013 1482 2076 prae·

252 2111 309 2165 ter
323 2101 466 2164 domum
481 2101 752 2181 Bassanensem,
770 2113 804 2165 et
821 2101 976 2166 Mutinae
991 2103 1098 2165 etiam
1111 2114 1276 2184 coeperat
1290 2105 1408 2183 potius
1424 2102 1485 2165 do·

254 2225 335 2271 mus
349 2224 456 2287 quam
471 2207 611 2287 collegii
631 2209 751 2272 munia
766 2226 945 2273 exercere.
967 2209 1006 2273 In
1027 2212 1179 2274 caeteris
1196 2210 1358 2273 omnibus
1378 2209 1484 2273 scho-

255 2317 313 2378 lae
329 2326 476 2395 apertae
495 2325 607 2378 erant.

318 2413 387 2479 124.
429 2414 469 2478 In
484 2411 675 2477 Provincia
687 2411 839 2492 Siciliae,
857 2414 1054 2495 Collegium
1070 2427 1146 2479 erat
1158 2415 1387 2479 Messanense
1402 2431 1482 2478 cum

254 2521 373 2586 Domo
392 2520 618 2585 Probationis
633 2519 838 2603 conjuncta;
855 2521 1145 2586 Panormitanum
1159 2522 1280 2586 itidem
1299 2531 1335 2584 et
1354 2521 1485 2585 Montis

255 2627 413 2711 Regalis,
430 2627 618 2710 Syracusis
634 2631 741 2694 etiam
755 2640 790 2695 et
801 2629 960 2695 Catanae
970 2629 1137 2695 inchoata
1146 2628 1220 2710 jam
1234 2639 1348 2709 erant;
1364 2645 1485 2709 quam-

255 2738 313 2800 vis
328 2736 365 2800 in
381 2737 503 2800 ultimo
516 2736 659 2801 scholae
674 2738 829 2802 nondum
844 2738 1069 2802 haberentur.

322 2843 388 2908 125.
433 2842 567 2906 Romae
583 2862 712 2908 nomen
726 2846 868 2925 quidem
883 2843 1096 2909 Provinciae
1117 2864 1188 2909 non
1204 2846 1410 2926 habebatur,
1427 2847 1485 2909 ubi

253 2959 336 3014 erat
357 2949 495 3015 Domus
519 2949 764 3015 Professorum
785 2969 867 3015 cum
893 2950 1082 3031 conjuncta
1106 2952 1223 3016 Domo
1249 2952 1484 3029 ProbationiS,

257 3058 456 3137 Collegium
467 3058 574 3121 etiam
585 3056 784 3122 Romanum
796 3069 830 3121 et
842 3039 1110 3123 Germanicum:
1127 3077 1192 3122 nec
1206 3060 1266 3121 alii
1276 3059 1487 3123 Provinciae

253 3164 506 3245 Tyburtinum,
522 3165 732 3229 Amerinum
747 3175 781 3229 et
796 3164 1067 3247 Neapolitanum
1083 3184 1125 3229 eo
1139 3175 1299 3246 tempore
1318 3168 1486 3247 deputata

254 3272 409 3351 fuerant,
426 3273 591 3352 quamvis
607 3271 720 3336 Roma
735 3274 952 3353 reliquarum
968 3271 1238 3336 Provinciarum
1254 3281 1368 3337 mater
1379 3282 1484 3336 esset.

320 3378 388 3443 126.
432 3380 491 3443 Sic
505 3396 592 3460 ergo
609 3390 682 3443 tam
701 3380 821 3444 multis
843 3389 878 3442 et
898 3380 1009 3444 variis
1031 3382 1067 3443 in
1083 3381 1170 3444 locis
1184 3378 1400 3444 Societatem
1414 3397 1486 3442 non

256 3488 372 3550 solum
388 3504 561 3567 sparsam,
579 3488 640 3551 sed
651 3487 836 3551 fundatam
848 3486 955 3550 etiam
968 3488 1023 3549 his
1035 3486 1236 3568 quindecim
1247 3487 1349 3550 annis
1361 3486 1488 3566 quibus

256 3591 441 3671 Societati,
455 3611 561 3675 quam
572 3595 774 3657 instituerat
785 3594 949 3675 praefuit,
962 3594 1083 3657 videre
1097 3594 1183 3675 ipse,
1200 3595 1236 3657 in
1251 3595 1355 3657 terris
1369 3593 1486 3656 adhuc

256 3716 384 3779 agenS,
401 3718 464 3780 per
476 3700 544 3764 Dei
558 3701 712 3779 gratiam
724 3702 849 3782 potuit.

324 3808 391 3870 127.
433 3806 491 3871 Ab
518 3825 560 3871 eo
580 3806 746 3872 defuncto
767 3809 895 3871 artifex
913 3808 1057 3889 quidam
1078 3806 1086 3840 ¹
1108 3808 1260 3888 effigiem
1281 3806 1487 3886 desumpsit,

257 3932 344 3977 nam
365 3914 490 3978 vivens
516 3924 660 3996 propter
679 3915 913 3978 humilitatem
932 3913 967 3978 id
988 3932 1179 3996 numquam
1202 3914 1430 3996 permiserat;
1454 3925 1489 3975 et

256 4022 308 4084 ita
324 4038 449 4101 parum
464 4022 606 4101 proprie
621 4021 696 4102 ejus
710 4024 848 4085 vultum
863 4021 1002 4102 pictura
1017 4021 1125 4086 refert
1139 4020 1162 4086 ⁹.

322 4126 389 4191 128.
434 4127 619 4191 Inventum
646 4137 700 4191 est
728 4125 803 4207 ejus
831 4129 944 4208 hepar
972 4145 1081 4191 causa
1110 4128 1341 4207 aegritudinis
1366 4127 1487 4209 fuisse3

254 4304 472 4313 *ψ

295 4406 304 4439 ¹
334 4404 473 4459 Jacobinus
483 4406 514 4449 dc
524 4405 606 4449 Ponte
619 4405 744 4461 (sucopin
759 4407 803 4450 del
813 4406 914 4460 Ponte).
926 4405 1021 4450 Cartas
1035 4406 1069 4450 de
1080 4406 1135 4450 San
1146 4406 1263 4460 Ignario,
1274 4414 1293 4451 t.
1305 4417 1324 4461 1,
1339 4418 1400 4461 pag.
1410 4406 1452 4450 tot
1461 4407 1488 4450 in

249 4484 608 4599 an{minitliioeneiirvauauuraa.
630 4547 697 4593 Vr’da
712 4550 746 4593 de
763 4550 818 4593 San
834 4548 953 4602 rgnacro,
969 4550 1013 4593 lib.
1024 4560 1059 4601 rv,
1074 4561 1132 4604 cap.
1147 4550 1179 4601 ἱθς
1191 4556 1218 4593 et
1233 4549 1299 4594 Acta
1316 4550 1487 4601 Sanctorum,

251 4632 344 4666 menae
354 4620 432 4674 Jutto,
443 4626 460 4663 t.
472 4632 517 4671 vn,
532 4620 677 4665 Commeat.
690 4624 803 4677 praeuio
818 4622 849 4665 de
864 4620 944 4665 Santo
958 4618 1060 4675 ignatio
1075 4622 1106 4665 de
1121 4620 1254 4677 Loyola,§
1269 4632 1332 4669 uvir.
1348 4622 1488 4677 praecipue

253 4704 322 4739 vero
333 4693 431 4737 Carras
440 4692 473 4737 de
486 4692 541 4736 San
552 4694 670 4747 lgnacto,
681 4699 699 4739 t.
710 4705 727 4747 r,
738 4706 798 4751 pag.
810 4694 912 4741 tut-tto.
