3642 5350
343 399 380 462 88
801 401 929 462 Canon.
950 400 1028 462 Soc.
1048 402 1119 476 Jns.

344 545 477 610 lutione
498 545 662 626 agebant,
685 556 719 609 et
739 551 804 627 p'ro
829 563 894 610 suo
920 547 1093 610 arbitratu
1116 565 1161 610 ex
1187 547 1403 610 monasterio
1418 548 1581 627 egredie-

343 654 471 717 bantur
486 663 519 717 et
534 653 580 716 ad
595 652 680 717 illud
699 653 870 725 redibant;
894 671 960 717 nec
975 653 1173 734 Episcopus
1195 664 1256 717 aut
1278 655 1508 733 magistratus
1528 657 1573 719 ci·

345 761 467 824 vitatis
480 777 542 824 eas
557 759 602 822 ad
617 760 767 824 instituti
780 761 836 824 sui
850 760 1039 824 formulam
1054 760 1216 840 redigere
1230 770 1407 842 poterant.

364 873 366 878 '
404 865 476 932 290.
519 865 656 930 Placuit
676 877 794 930 autem
817 867 960 930 divinae
984 868 1133 931 bonitati
1153 878 1191 930 ut
1214 869 1517 933 exhortationibus
1538 879 1577 932 et.

344 988 453 1055 opera
463 974 508 1038 ·Ρ.
524 973 763 1038 Emmanuelis
777 983 903 1054 sponte
921 991 986 1038 sua
1006 975 1052 1038 ad
1071 976 1202 1051 omnia,
1224 992 1314 1056 quae
1330 976 1397 1055 ipsi
1414 975 1571 1040 videren·

344 1090 400 1145 tur
414 1080 588 1160 facienda,
612 1081 887 1159 adducerentur;
910 1091 945 1145 et
964 1081 1000 1145 id
1020 1081 1161 1162 quidem
1182 1099 1255 1145 non
1275 1083 1351 1145 sine
1365 1099 1498 1162 magna
1513 1101 1571 1164 po·

343 1189 415 1270 puli
431 1187 676 1253 aedificatione
690 1200 724 1252 et
739 1189 906 1270 Episcopi
923 1190 1175 1267 consolatione
1192 1189 1252 1269 qui
1266 1207 1348 1253 cum
1362 1208 1434 1253 non
1453 1189 1573 1254 crede·

342 1304 397 1359 ret
412 1297 456 1359 ab
472 1297 549 1376 ipso
563 1314 639 1360 rem
653 1305 727 1359 tam
742 1313 867 1376 parum
886 1305 1076 1376 speratam,
1095 1296 1141 1359 ad
1160 1297 1275 1376 ipsum
1295 1297 1417 1360 venire
1437 1295 1474 1360 P.
1494 1296 1573 1360 Em·

344 1404 484 1467 manuel
497 1403 626 1481 debuit,
643 1412 681 1466 ut
696 1411 874 1466 oretenus
894 1402 1100 1466 monasterii
1119 1411 1252 1467 statum
1270 1403 1338 1483 ipsi
1360 1402 1521 1482 referret;
1537 1413 1573 1466 et

344 1509 515 1572 intellexit
530 1508 624 1589 quod
644 1526 767 1572 omnes
787 1509 959 1572 moniales
978 1511 1182 1588 generalem
1201 1511 1298 1573 vitae
1314 1509 1421 1572 totius
1439 1510 1573 1574 confes·

342 1617 477 1680 sionem
492 1616 606 1680 eidem
626 1615 664 1679 P.
689 1616 913 1679 Emmanueli
937 1633 1018 1679 curn
1039 1633 1171 1696 magna
1195 1617 1307 1696 ipsius
1328 1617 1575 1681 satisfactione

341 1722 518 1802 fecissent,
536 1739 658 1786 omnes
673 1739 795 1785 earum
812 1739 929 1799 arcae,
945 1732 1076 1800 vestes,
1093 1723 1243 1803 pecunia
1263 1733 1298 1786 et
1318 1740 1377 1787 res
1398 1741 1521 1788 omnes
1536 1724 1572 1786 in

342 1846 528 1893 commune
545 1831 694 1893 collatae
718 1830 875 1908 fuerunt;
901 1839 937 1892 et
962 1830 1050 1893 nihil
1073 1830 1140 1893 sibi
1162 1846 1319 1910 prorsuS,
1341 1848 1386 1893 ne
1408 1831 1580 1912 crepidas.

342 1936 493 2017 quidem,
510 1945 750 2001 reservarunt.

401 2043 471 2108 291.
515 2044 610 2109 Vota
625 2062 747 2108 omnes
762 2053 992 2122 renovarunt,
1009 2055 1044 2108 et
1058 2045 1184 2108 deinde
1200 2045 1463 2108 sanctissimam
1479 2062 1571 2108 com·

343 2151 545 2215 munionem
563 2161 788 2232 acceperunt,
816 2147 892 2232 ipso
916 2151 972 2214 die
996 2151 1260 2232 Assumptionis
1284 2152 1323 2216 B.
1347 2151 1521 2230 Virginis
1538 2161 1573 2215 et

343 2275 433 2339 quae
445 2259 543 2340 prius
558 2259 720 2336 edebant,
736 2258 901 2322 bibebant
916 2269 951 2322 et
966 2258 1164 2321 vestiebant
1175 2257 1278 2337 iuxta
1292 2275 1393 2321 suam
1409 2259 1573 2322 volunta·

305 2343 310 2354 ’
343 2375 425 2444 tem,
442 2375 476 2429 et
491 2365 520 2429 si
536 2367 580 2428 ab
595 2365 786 2429 Abbatissa
802 2365 845 2428 de
860 2366 934 2428 suis
949 2366 1046 2429 vitiis
1061 2365 1427 2445 reprehendebantur,
1445 2376 1570 2430 contra

343 2473 439 2536 illam
454 2470 591 2552 injuriis
606 2483 640 2535 et
655 2471 806 2536 fustibus
831 2472 938 2535 etiam
965 2472 1207 2550 armabantur,
1231 2469 1306 2551 jam
1330 2472 1417 2535 nihil
1438 2472 1577 2536 nisiex.

341 2579 552 2655 obedientia,
569 2597 613 2643 ne
628 2579 764 2643 moveri
779 2579 922 2659 quidem
937 2579 982 2642 ab
1002 2597 1071 2642 uno
1091 2580 1171 2642 loco
1186 2580 1222 2642 in
1242 2580 1368 2655 alium,
1392 2580 1571 2642 volebant.

400 2684 470 2750 M.
514 2686 553 2750 In
568 2686 700 2749 civium
715 2697 833 2750 autem
849 2686 1131 2750 confessionibus
1145 2686 1294 2765 insignis
1309 2687 1417 2750 etiam
1432 2687 1571 2751 fructus

342 2794 511 2858 collectus
526 2804 591 2871 est;
608 2804 755 2874 peccata
775 2794 991 2873 gravissima
1011 2794 1146 2871 relicta,
1168 2794 1405 2873 gravissimae
1426 2794 1571 2857 inimici-

343 2902 413 2964 tiae
429 2901 617 2965 extinctae.
641 2898 880 2965 Constitutum
902 2901 1009 2963 etiam
1029 2910 1083 2963 est
1105 2901 1141 2964 in
1161 2901 1291 2964 scholis
1310 2910 1347 2963 ut
1363 2901 1518 2981 quotidie
1534 2903 1573 2965 in

342 3009 393 3072 eis
408 3006 514 3072 lectio
535 3007 752 3072 christianae
774 3008 960 3071 doctrinae
978 3008 1180 3086 haberetur,
1197 3016 1232 3071 et
1248 3008 1294 3071 ad
1308 3008 1344 3071 id
1361 3008 1489 3072 civitas
1504 3007 1568 3071 Fa·

342 3114 457 3179 biiani
472 3126 649 3179 trecentos
666 3115 801 3179 libellos
817 3132 861 3177 ex
876 3114 932 3177 his
943 3114 1003 3193 qui
1018 3112 1197 3178 Camerini
1212 3114 1353 3178 fuerant
1369 3116 1532 3195 impressi
1548 3116 1571 3189 ¹,

342 3222 447 3286 adse
467 3222 646 3301 deportari
666 3230 847 3285 curarunt.
875 3221 1116 3285 Concionatus
1141 3232 1195 3284 est
1216 3220 1253 3286 P.
1277 3222 1484 3285 Emmanuel
1503 3224 1577 3285 sin=

342 3330 439 3410 gulis
452 3330 574 3393 diebus
588 3328 774 3393 dominicis
789 3346 832 3391 ac
847 3326 960 3400 festis,
973 3337 1008 3391 et
1022 3329 1181 3409 quotidie
1201 3330 1418 3393 christianae
1440 3330 1568 3393 doctri·

341 3454 408 3501 nae
426 3436 613 3500 lectionem
633 3436 872 3516 praelegebat,
900 3445 935 3498 et
960 3435 1102 3516 quidem
1128 3449 1209 3499 cum
1233 3434 1349 3499 fructu
1375 3444 1410 3498 et
1429 3436 1569 3500 satisfa-

344 3542 461 3606 ctione
475 3551 547 3606 non
561 3540 741 3606 mediocri.

400 3646 471 3713 293.
516 3646 605 3713 Octo
632 3657 733 3712 erant
758 3648 927 3713 Fabriani
953 3648 1157 3712 monialium
1180 3645 1411 3728 monasteria,
1442 3659 1476 3712 et
1506 3666 1579 3730 per

342 3755 482 3837 singula
496 3755 655 3819 vicissim
674 3756 805 3819 Missae
826 3754 1041 3819 sacrificium
1057 3754 1236 3833 offerebat,
1258 3766 1293 3818 et
1313 3765 1393 3836 post
1408 3754 1494 3820 illud
1507 3772 1566 3818 ex·

341 3864 578 3926 hortationem
590 3862 632 3927 de
647 3862 743 3926 vitae
758 3862 949 3941 religiosae
969 3862 1187 3942 perfectione
1206 3862 1299 3943 apud
1320 3880 1382 3925 eas
1402 3862 1567 3925 habebar.

401 3970 472 4033 294.
516 3969 596 4050 Ipsa
622 3978 739 4033 autem
765 3970 893 4035 civitas
913 3970 965 4033 sic
985 3968 1215 4046 afficiebatur,
1242 3980 1281 4032 ut
1302 3980 1377 4032 toto
1399 3970 1455 4032 illo
1477 3983 1579 4032 anno-

342 4076 380 4141 l'.
396 4074 662 4141 Emmanuelem
678 4078 784 4140 vellet
804 4076 898 4156 apud
917 4092 958 4138 se
976 4076 1141 4154 retinere,
1164 4086 1199 4138 et
1218 4073 1292 4155 jam
1313 4076 1571 4139 habitationem

343 4186 376 4247 ei
401 4191 698 4265 praeparaverat,
724 4182 827 4247 etde
854 4184 1006 4262 collegio
1032 4180 1203 4246 societati
1231 4194 1375 4246 nostrae
1400 4182 1571 4262 erigendo

343 4292 484 4371 agebat,
511 4300 546 4354 et
570 4291 662 4355 inter
682 4307 743 4354 eos
763 4290 824 4370 qui
844 4289 880 4353 id
899 4290 1085 4368 curabant,
1104 4290 1302 4353 monachus
1327 4290 1471 4371 quidam
1496 4299 1578 4353 erat

344 4396 487 4462 Ordinis
501 4395 562 4461 gn
578 4396 770 4473 Benedicti,
788 4396 847 4476 qui
863 4397 1069 4459 monasterii
1084 4396 1245 4460 Perusini
1258 4396 1415 4478 ejusdcm
1428 4396 1579 4460 Ordinis

386 4637 394 4671 ¹
424 4637 490 4681 Vide
500 4644 587 4691 supra,
598 4646 658 4691 pag.
669 4634 704 4691 ut,
714 4646 738 4679 n.
750 4634 798 4679 ult.
