<?xml version="1.0" encoding="UTF-8"?>
<!DOCTYPE html PUBLIC "-//W3C//DTD XHTML 1.0 Transitional//EN"
    "http://www.w3.org/TR/xhtml1/DTD/xhtml1-transitional.dtd">
<html xmlns="http://www.w3.org/1999/xhtml" xml:lang="en" lang="en">
 <head>
  <title>
</title>
<meta http-equiv="Content-Type" content="text/html;charset=utf-8" />
  <meta name='ocr-system' content='tesseract 3.04.00' />
  <meta name='ocr-capabilities' content='ocr_page ocr_carea ocr_par ocr_line ocrx_word'/>
</head>
<body>
  <div class='ocr_page' id='page_1' title='image "./vitaignatiiloio00polagoog_0648.png"; bbox 0 0 3642 5350; ppageno 0'>
   <div class='ocr_carea' id='block_1_1' title="bbox 346 437 1123 514">
    <p class='ocr_par' dir='ltr' id='par_1_1' title="bbox 346 437 1123 514">
     <span class='ocr_line' id='line_1_1' title="bbox 346 437 1123 514; baseline -0.006 -11"><span class='ocrx_word' id='word_1_1' title='bbox 346 441 402 503; x_wconf 83' lang='grc'><strong>628</strong></span> <span class='ocrx_word' id='word_1_2' title='bbox 806 438 935 502; x_wconf 79' lang='lat' dir='ltr'><strong>Canon.</strong></span> <span class='ocrx_word' id='word_1_3' title='bbox 955 437 1031 500; x_wconf 89' lang='lat' dir='ltr'><strong>Soc.</strong></span> <span class='ocrx_word' id='word_1_4' title='bbox 1051 438 1123 514; x_wconf 79' lang='lat' dir='ltr'><strong>Jss.</strong></span> 
     </span>
    </p>
   </div>
   <div class='ocr_carea' id='block_1_2' title="bbox 345 583 1600 4309">
    <p class='ocr_par' dir='ltr' id='par_1_2' title="bbox 345 583 1591 1206">
     <span class='ocr_line' id='line_1_2' title="bbox 345 583 1591 664; baseline -0.002 -13"><span class='ocrx_word' id='word_1_5' title='bbox 345 588 554 652; x_wconf 89' lang='lat' dir='ltr'><strong>viderentur</strong></span> <span class='ocrx_word' id='word_1_6' title='bbox 567 587 708 651; x_wconf 89' lang='lat' dir='ltr'><strong>mittere</strong></span> <span class='ocrx_word' id='word_1_7' title='bbox 721 585 851 651; x_wconf 83' lang='lat' dir='ltr'><strong>falcem</strong></span> <span class='ocrx_word' id='word_1_8' title='bbox 862 585 899 648; x_wconf 88' lang='lat' dir='ltr'><strong>in</strong></span> <span class='ocrx_word' id='word_1_9' title='bbox 910 601 1062 648; x_wconf 88' lang='lat' dir='ltr'>messem</span> <span class='ocrx_word' id='word_1_10' title='bbox 1075 583 1228 649; x_wconf 91' lang='lat' dir='ltr'><strong>alienam</strong></span> <span class='ocrx_word' id='word_1_11' title='bbox 1239 601 1305 647; x_wconf 92' lang='lat' dir='ltr'><strong>nec</strong></span> <span class='ocrx_word' id='word_1_12' title='bbox 1320 599 1521 664; x_wconf 91' lang='lat' dir='ltr'><strong>provocare</strong></span> <span class='ocrx_word' id='word_1_13' title='bbox 1535 585 1591 648; x_wconf 77' lang='lat' dir='ltr'><strong>ad</strong></span> 
     </span>
     <span class='ocr_line' id='line_1_3' title="bbox 348 689 1589 775; baseline -0.004 -14"><span class='ocrx_word' id='word_1_14' title='bbox 348 697 505 775; x_wconf 85' lang='lat' dir='ltr'><strong>rigorem</strong></span> <span class='ocrx_word' id='word_1_15' title='bbox 519 693 732 775; x_wconf 85' lang='lat' dir='ltr'><strong>Principem,</strong></span> <span class='ocrx_word' id='word_1_16' title='bbox 748 711 824 758; x_wconf 89' lang='lat' dir='ltr'><strong>rem</strong></span> <span class='ocrx_word' id='word_1_17' title='bbox 839 700 952 756; x_wconf 87' lang='lat' dir='ltr'><strong>totam</strong></span> <span class='ocrx_word' id='word_1_18' title='bbox 967 692 1117 755; x_wconf 91' lang='lat' dir='ltr'><strong>consilio</strong></span> <span class='ocrx_word' id='word_1_19' title='bbox 1130 689 1338 770; x_wconf 78' lang='lat' dir='ltr'><strong>aragoniae</strong></span> <span class='ocrx_word' id='word_1_20' title='bbox 1349 691 1589 772; x_wconf 73' lang='lat' dir='ltr'><strong>reliquerunt,</strong></span> 
     </span>
     <span class='ocr_line' id='line_1_4' title="bbox 347 798 1588 883; baseline -0.002 -16"><span class='ocrx_word' id='word_1_21' title='bbox 347 801 443 883; x_wconf 92' lang='lat' dir='ltr'><strong>quod</strong></span> <span class='ocrx_word' id='word_1_22' title='bbox 463 799 474 832; x_wconf 87' lang='lat'>¹</span> <span class='ocrx_word' id='word_1_23' title='bbox 494 801 713 865; x_wconf 85' lang='lat' dir='ltr'><strong>existimavit</strong></span> <span class='ocrx_word' id='word_1_24' title='bbox 734 800 810 882; x_wconf 87' lang='lat' dir='ltr'><strong>ejus</strong></span> <span class='ocrx_word' id='word_1_25' title='bbox 829 799 1057 863; x_wconf 89' lang='lat' dir='ltr'><strong>vocationem</strong></span> <span class='ocrx_word' id='word_1_26' title='bbox 1078 799 1115 862; x_wconf 92' lang='lat' dir='ltr'><strong>in</strong></span> <span class='ocrx_word' id='word_1_27' title='bbox 1138 799 1273 862; x_wconf 87' lang='lat' dir='ltr'><strong>curiam</strong></span> <span class='ocrx_word' id='word_1_28' title='bbox 1294 798 1588 878; x_wconf 84' lang='lat' dir='ltr'><strong>suspendendam</strong></span> 
     </span>
     <span class='ocr_line' id='line_1_5' title="bbox 347 904 1580 987; baseline -0.002 -14"><span class='ocrx_word' id='word_1_29' title='bbox 347 927 418 973; x_wconf 91' lang='lat' dir='ltr'><strong>non</strong></span> <span class='ocrx_word' id='word_1_30' title='bbox 433 925 523 986; x_wconf 89' lang='lat' dir='ltr'><strong>esse,</strong></span> <span class='ocrx_word' id='word_1_31' title='bbox 539 914 605 971; x_wconf 87' lang='lat' dir='ltr'><strong>nec</strong></span> <span class='ocrx_word' id='word_1_32' title='bbox 619 915 740 972; x_wconf 90' lang='lat' dir='ltr'><strong>tamen</strong></span> <span class='ocrx_word' id='word_1_33' title='bbox 755 905 904 987; x_wconf 86' lang='lat' dir='ltr'><strong>urgebat</strong></span> <span class='ocrx_word' id='word_1_34' title='bbox 920 913 959 970; x_wconf 92' lang='lat' dir='ltr'><strong>ut</strong></span> <span class='ocrx_word' id='word_1_35' title='bbox 974 905 1095 969; x_wconf 91' lang='lat' dir='ltr'><strong>statim</strong></span> <span class='ocrx_word' id='word_1_36' title='bbox 1109 906 1263 985; x_wconf 88' lang='lat' dir='ltr'><strong>veniret,</strong></span> <span class='ocrx_word' id='word_1_37' title='bbox 1277 915 1322 968; x_wconf 75' lang='lat' dir='ltr'><strong>&#39;eo</strong></span> <span class='ocrx_word' id='word_1_38' title='bbox 1338 904 1433 985; x_wconf 91' lang='lat' dir='ltr'><strong>quod</strong></span> <span class='ocrx_word' id='word_1_39' title='bbox 1448 905 1493 969; x_wconf 91' lang='lat' dir='ltr'><strong>ab</strong></span> <span class='ocrx_word' id='word_1_40' title='bbox 1513 905 1580 970; x_wconf 87' lang='lat' dir='ltr'><strong>Ar·</strong></span> 
     </span>
     <span class='ocr_line' id='line_1_6' title="bbox 348 1011 1589 1096; baseline -0.001 -18"><span class='ocrx_word' id='word_1_41' title='bbox 348 1013 576 1096; x_wconf 91' lang='lat' dir='ltr'><strong>chiepiscopo</strong></span> <span class='ocrx_word' id='word_1_42' title='bbox 604 1013 941 1093; x_wconf 80' lang='lat' dir='ltr'><strong>caesaraugustano</strong></span> <span class='ocrx_word' id='word_1_43' title='bbox 970 1013 1157 1094; x_wconf 89' lang='lat' dir='ltr'><strong>pecuniam</strong></span> <span class='ocrx_word' id='word_1_44' title='bbox 1186 1020 1311 1077; x_wconf 91' lang='lat' dir='ltr'><strong>contra</strong></span> <span class='ocrx_word' id='word_1_45' title='bbox 1343 1011 1489 1076; x_wconf 88' lang='lat' dir='ltr'><strong>Busiam</strong></span> <span class='ocrx_word' id='word_1_46' title='bbox 1522 1031 1589 1094; x_wconf 65' lang='lat' dir='ltr'><strong>pem</strong></span> 
     </span>
     <span class='ocr_line' id='line_1_7' title="bbox 349 1123 1437 1206; baseline 0 -20"><span class='ocrx_word' id='word_1_47' title='bbox 349 1123 482 1186; x_wconf 84' lang='lat' dir='ltr'><strong>rebant.</strong></span> <span class='ocrx_word' id='word_1_48' title='bbox 1433 1195 1437 1206; x_wconf 48' lang='grc'>,</span> 
     </span>
    </p>

    <p class='ocr_par' dir='ltr' id='par_1_3' title="bbox 348 1225 1594 1934">
     <span class='ocr_line' id='line_1_8' title="bbox 408 1225 1592 1309; baseline 0.001 -18"><span class='ocrx_word' id='word_1_49' title='bbox 408 1227 500 1292; x_wconf 87' lang='grc'>2705.</span> <span class='ocrx_word' id='word_1_50' title='bbox 543 1228 627 1307; x_wconf 82' lang='lat' dir='ltr'><strong>Egit</strong></span> <span class='ocrx_word' id='word_1_51' title='bbox 641 1228 749 1291; x_wconf 90' lang='lat' dir='ltr'><strong>etiam</strong></span> <span class='ocrx_word' id='word_1_52' title='bbox 764 1226 801 1291; x_wconf 90' lang='lat' dir='ltr'><strong>P.</strong></span> <span class='ocrx_word' id='word_1_53' title='bbox 818 1227 992 1291; x_wconf 89' lang='lat' dir='ltr'><strong>Tablares</strong></span> <span class='ocrx_word' id='word_1_54' title='bbox 1007 1244 1089 1291; x_wconf 91' lang='lat' dir='ltr'><strong>cum</strong></span> <span class='ocrx_word' id='word_1_55' title='bbox 1103 1225 1323 1293; x_wconf 81' lang='lat' dir='ltr'>confessario</span> <span class='ocrx_word' id='word_1_56' title='bbox 1342 1227 1519 1309; x_wconf 91' lang='lat' dir='ltr'><strong>Principis</strong></span> <span class='ocrx_word' id='word_1_57' title='bbox 1537 1228 1592 1292; x_wconf 90' lang='lat' dir='ltr'><strong>de·</strong></span> 
     </span>
     <span class='ocr_line' id='line_1_9' title="bbox 349 1333 1592 1416; baseline -0.002 -18"><span class='ocrx_word' id='word_1_58' title='bbox 349 1333 556 1398; x_wconf 90' lang='lat' dir='ltr'><strong>reductione</strong></span> <span class='ocrx_word' id='word_1_59' title='bbox 571 1335 814 1398; x_wconf 83' lang='lat' dir='ltr'><strong>claustralium</strong></span> <span class='ocrx_word' id='word_1_60' title='bbox 836 1334 881 1398; x_wconf 92' lang='lat' dir='ltr'><strong>ad</strong></span> <span class='ocrx_word' id='word_1_61' title='bbox 900 1335 1168 1399; x_wconf 85' lang='lat' dir='ltr'><strong>observantiam</strong></span> <span class='ocrx_word' id='word_1_62' title='bbox 1187 1352 1274 1400; x_wconf 86' lang='lat' dir='ltr'><strong>suae</strong></span> <span class='ocrx_word' id='word_1_63' title='bbox 1295 1337 1452 1416; x_wconf 85' lang='lat' dir='ltr'><strong>regulae,</strong></span> <span class='ocrx_word' id='word_1_64' title='bbox 1475 1353 1592 1416; x_wconf 88' lang='lat' dir='ltr'><strong>quam.</strong></span> 
     </span>
     <span class='ocr_line' id='line_1_10' title="bbox 349 1440 1583 1524; baseline 0 -18"><span class='ocrx_word' id='word_1_65' title='bbox 349 1442 519 1522; x_wconf 88' lang='lat' dir='ltr'><strong>Princeps</strong></span> <span class='ocrx_word' id='word_1_66' title='bbox 538 1441 677 1524; x_wconf 90' lang='lat' dir='ltr'><strong>Joanna</strong></span> <span class='ocrx_word' id='word_1_67' title='bbox 698 1457 915 1521; x_wconf 80' lang='lat' dir='ltr'><strong>magnopere</strong></span> <span class='ocrx_word' id='word_1_68' title='bbox 937 1440 1112 1521; x_wconf 89' lang='lat' dir='ltr'><strong>cupiebat,</strong></span> <span class='ocrx_word' id='word_1_69' title='bbox 1139 1451 1175 1504; x_wconf 93' lang='lat' dir='ltr'><strong>et</strong></span> <span class='ocrx_word' id='word_1_70' title='bbox 1200 1441 1304 1506; x_wconf 91' lang='lat' dir='ltr'><strong>simul</strong></span> <span class='ocrx_word' id='word_1_71' title='bbox 1330 1441 1474 1506; x_wconf 88' lang='lat' dir='ltr'><strong>allocuti</strong></span> <span class='ocrx_word' id='word_1_72' title='bbox 1499 1451 1583 1506; x_wconf 89' lang='lat' dir='ltr'><strong>sunt</strong></span> 
     </span>
     <span class='ocr_line' id='line_1_11' title="bbox 349 1547 1591 1630; baseline 0 -17"><span class='ocrx_word' id='word_1_73' title='bbox 349 1547 525 1614; x_wconf 91' lang='lat' dir='ltr'><strong>Nuncium</strong></span> <span class='ocrx_word' id='word_1_74' title='bbox 550 1548 813 1630; x_wconf 86' lang='lat' dir='ltr'><strong>Apostolicum,</strong></span> <span class='ocrx_word' id='word_1_75' title='bbox 841 1547 901 1628; x_wconf 90' lang='lat' dir='ltr'><strong>qui</strong></span> <span class='ocrx_word' id='word_1_76' title='bbox 926 1565 1039 1630; x_wconf 90' lang='lat' dir='ltr'><strong>usque</strong></span> <span class='ocrx_word' id='word_1_77' title='bbox 1064 1549 1108 1612; x_wconf 90' lang='lat' dir='ltr'><strong>ad</strong></span> <span class='ocrx_word' id='word_1_78' title='bbox 1135 1558 1286 1612; x_wconf 91' lang='lat' dir='ltr'><strong>mortem</strong></span> <span class='ocrx_word' id='word_1_79' title='bbox 1312 1566 1458 1629; x_wconf 88' lang='lat' dir='ltr'><strong>operam</strong></span> <span class='ocrx_word' id='word_1_80' title='bbox 1481 1566 1591 1613; x_wconf 85' lang='lat' dir='ltr'><strong>suam</strong></span> 
     </span>
     <span class='ocr_line' id='line_1_12' title="bbox 348 1654 1591 1737; baseline 0 -16"><span class='ocrx_word' id='word_1_81' title='bbox 348 1657 443 1737; x_wconf 91' lang='lat' dir='ltr'><strong>apud</strong></span> <span class='ocrx_word' id='word_1_82' title='bbox 459 1655 664 1720; x_wconf 87' lang='lat' dir='ltr'><strong>Pontificem</strong></span> <span class='ocrx_word' id='word_1_83' title='bbox 679 1655 815 1719; x_wconf 91' lang='lat' dir='ltr'><strong>obtulit.</strong></span> <span class='ocrx_word' id='word_1_84' title='bbox 831 1654 1016 1719; x_wconf 87' lang='lat' dir='ltr'><strong>Promovit</strong></span> <span class='ocrx_word' id='word_1_85' title='bbox 1030 1655 1138 1719; x_wconf 89' lang='lat' dir='ltr'><strong>etiam</strong></span> <span class='ocrx_word' id='word_1_86' title='bbox 1154 1657 1221 1720; x_wconf 91' lang='lat' dir='ltr'><strong>hoc</strong></span> <span class='ocrx_word' id='word_1_87' title='bbox 1238 1656 1421 1735; x_wconf 84' lang='lat' dir='ltr'><strong>negotium</strong></span> <span class='ocrx_word' id='word_1_88' title='bbox 1436 1655 1591 1737; x_wconf 82' lang='lat' dir='ltr'><strong>diligen·-</strong></span> 
     </span>
     <span class='ocr_line' id='line_1_13' title="bbox 349 1761 1594 1842; baseline -0.001 -14"><span class='ocrx_word' id='word_1_89' title='bbox 349 1774 403 1828; x_wconf 90' lang='lat' dir='ltr'><strong>ter</strong></span> <span class='ocrx_word' id='word_1_90' title='bbox 417 1763 456 1826; x_wconf 94' lang='grc' dir='ltr'><strong>Ρ.</strong></span> <span class='ocrx_word' id='word_1_91' title='bbox 478 1761 609 1840; x_wconf 85' lang='lat' dir='ltr'><strong>Araoz,</strong></span> <span class='ocrx_word' id='word_1_92' title='bbox 626 1761 874 1838; x_wconf 89' lang='lat' dir='ltr'><strong>Provincialis,</strong></span> <span class='ocrx_word' id='word_1_93' title='bbox 898 1761 959 1842; x_wconf 85' lang='lat' dir='ltr'><strong>qui</strong></span> <span class='ocrx_word' id='word_1_94' title='bbox 979 1779 1148 1842; x_wconf 87' lang='lat' dir='ltr'><strong>magnam</strong></span> <span class='ocrx_word' id='word_1_95' title='bbox 1169 1763 1313 1827; x_wconf 91' lang='lat' dir='ltr'><strong>omnino</strong></span> <span class='ocrx_word' id='word_1_96' title='bbox 1334 1763 1594 1828; x_wconf 80' lang='lat' dir='ltr'><strong>auctoritatem.</strong></span> 
     </span>
     <span class='ocr_line' id='line_1_14' title="bbox 350 1871 742 1934; baseline 0 0"><span class='ocrx_word' id='word_1_97' title='bbox 350 1889 394 1934; x_wconf 89' lang='lat' dir='ltr'><strong>ea</strong></span> <span class='ocrx_word' id='word_1_98' title='bbox 411 1873 446 1933; x_wconf 88' lang='lat' dir='ltr'><strong>in</strong></span> <span class='ocrx_word' id='word_1_99' title='bbox 462 1871 562 1934; x_wconf 89' lang='lat' dir='ltr'><strong>curia</strong></span> <span class='ocrx_word' id='word_1_100' title='bbox 576 1871 742 1934; x_wconf 89' lang='lat' dir='ltr'><strong>habebat.</strong></span> 
     </span>
    </p>

    <p class='ocr_par' dir='ltr' id='par_1_4' title="bbox 350 1975 1597 2593">
     <span class='ocr_line' id='line_1_15' title="bbox 409 1975 1591 2058; baseline 0.001 -17"><span class='ocrx_word' id='word_1_101' title='bbox 409 1977 501 2041; x_wconf 82' lang='lat'><strong>2706.</strong></span> <span class='ocrx_word' id='word_1_102' title='bbox 545 1976 690 2041; x_wconf 86' lang='lat' dir='ltr'><strong>Interim</strong></span> <span class='ocrx_word' id='word_1_103' title='bbox 704 1977 839 2057; x_wconf 83' lang='lat' dir='ltr'><strong>aliquot</strong></span> <span class='ocrx_word' id='word_1_104' title='bbox 854 1977 1061 2056; x_wconf 78' lang='lat' dir='ltr'><strong>monachoS,</strong></span> <span class='ocrx_word' id='word_1_105' title='bbox 1077 1994 1168 2058; x_wconf 92' lang='lat' dir='ltr'><strong>quos</strong></span> <span class='ocrx_word' id='word_1_106' title='bbox 1183 1976 1221 2041; x_wconf 94' lang='lat' dir='ltr'><strong>P.</strong></span> <span class='ocrx_word' id='word_1_107' title='bbox 1239 1975 1411 2041; x_wconf 82' lang='lat' dir='ltr'><strong>Tab&#39;lares</strong></span> <span class='ocrx_word' id='word_1_108' title='bbox 1426 1979 1591 2042; x_wconf 91' lang='lat' dir='ltr'><strong>nomina--</strong></span> 
     </span>
     <span class='ocr_line' id='line_1_16' title="bbox 352 2083 1585 2165; baseline 0.002 -16"><span class='ocrx_word' id='word_1_109' title='bbox 352 2096 467 2164; x_wconf 90' lang='lat' dir='ltr'><strong>verat,</strong></span> <span class='ocrx_word' id='word_1_110' title='bbox 485 2101 549 2165; x_wconf 89' lang='lat' dir='ltr'><strong>per</strong></span> <span class='ocrx_word' id='word_1_111' title='bbox 564 2101 651 2147; x_wconf 93' lang='lat' dir='ltr'><strong>suos</strong></span> <span class='ocrx_word' id='word_1_112' title='bbox 672 2083 917 2148; x_wconf 91' lang='lat' dir='ltr'><strong>Provinciales</strong></span> <span class='ocrx_word' id='word_1_113' title='bbox 931 2103 977 2148; x_wconf 85' lang='lat' dir='ltr'><strong>ex</strong></span> <span class='ocrx_word' id='word_1_114' title='bbox 996 2101 1107 2164; x_wconf 83' lang='lat' dir='ltr'><strong>regno</strong></span> <span class='ocrx_word' id='word_1_115' title='bbox 1129 2084 1337 2164; x_wconf 86' lang='lat' dir='ltr'><strong>Aragoniae</strong></span> <span class='ocrx_word' id='word_1_116' title='bbox 1356 2087 1426 2148; x_wconf 89' lang='lat' dir='ltr'><strong>alio</strong></span> <span class='ocrx_word' id='word_1_117' title='bbox 1446 2087 1585 2151; x_wconf 90' lang='lat' dir='ltr'><strong>mitten·</strong></span> 
     </span>
     <span class='ocr_line' id='line_1_17' title="bbox 351 2190 1585 2272; baseline 0.002 -17"><span class='ocrx_word' id='word_1_118' title='bbox 351 2192 416 2256; x_wconf 91' lang='lat' dir='ltr'><strong>dos</strong></span> <span class='ocrx_word' id='word_1_119' title='bbox 430 2193 583 2269; x_wconf 90' lang='lat' dir='ltr'><strong>curavit;</strong></span> <span class='ocrx_word' id='word_1_120' title='bbox 601 2200 635 2254; x_wconf 93' lang='lat' dir='ltr'><strong>et</strong></span> <span class='ocrx_word' id='word_1_121' title='bbox 650 2191 700 2254; x_wconf 92' lang='lat' dir='ltr'><strong>ita</strong></span> <span class='ocrx_word' id='word_1_122' title='bbox 716 2192 938 2270; x_wconf 67' lang='lat' dir='ltr'><strong>claustrales</strong></span> <span class='ocrx_word' id='word_1_123' title='bbox 955 2191 1015 2272; x_wconf 91' lang='lat' dir='ltr'><strong>qui</strong></span> <span class='ocrx_word' id='word_1_124' title='bbox 1029 2190 1243 2255; x_wconf 84' lang='lat' dir='ltr'><strong>Societatem</strong></span> <span class='ocrx_word' id='word_1_125' title='bbox 1259 2201 1419 2256; x_wconf 88' lang='lat' dir='ltr'><strong>nostram</strong></span> <span class='ocrx_word' id='word_1_126' title='bbox 1437 2193 1585 2258; x_wconf 89' lang='lat' dir='ltr'><strong>Caesar-</strong></span> 
     </span>
     <span class='ocr_line' id='line_1_18' title="bbox 350 2285 1590 2382; baseline 0.002 -21"><span class='ocrx_word' id='word_1_127' title='bbox 350 2308 528 2378; x_wconf 81' lang='lat' dir='ltr'><strong>augustae</strong></span> <span class='ocrx_word' id='word_1_128' title='bbox 557 2308 798 2377; x_wconf 84' lang='lat' dir='ltr'><strong>vexaverant,</strong></span> <span class='ocrx_word' id='word_1_129' title='bbox 831 2285 1087 2377; x_wconf 72' lang='lat' dir='ltr'><strong>poenitentiam</strong></span> <span class='ocrx_word' id='word_1_130' title='bbox 1110 2314 1220 2377; x_wconf 85' lang='lat' dir='ltr'><strong>agere</strong></span> <span class='ocrx_word' id='word_1_131' title='bbox 1248 2299 1351 2363; x_wconf 91' lang='lat' dir='ltr'><strong>inviti</strong></span> <span class='ocrx_word' id='word_1_132' title='bbox 1377 2312 1590 2382; x_wconf 86' lang='lat' dir='ltr'><strong>coeperunt,</strong></span> 
     </span>
     <span class='ocr_line' id='line_1_19' title="bbox 352 2405 1597 2486; baseline 0.003 -18"><span class='ocrx_word' id='word_1_133' title='bbox 352 2405 517 2485; x_wconf 88' lang='lat' dir='ltr'><strong>quamvis</strong></span> <span class='ocrx_word' id='word_1_134' title='bbox 536 2413 617 2486; x_wconf 94' lang='lat' dir='ltr'><strong>post</strong></span> <span class='ocrx_word' id='word_1_135' title='bbox 637 2405 781 2486; x_wconf 86' lang='lat' dir='ltr'><strong>aliquod</strong></span> <span class='ocrx_word' id='word_1_136' title='bbox 800 2415 940 2485; x_wconf 90' lang='lat' dir='ltr'><strong>tempus</strong></span> <span class='ocrx_word' id='word_1_137' title='bbox 960 2405 1155 2485; x_wconf 91' lang='lat' dir='ltr'><strong>pleniorem</strong></span> <span class='ocrx_word' id='word_1_138' title='bbox 1177 2416 1337 2486; x_wconf 82' lang='lat' dir='ltr'><strong>egerunt,</strong></span> <span class='ocrx_word' id='word_1_139' title='bbox 1359 2409 1597 2472; x_wconf 88' lang='lat' dir='ltr'><strong>monasteriis-</strong></span> 
     </span>
     <span class='ocr_line' id='line_1_20' title="bbox 352 2511 1577 2593; baseline -0.002 -18"><span class='ocrx_word' id='word_1_140' title='bbox 352 2512 498 2593; x_wconf 90' lang='lat' dir='ltr'><strong>privati,</strong></span> <span class='ocrx_word' id='word_1_141' title='bbox 515 2529 606 2592; x_wconf 89' lang='lat' dir='ltr'><strong>quae</strong></span> <span class='ocrx_word' id='word_1_142' title='bbox 622 2512 897 2576; x_wconf 91' lang='lat' dir='ltr'><strong>observantibus</strong></span> <span class='ocrx_word' id='word_1_143' title='bbox 912 2511 1044 2575; x_wconf 90' lang='lat' dir='ltr'><strong>tradita</strong></span> <span class='ocrx_word' id='word_1_144' title='bbox 1057 2511 1211 2576; x_wconf 84' lang='lat' dir='ltr'><strong>fuerunt.</strong></span> <span class='ocrx_word' id='word_1_145' title='bbox 1566 2545 1577 2573; x_wconf 76' lang='lat' dir='ltr'><em>t</em></span> 
     </span>
    </p>

    <p class='ocr_par' dir='ltr' id='par_1_5' title="bbox 349 2617 1596 3449">
     <span class='ocr_line' id='line_1_21' title="bbox 411 2617 1593 2699; baseline 0.002 -15"><span class='ocrx_word' id='word_1_146' title='bbox 411 2617 503 2684; x_wconf 86' lang='lat'><strong>2707.</strong></span> <span class='ocrx_word' id='word_1_147' title='bbox 546 2617 635 2683; x_wconf 89' lang='lat' dir='ltr'><strong>Cum</strong></span> <span class='ocrx_word' id='word_1_148' title='bbox 664 2618 702 2682; x_wconf 95' lang='grc' dir='ltr'><strong>Ρ.</strong></span> <span class='ocrx_word' id='word_1_149' title='bbox 731 2617 873 2699; x_wconf 89' lang='lat' dir='ltr'><strong>Gaspar</strong></span> <span class='ocrx_word' id='word_1_150' title='bbox 901 2618 944 2683; x_wconf 92' lang='lat' dir='ltr'><strong>de</strong></span> <span class='ocrx_word' id='word_1_151' title='bbox 973 2618 1142 2683; x_wconf 85' lang='lat' dir='ltr'><strong>Azevedo</strong></span> <span class='ocrx_word' id='word_1_152' title='bbox 1170 2619 1275 2683; x_wconf 92' lang='lat' dir='ltr'><strong>simul</strong></span> <span class='ocrx_word' id='word_1_153' title='bbox 1303 2637 1384 2684; x_wconf 93' lang='lat' dir='ltr'><strong>cum</strong></span> <span class='ocrx_word' id='word_1_154' title='bbox 1412 2622 1519 2686; x_wconf 89' lang='lat' dir='ltr'><strong>sociis</strong></span> <span class='ocrx_word' id='word_1_155' title='bbox 1549 2623 1593 2687; x_wconf 52' lang='lat' dir='ltr'><strong>in*</strong></span> 
     </span>
     <span class='ocr_line' id='line_1_22' title="bbox 351 2712 1588 2809; baseline 0.002 -18"><span class='ocrx_word' id='word_1_156' title='bbox 351 2726 488 2791; x_wconf 90' lang='lat' dir='ltr'><strong>Indiam</strong></span> <span class='ocrx_word' id='word_1_157' title='bbox 502 2727 595 2791; x_wconf 92' lang='lat' dir='ltr'><strong>Peru</strong></span> <span class='ocrx_word' id='word_1_158' title='bbox 610 2744 691 2790; x_wconf 88' lang='lat' dir='ltr'><strong>cum</strong></span> <span class='ocrx_word' id='word_1_159' title='bbox 708 2712 912 2789; x_wconf 85' lang='lat' dir='ltr'><strong>Marchione</strong></span> <span class='ocrx_word' id='word_1_160' title='bbox 928 2724 985 2790; x_wconf 91' lang='lat' dir='ltr'><strong>del</strong></span> <span class='ocrx_word' id='word_1_161' title='bbox 999 2725 1132 2790; x_wconf 82' lang='lat' dir='ltr'><strong>Callete</strong></span> <span class='ocrx_word' id='word_1_162' title='bbox 1148 2728 1456 2807; x_wconf 87' lang='lat' dir='ltr'><strong>proficiscerentur</strong></span> <span class='ocrx_word' id='word_1_163' title='bbox 1467 2728 1490 2809; x_wconf 85' lang='lat'><strong>&#39;,</strong></span> <span class='ocrx_word' id='word_1_164' title='bbox 1505 2747 1588 2794; x_wconf 90' lang='lat' dir='ltr'><strong>cum</strong></span> 
     </span>
     <span class='ocr_line' id='line_1_23' title="bbox 349 2832 1584 2915; baseline 0.002 -18"><span class='ocrx_word' id='word_1_165' title='bbox 349 2833 424 2915; x_wconf 86' lang='lat' dir='ltr'><strong>jam</strong></span> <span class='ocrx_word' id='word_1_166' title='bbox 439 2834 475 2897; x_wconf 92' lang='lat' dir='ltr'><strong>in</strong></span> <span class='ocrx_word' id='word_1_167' title='bbox 488 2852 601 2897; x_wconf 88' lang='lat' dir='ltr'><strong>naves</strong></span> <span class='ocrx_word' id='word_1_168' title='bbox 616 2841 734 2896; x_wconf 90' lang='lat' dir='ltr'><strong>essent</strong></span> <span class='ocrx_word' id='word_1_169' title='bbox 749 2832 945 2911; x_wconf 86' lang='lat' dir='ltr'><strong>ascensuri,</strong></span> <span class='ocrx_word' id='word_1_170' title='bbox 968 2833 1152 2897; x_wconf 91' lang='lat' dir='ltr'><strong>inventum</strong></span> <span class='ocrx_word' id='word_1_171' title='bbox 1171 2843 1225 2897; x_wconf 89' lang='lat' dir='ltr'><strong>est</strong></span> <span class='ocrx_word' id='word_1_172' title='bbox 1244 2835 1337 2914; x_wconf 90' lang='lat' dir='ltr'><strong>quod</strong></span> <span class='ocrx_word' id='word_1_173' title='bbox 1353 2834 1514 2900; x_wconf 87' lang='lat' dir='ltr'><strong>Marchio</strong></span> <span class='ocrx_word' id='word_1_174' title='bbox 1536 2837 1584 2900; x_wconf 83' lang='lat' dir='ltr'><strong>fa·</strong></span> 
     </span>
     <span class='ocr_line' id='line_1_24' title="bbox 353 2938 1586 3024; baseline 0.002 -20"><span class='ocrx_word' id='word_1_175' title='bbox 353 2944 521 3005; x_wconf 90' lang='lat' dir='ltr'><strong>cultatem</strong></span> <span class='ocrx_word' id='word_1_176' title='bbox 537 2940 583 3003; x_wconf 93' lang='lat' dir='ltr'><strong>ad</strong></span> <span class='ocrx_word' id='word_1_177' title='bbox 601 2958 663 3004; x_wconf 91' lang='lat' dir='ltr'><strong>eos</strong></span> <span class='ocrx_word' id='word_1_178' title='bbox 684 2957 806 3003; x_wconf 91' lang='lat' dir='ltr'><strong>secum</strong></span> <span class='ocrx_word' id='word_1_179' title='bbox 825 2939 1007 3003; x_wconf 88' lang='lat' dir='ltr'><strong>ducendos</strong></span> <span class='ocrx_word' id='word_1_180' title='bbox 1023 2960 1043 3002; x_wconf 91' lang='lat' dir='ltr'><strong>a</strong></span> <span class='ocrx_word' id='word_1_181' title='bbox 1066 2938 1164 3021; x_wconf 82' lang='lat' dir='ltr'><strong>Rege</strong></span> <span class='ocrx_word' id='word_1_182' title='bbox 1179 2958 1250 3004; x_wconf 91' lang='lat' dir='ltr'><strong>non</strong></span> <span class='ocrx_word' id='word_1_183' title='bbox 1269 2943 1526 3024; x_wconf 88' lang='lat' dir='ltr'><strong>postulaverat,</strong></span> <span class='ocrx_word' id='word_1_184' title='bbox 1551 2955 1586 3007; x_wconf 91' lang='lat' dir='ltr'><strong>et</strong></span> 
     </span>
     <span class='ocr_line' id='line_1_25' title="bbox 351 3033 1591 3131; baseline 0.001 -18"><span class='ocrx_word' id='word_1_185' title='bbox 351 3050 413 3125; x_wconf 90' lang='lat' dir='ltr'><strong>ita,</strong></span> <span class='ocrx_word' id='word_1_186' title='bbox 427 3033 508 3111; x_wconf 48' lang='lat' dir='ltr'><strong>&#39;Deo</strong></span> <span class='ocrx_word' id='word_1_187' title='bbox 523 3046 656 3127; x_wconf 88' lang='lat' dir='ltr'><strong>aliquid</strong></span> <span class='ocrx_word' id='word_1_188' title='bbox 670 3046 794 3110; x_wconf 90' lang='lat' dir='ltr'><strong>melius</strong></span> <span class='ocrx_word' id='word_1_189' title='bbox 809 3044 1031 3127; x_wconf 91' lang='lat' dir='ltr'><strong>providente,</strong></span> <span class='ocrx_word' id='word_1_190' title='bbox 1048 3055 1086 3110; x_wconf 91' lang='lat' dir='ltr'><strong>ut</strong></span> <span class='ocrx_word' id='word_1_191' title='bbox 1101 3048 1267 3111; x_wconf 88' lang='lat' dir='ltr'><strong>credibile</strong></span> <span class='ocrx_word' id='word_1_192' title='bbox 1279 3058 1343 3125; x_wconf 90' lang='lat' dir='ltr'><strong>est,</strong></span> <span class='ocrx_word' id='word_1_193' title='bbox 1360 3050 1396 3112; x_wconf 89' lang='lat' dir='ltr'><strong>in</strong></span> <span class='ocrx_word' id='word_1_194' title='bbox 1412 3050 1591 3131; x_wconf 81' lang='lat' dir='ltr'><strong>Hispania</strong></span> 
     </span>
     <span class='ocr_line' id='line_1_26' title="bbox 351 3152 1587 3238; baseline 0.002 -19"><span class='ocrx_word' id='word_1_195' title='bbox 351 3166 437 3219; x_wconf 89' lang='lat' dir='ltr'><strong>tunc</strong></span> <span class='ocrx_word' id='word_1_196' title='bbox 447 3155 691 3229; x_wconf 90' lang='lat' dir='ltr'><strong>substiterunt,</strong></span> <span class='ocrx_word' id='word_1_197' title='bbox 700 3165 734 3218; x_wconf 91' lang='lat' dir='ltr'><strong>et</strong></span> <span class='ocrx_word' id='word_1_198' title='bbox 746 3165 830 3217; x_wconf 91' lang='lat' dir='ltr'><strong>tunc</strong></span> <span class='ocrx_word' id='word_1_199' title='bbox 842 3154 881 3217; x_wconf 93' lang='grc' dir='ltr'><strong>Ρ.</strong></span> <span class='ocrx_word' id='word_1_200' title='bbox 895 3152 1015 3217; x_wconf 90' lang='lat' dir='ltr'><strong>Araoz</strong></span> <span class='ocrx_word' id='word_1_201' title='bbox 1027 3154 1166 3234; x_wconf 84' lang='lat' dir='ltr'><strong>Burgos</strong></span> <span class='ocrx_word' id='word_1_202' title='bbox 1178 3156 1313 3219; x_wconf 89' lang='lat' dir='ltr'><strong>remisit</strong></span> <span class='ocrx_word' id='word_1_203' title='bbox 1323 3155 1360 3219; x_wconf 93' lang='grc' dir='ltr'><strong>Ρ.</strong></span> <span class='ocrx_word' id='word_1_204' title='bbox 1375 3155 1587 3238; x_wconf 87' lang='lat' dir='ltr'><strong>Gasparem,</strong></span> 
     </span>
     <span class='ocr_line' id='line_1_27' title="bbox 353 3261 1596 3344; baseline 0.004 -20"><span class='ocrx_word' id='word_1_205' title='bbox 353 3263 509 3344; x_wconf 91' lang='lat' dir='ltr'><strong>quicum</strong></span> <span class='ocrx_word' id='word_1_206' title='bbox 528 3279 660 3341; x_wconf 83' lang='lat' dir='ltr'><strong>magno</strong></span> <span class='ocrx_word' id='word_1_207' title='bbox 675 3262 850 3342; x_wconf 90' lang='lat' dir='ltr'><strong>applausu</strong></span> <span class='ocrx_word' id='word_1_208' title='bbox 870 3261 947 3341; x_wconf 77' lang='lat' dir='ltr'><strong>eJus</strong></span> <span class='ocrx_word' id='word_1_209' title='bbox 967 3262 1140 3341; x_wconf 88' lang='lat' dir='ltr'><strong>civitatis,</strong></span> <span class='ocrx_word' id='word_1_210' title='bbox 1163 3263 1224 3326; x_wconf 92' lang='lat' dir='ltr'><strong>ubi</strong></span> <span class='ocrx_word' id='word_1_211' title='bbox 1239 3276 1407 3344; x_wconf 91' lang='lat' dir='ltr'><strong>acceptus</strong></span> <span class='ocrx_word' id='word_1_212' title='bbox 1422 3275 1513 3344; x_wconf 92' lang='lat' dir='ltr'><strong>erat,</strong></span> <span class='ocrx_word' id='word_1_213' title='bbox 1530 3284 1596 3329; x_wconf 86' lang='lat' dir='ltr'><strong>ex··</strong></span> 
     </span>
     <span class='ocr_line' id='line_1_28' title="bbox 354 3379 556 3449; baseline -0.01 -16"><span class='ocrx_word' id='word_1_214' title='bbox 354 3379 478 3449; x_wconf 87' lang='lat' dir='ltr'><strong>ceptus</strong></span> <span class='ocrx_word' id='word_1_215' title='bbox 493 3379 556 3432; x_wconf 90' lang='lat' dir='ltr'><strong>est.</strong></span> 
     </span>
    </p>

    <p class='ocr_par' dir='ltr' id='par_1_6' title="bbox 352 3472 1600 4309">
     <span class='ocr_line' id='line_1_29' title="bbox 412 3472 1596 3559; baseline 0.003 -20"><span class='ocrx_word' id='word_1_216' title='bbox 412 3472 505 3539; x_wconf 83' lang='lat'><strong>2708.</strong></span> <span class='ocrx_word' id='word_1_217' title='bbox 547 3475 637 3540; x_wconf 91' lang='lat' dir='ltr'><strong>Cum</strong></span> <span class='ocrx_word' id='word_1_218' title='bbox 651 3473 689 3539; x_wconf 91' lang='lat' dir='ltr'><strong>P.</strong></span> <span class='ocrx_word' id='word_1_219' title='bbox 706 3474 845 3539; x_wconf 89' lang='lat' dir='ltr'><strong>Natalis</strong></span> <span class='ocrx_word' id='word_1_220' title='bbox 858 3476 1110 3539; x_wconf 90' lang='lat' dir='ltr'><strong>Vallisoletum</strong></span> <span class='ocrx_word' id='word_1_221' title='bbox 1120 3476 1290 3554; x_wconf 90' lang='lat' dir='ltr'><strong>venisset,</strong></span> <span class='ocrx_word' id='word_1_222' title='bbox 1306 3476 1379 3557; x_wconf 87' lang='lat' dir='ltr'><strong>egit</strong></span> <span class='ocrx_word' id='word_1_223' title='bbox 1394 3496 1474 3559; x_wconf 85' lang='lat' dir='ltr'><strong>cum</strong></span> <span class='ocrx_word' id='word_1_224' title='bbox 1490 3478 1596 3543; x_wconf 89' lang='lat' dir='ltr'><strong>Prin·-</strong></span> 
     </span>
     <span class='ocr_line' id='line_1_30' title="bbox 352 3574 1593 3665; baseline 0.004 -19"><span class='ocrx_word' id='word_1_225' title='bbox 352 3582 431 3664; x_wconf 92' lang='lat' dir='ltr'><strong>cipe</strong></span> <span class='ocrx_word' id='word_1_226' title='bbox 443 3582 594 3665; x_wconf 89' lang='lat' dir='ltr'><strong>Joanna,</strong></span> <span class='ocrx_word' id='word_1_227' title='bbox 606 3582 749 3645; x_wconf 90' lang='lat' dir='ltr'><strong>nomine</strong></span> <span class='ocrx_word' id='word_1_228' title='bbox 761 3581 798 3645; x_wconf 91' lang='lat' dir='ltr'><strong>P.</strong></span> <span class='ocrx_word' id='word_1_229' title='bbox 812 3580 952 3662; x_wconf 86' lang='lat' dir='ltr'><strong>Ignatii,</strong></span> <span class='ocrx_word' id='word_1_230' title='bbox 966 3583 1009 3646; x_wconf 93' lang='lat' dir='ltr'><strong>de</strong></span> <span class='ocrx_word' id='word_1_231' title='bbox 1024 3574 1244 3663; x_wconf 73' lang='lat' dir='ltr'><strong>profectione</strong></span> <span class='ocrx_word' id='word_1_232' title='bbox 1258 3581 1294 3646; x_wconf 90' lang='lat' dir='ltr'><strong>P.</strong></span> <span class='ocrx_word' id='word_1_233' title='bbox 1308 3584 1493 3650; x_wconf 88' lang='lat' dir='ltr'><strong>Francisci</strong></span> <span class='ocrx_word' id='word_1_234' title='bbox 1505 3586 1593 3651; x_wconf 86' lang='lat' dir='ltr'><strong>Bor·</strong></span> 
     </span>
     <span class='ocr_line' id='line_1_31' title="bbox 352 3688 1590 3771; baseline 0.005 -18"><span class='ocrx_word' id='word_1_235' title='bbox 352 3690 435 3771; x_wconf 84' lang='lat' dir='ltr'><strong>giae</strong></span> <span class='ocrx_word' id='word_1_236' title='bbox 449 3691 507 3753; x_wconf 89' lang='lat' dir='ltr'><strong>vel</strong></span> <span class='ocrx_word' id='word_1_237' title='bbox 522 3689 560 3752; x_wconf 95' lang='lat' dir='ltr'><strong>P.</strong></span> <span class='ocrx_word' id='word_1_238' title='bbox 577 3689 698 3754; x_wconf 87' lang='lat' dir='ltr'><strong>Araoz</strong></span> <span class='ocrx_word' id='word_1_239' title='bbox 712 3689 749 3752; x_wconf 93' lang='lat' dir='ltr'><strong>in</strong></span> <span class='ocrx_word' id='word_1_240' title='bbox 764 3688 933 3769; x_wconf 86' lang='lat' dir='ltr'><strong>Angliam</strong></span> <span class='ocrx_word' id='word_1_241' title='bbox 949 3701 1010 3753; x_wconf 90' lang='lat' dir='ltr'><strong>aut</strong></span> <span class='ocrx_word' id='word_1_242' title='bbox 1029 3688 1252 3766; x_wconf 90' lang='lat' dir='ltr'><strong>Flandriam;</strong></span> <span class='ocrx_word' id='word_1_243' title='bbox 1275 3691 1370 3771; x_wconf 91' lang='lat' dir='ltr'><strong>quod</strong></span> <span class='ocrx_word' id='word_1_244' title='bbox 1390 3710 1472 3756; x_wconf 88' lang='lat' dir='ltr'><strong>cum</strong></span> <span class='ocrx_word' id='word_1_245' title='bbox 1491 3712 1590 3759; x_wconf 83' lang='lat' dir='ltr'><strong>acer·</strong></span> 
     </span>
     <span class='ocr_line' id='line_1_32' title="bbox 352 3793 1597 3877; baseline 0.003 -16"><span class='ocrx_word' id='word_1_246' title='bbox 352 3796 498 3861; x_wconf 90' lang='lat' dir='ltr'><strong>bissime</strong></span> <span class='ocrx_word' id='word_1_247' title='bbox 523 3795 693 3877; x_wconf 89' lang='lat' dir='ltr'><strong>Princeps</strong></span> <span class='ocrx_word' id='word_1_248' title='bbox 717 3793 857 3877; x_wconf 89' lang='lat' dir='ltr'><strong>Joanna</strong></span> <span class='ocrx_word' id='word_1_249' title='bbox 884 3797 1093 3876; x_wconf 90' lang='lat' dir='ltr'><strong>accepisset,</strong></span> <span class='ocrx_word' id='word_1_250' title='bbox 1119 3794 1360 3876; x_wconf 83' lang='lat' dir='ltr'><strong>significatum</strong></span> <span class='ocrx_word' id='word_1_251' title='bbox 1390 3810 1444 3862; x_wconf 89' lang='lat' dir='ltr'><strong>est</strong></span> <span class='ocrx_word' id='word_1_252' title='bbox 1474 3804 1506 3864; x_wconf 91' lang='lat' dir='ltr'><strong>ei</strong></span> <span class='ocrx_word' id='word_1_253' title='bbox 1536 3802 1597 3865; x_wconf 90' lang='lat' dir='ltr'><strong>sic·</strong></span> 
     </span>
     <span class='ocr_line' id='line_1_33' title="bbox 353 3902 1596 3984; baseline 0.005 -17"><span class='ocrx_word' id='word_1_254' title='bbox 353 3904 495 3969; x_wconf 91' lang='lat' dir='ltr'><strong>demum</strong></span> <span class='ocrx_word' id='word_1_255' title='bbox 509 3902 766 3983; x_wconf 87' lang='lat' dir='ltr'><strong>profectionem</strong></span> <span class='ocrx_word' id='word_1_256' title='bbox 781 3904 874 3967; x_wconf 90' lang='lat' dir='ltr'><strong>hanc</strong></span> <span class='ocrx_word' id='word_1_257' title='bbox 887 3904 1022 3984; x_wconf 85' lang='lat' dir='ltr'><strong>expeti,</strong></span> <span class='ocrx_word' id='word_1_258' title='bbox 1038 3904 1068 3967; x_wconf 91' lang='lat' dir='ltr'><strong>si</strong></span> <span class='ocrx_word' id='word_1_259' title='bbox 1090 3903 1257 3967; x_wconf 90' lang='lat' dir='ltr'><strong>valetudo</strong></span> <span class='ocrx_word' id='word_1_260' title='bbox 1277 3905 1531 3972; x_wconf 83' lang='lat' dir='ltr'><strong>mittendorum</strong></span> <span class='ocrx_word' id='word_1_261' title='bbox 1553 3908 1596 3973; x_wconf 78' lang='lat' dir='ltr'><strong>io</strong></span> 
     </span>
     <span class='ocr_line' id='line_1_34' title="bbox 352 4008 1591 4093; baseline 0.002 -17"><span class='ocrx_word' id='word_1_262' title='bbox 352 4012 479 4091; x_wconf 85' lang='lat' dir='ltr'><strong>ferret,</strong></span> <span class='ocrx_word' id='word_1_263' title='bbox 507 4018 543 4074; x_wconf 91' lang='lat' dir='ltr'><strong>et</strong></span> <span class='ocrx_word' id='word_1_264' title='bbox 567 4010 634 4090; x_wconf 91' lang='lat' dir='ltr'><strong>ipsi</strong></span> <span class='ocrx_word' id='word_1_265' title='bbox 660 4008 816 4090; x_wconf 90' lang='lat' dir='ltr'><strong>Principi</strong></span> <span class='ocrx_word' id='word_1_266' title='bbox 845 4009 1007 4093; x_wconf 89' lang='lat' dir='ltr'><strong>Joannae</strong></span> <span class='ocrx_word' id='word_1_267' title='bbox 1037 4028 1108 4073; x_wconf 89' lang='lat' dir='ltr'><strong>non</strong></span> <span class='ocrx_word' id='word_1_268' title='bbox 1133 4009 1351 4091; x_wconf 88' lang='lat' dir='ltr'><strong>displiceret;</strong></span> <span class='ocrx_word' id='word_1_269' title='bbox 1375 4024 1409 4076; x_wconf 93' lang='lat' dir='ltr'><strong>et</strong></span> <span class='ocrx_word' id='word_1_270' title='bbox 1435 4015 1471 4077; x_wconf 90' lang='lat' dir='ltr'><strong>in</strong></span> <span class='ocrx_word' id='word_1_271' title='bbox 1497 4016 1591 4079; x_wconf 90' lang='lat' dir='ltr'><strong>hanc</strong></span> 
     </span>
     <span class='ocr_line' id='line_1_35' title="bbox 353 4115 1600 4203; baseline 0.002 -21"><span class='ocrx_word' id='word_1_272' title='bbox 353 4118 568 4183; x_wconf 86' lang='lat' dir='ltr'><strong>sententiam</strong></span> <span class='ocrx_word' id='word_1_273' title='bbox 593 4117 749 4197; x_wconf 91' lang='lat' dir='ltr'><strong>scriptae</strong></span> <span class='ocrx_word' id='word_1_274' title='bbox 771 4118 910 4180; x_wconf 89' lang='lat' dir='ltr'><strong>litterae</strong></span> <span class='ocrx_word' id='word_1_275' title='bbox 933 4116 1046 4180; x_wconf 90' lang='lat' dir='ltr'><strong>eidem</strong></span> <span class='ocrx_word' id='word_1_276' title='bbox 1070 4115 1227 4197; x_wconf 92' lang='lat' dir='ltr'><strong>Principi</strong></span> <span class='ocrx_word' id='word_1_277' title='bbox 1249 4116 1354 4181; x_wconf 91' lang='lat' dir='ltr'><strong>datae</strong></span> <span class='ocrx_word' id='word_1_278' title='bbox 1382 4129 1476 4201; x_wconf 91' lang='lat' dir='ltr'><strong>sunt;</strong></span> <span class='ocrx_word' id='word_1_279' title='bbox 1500 4140 1600 4203; x_wconf 83' lang='lat' dir='ltr'><strong>quae</strong></span> 
     </span>
     <span class='ocr_line' id='line_1_36' title="bbox 354 4222 1595 4309; baseline 0.001 -19"><span class='ocrx_word' id='word_1_280' title='bbox 354 4224 528 4306; x_wconf 83' lang='lat' dir='ltr'><strong>singulari</strong></span> <span class='ocrx_word' id='word_1_281' title='bbox 546 4222 681 4287; x_wconf 91' lang='lat' dir='ltr'><strong>laetitia</strong></span> <span class='ocrx_word' id='word_1_282' title='bbox 704 4222 844 4303; x_wconf 86' lang='lat' dir='ltr'><strong>affecta,</strong></span> <span class='ocrx_word' id='word_1_283' title='bbox 860 4230 895 4287; x_wconf 90' lang='lat' dir='ltr'><strong>et</strong></span> <span class='ocrx_word' id='word_1_284' title='bbox 917 4224 1065 4287; x_wconf 92' lang='lat' dir='ltr'><strong>multum</strong></span> <span class='ocrx_word' id='word_1_285' title='bbox 1085 4240 1123 4287; x_wconf 91' lang='lat' dir='ltr'><strong>se</strong></span> <span class='ocrx_word' id='word_1_286' title='bbox 1139 4222 1258 4287; x_wconf 92' lang='lat' dir='ltr'><strong>deberi</strong></span> <span class='ocrx_word' id='word_1_287' title='bbox 1282 4240 1484 4303; x_wconf 83' lang='lat' dir='ltr'><strong>agnoscens</strong></span> <span class='ocrx_word' id='word_1_288' title='bbox 1498 4228 1595 4309; x_wconf 84' lang='lat' dir='ltr'><strong>quod</strong></span> 
     </span>
    </p>
   </div>
   <div class='ocr_carea' id='block_1_3' title="bbox 398 4535 549 4588">
    <p class='ocr_par' dir='ltr' id='par_1_7' title="bbox 398 4535 549 4588">
     <span class='ocr_line' id='line_1_37' title="bbox 398 4535 549 4588; baseline -0.013 -9"><span class='ocrx_word' id='word_1_289' title='bbox 398 4538 406 4570; x_wconf 88' lang='lat'>¹</span> <span class='ocrx_word' id='word_1_290' title='bbox 435 4535 482 4580; x_wconf 72' lang='lat' dir='ltr'><strong>ilc.</strong></span> <span class='ocrx_word' id='word_1_291' title='bbox 493 4536 549 4588; x_wconf 79' lang='lat' dir='ltr'><strong>qut.</strong></span> 
     </span>
    </p>
   </div>
   <div class='ocr_carea' id='block_1_4' title="bbox 357 4605 1601 4723">
    <p class='ocr_par' dir='ltr' id='par_1_8' title="bbox 357 4605 1601 4723">
     <span class='ocr_line' id='line_1_38' title="bbox 395 4605 1601 4673; baseline 0.01 -23"><span class='ocrx_word' id='word_1_292' title='bbox 395 4608 406 4640; x_wconf 86' lang='lat'><strong>¹</strong></span> <span class='ocrx_word' id='word_1_293' title='bbox 432 4607 540 4651; x_wconf 73' lang='lat' dir='ltr'><strong>Andreae</strong></span> <span class='ocrx_word' id='word_1_294' title='bbox 551 4605 669 4650; x_wconf 81' lang='lat' dir='ltr'><strong>Hortado</strong></span> <span class='ocrx_word' id='word_1_295' title='bbox 679 4607 711 4650; x_wconf 86' lang='lat' dir='ltr'><strong>de</strong></span> <span class='ocrx_word' id='word_1_296' title='bbox 727 4606 860 4652; x_wconf 73' lang='lat' dir='ltr'><strong>Mendozn.</strong></span> <span class='ocrx_word' id='word_1_297' title='bbox 876 4607 945 4651; x_wconf 85' lang='lat' dir='ltr'><strong>Vide</strong></span> <span class='ocrx_word' id='word_1_298' title='bbox 963 4618 1052 4662; x_wconf 73' lang='lat' dir='ltr'><strong>supra.</strong></span> <span class='ocrx_word' id='word_1_299' title='bbox 1068 4620 1129 4665; x_wconf 68' lang='lat' dir='ltr'><strong>pat.</strong></span> <span class='ocrx_word' id='word_1_300' title='bbox 1145 4609 1192 4665; x_wconf 78' lang='lat'><strong>581,</strong></span> <span class='ocrx_word' id='word_1_301' title='bbox 1207 4621 1231 4655; x_wconf 90' lang='lat' dir='ltr'><strong>n.</strong></span> <span class='ocrx_word' id='word_1_302' title='bbox 1247 4610 1308 4666; x_wconf 64' lang='grc'>2009,</span> <span class='ocrx_word' id='word_1_303' title='bbox 1325 4618 1350 4657; x_wconf 87' lang='lat' dir='ltr'><strong>et</strong></span> <span class='ocrx_word' id='word_1_304' title='bbox 1360 4624 1421 4669; x_wconf 65' lang='lat' dir='ltr'><strong>pua.</strong></span> <span class='ocrx_word' id='word_1_305' title='bbox 1437 4614 1486 4671; x_wconf 81' lang='grc'><strong>602,</strong></span> <span class='ocrx_word' id='word_1_306' title='bbox 1498 4628 1521 4661; x_wconf 91' lang='lat' dir='ltr'><strong>n.</strong></span> <span class='ocrx_word' id='word_1_307' title='bbox 1531 4616 1601 4673; x_wconf 69' lang='lat'><strong>2³⁹8,</strong></span> 
     </span>
     <span class='ocr_line' id='line_1_39' title="bbox 357 4680 480 4723; baseline -0.016 0"><span class='ocrx_word' id='word_1_308' title='bbox 357 4688 445 4723; x_wconf 86' lang='lat' dir='ltr'><strong>annot.</strong></span> <span class='ocrx_word' id='word_1_309' title='bbox 457 4680 480 4721; x_wconf 77' lang='grc' dir='ltr'><strong>Δ.</strong></span> 
     </span>
    </p>
   </div>
   <div class='ocr_carea' id='block_1_5' title="bbox 0 0 1835 5350">
    <p class='ocr_par' dir='ltr' id='par_1_9' title="bbox 0 0 1835 5350">
     <span class='ocr_line' id='line_1_40' title="bbox 0 0 1835 5350; baseline 0 0"><span class='ocrx_word' id='word_1_310' title='bbox 0 0 1835 5350; x_wconf 95' lang='lat' dir='ltr'><strong> </strong></span> 
     </span>
    </p>
   </div>
  </div>
 </body>
</html>
