3642 5350
776 449 839 509 Aa.
863 446 932 509 155⁶
1412 440 1466 503 827

236 609 301 658 suo
329 601 505 675 tempore,
539 613 624 660 vere
657 596 793 661 scilicet
825 596 999 676 proximo.
1034 591 1327 677 Suspicabantur·
1345 598 1466 655 tamen

238 700 349 765 nostri
361 710 504 781 praeter
514 701 627 778 nives,
638 720 727 783 quas
738 702 816 767 Rex
826 701 943 783 Bungi
954 700 1166 768 obtendebat
1178 699 1224 764 ad
1234 696 1467 765 differendam

239 806 512 889 prosectionem,
542 810 677 891 aliquid
704 810 875 876 secretius
904 826 982 875 esse
1010 808 1105 890 quod
1131 806 1268 887 Regem
1295 811 1466 881 moveret,

241 913 337 996 quod
351 912 484 995 Regem
498 934 569 981 non
583 917 727 997 latebat,
739 926 774 981 et
789 926 827 983 ut
838 925 979 997 tempus
989 916 1106 996 ipsum
1116 928 1324 995 responsum
1337 910 1468 977 nostris

242 1020 358 1102 daret,
381 1024 640 1104 expectandum
665 1040 743 1089 esse
767 1024 824 1089 ille
842 1022 1095 1105 responderat3
1116 1031 1153 1086 et
1171 1022 1221 1086 ita
1244 1035 1393 1101 prorsus
1415 1016 1468 1081 rei

241 1137 390 1194 eventus
418 1131 684 1212 comprobavit;
715 1130 857 1213 quidam
885 1132 978 1196 enim
1007 1148 1052 1195 ex
1084 1128 1246 1211 dynastis
1273 1125 1468 1207 majoribus

241 1237 343 1317 regni
362 1235 599 1319 Amanguchi,
616 1256 697 1304 cum
718 1240 877 1305 exercitu
902 1238 1164 1319 Amangucium
1186 1236 1345 1313 veniens,
1368 1232 1469 1315 cujus

241 1343 369 1409 domus
383 1342 458 1424 J'arn
478 1345 725 1412 reaedificatae
745 1346 896 1425 fuerant,
918 1355 953 1411 et
973 1354 1086 1409 totam
1108 1362 1189 1409 eam
1207 1342 1329 1408 urbem
1353 1341 1468 1405 denuo

241 1451 369 1515 evertit
384 1469 427 1516 ac
447 1451 607 1533 diripuit,
629 1462 664 1518 et
685 1454 814 1518 multos
834 1453 998 1534 captivos
1017 1451 1178 1529 adduxit,
1193 1458 1229 1515 et
1243 1446 1468 1529 Amangucci

242 1554 377 1637 Regem
393 1562 510 1641 (quem
525 1559 633 1641 Regis
646 1560 764 1640 Bungi
776 1561 923 1626 fratrem
937 1559 1103 1637 diximus)
1115 1576 1197 1623 cum
1207 1575 1293 1622 suae
1304 1554 1469 1620 factionis

243 1665 458 1746 primoribus
472 1668 560 1732 viris
575 1667 715 1749 occidit,
732 1678 766 1733 et
780 1685 931 1749 regnum
945 1668 1021 1750 ipse
1036 1667 1103 1732 sibi
1117 1665 1314 1732 vindicavit
1325 1662 1346 1728 ¹.

304 1773 395 1839 3542.
437 1774 514 1840 Rex
529 1778 648 1858 itaque
663 1776 778 1857 Bungi
792 1793 886 1841 anno
900 1776 1077 1857 sequenti,
1103 1773 1196 1854 1557,
1217 1771 1413 1837 exercitum
1426 1787 1469 1833 eo

246 1880 356 1961 misit,
374 1891 412 1947 nt
427 1897 506 1947 eam
525 1884 746 1965 provinciam
765 1884 830 1949 sibi
845 1875 1051 1964 subjiceret3
1072 1881 1320 1947 domus’etiam
1333 1886 1468 1956 nostra,

244 1988 396 2070 quaein
423 2007 465 2053 ea
493 1990 638 2055 civitate
663 2000 755 2068 erat,
782 2010 825 2056 ac
850 1992 951 2071 situS,
974 1991 1019 2056 ab
1040 1991 1099 2055 illo
1123 1999 1275 2070 tyranno
1297 1987 1381 2054 data
1405 1984 1471 2049 fuit

244 2095 401 2176 cuidam,
417 2108 456 2162 ut
470 2098 606 2179 aedem,
623 2116 729 2181 quam
751 2098 929 2181 pagodam
951 2108 1098 2178 vocant,
1121 2097 1242 2161 nescio
1257 2094 1358 2176 cuius
1372 2092 1468 2171 idoli,

244 2203 450 2284 conficerem
471 2207 635 2288 quamvis
659 2208 765 2287 paulo
790 2214 871 2287 post
896 2206 1081 2271 christiani
1103 2204 1399 2285 amangucienses
1424 2201 1470 2264 ab

244 2328 299 2388 eo,
312 2313 372 2393 qui
384 2310 647 2394 Amangucium
659 2313 868 2395 subjecerat,
878 2314 986 2379 situm
997 2314 1220 2395 praedictum
1231 2310 1470 2386 obtinuerunt,

244 2429 280 2484 et
295 2418 344 2483 ita
360 2418 397 2483 Ρ.
414 2418 543 2484 Cosmo
558 2420 684 2485 litteris
698 2421 961 2501 significarunt,
977 2431 1013 2485 et
1027 2421 1181 2501 aliquem
1192 2438 1237 2484 ex
1251 2417 1394 2495 nostris,
1411 2414 1472 2496 qui

247 2525 293 2590 ad
308 2526 449 2591 domum
465 2526 560 2591 illam
574 2526 742 2592 Societati
756 2529 957 2593 restitutam
971 2546 1010 2593 se
1025 2526 1214 2604 conferret,
1231 2526 1469 2608 postulabant.

307 2632 398 2700 3543.
442 2634 496 2701 Ex
508 2650 550 2700 eo
565 2635 648 2716 situ,
661 2652 766 2718 quem
778 2634 815 2702 P.
829 2634 1146 2717 BaithasariGago
1157 2634 1273 2714 Bungi
1284 2632 1361 2698 Rex
1371 2631 1472 2696 initio

247 2741 404 2821 dederat,
421 2741 459 2806 Ρ.
475 2742 626 2808 Cosmus
639 2744 709 2809 duo
724 2745 912 2810 charitatis
926 2762 1034 2826 opera
1049 2745 1086 2809 in
1104 2753 1286 2826 posterum
1300 2741 1377 2807 fieri
1391 2757 1472 2804 con·

246 2850 377 2915 stituit:
399 2867 482 2916 nam
496 2868 580 2931 pars
596 2853 705 2916 altera
726 2853 764 2916 in
784 2870 888 2917 usum
906 2852 1111 2917 coemeterii
1126 2850 1171 2915 ad
1185 2850 1339 2915 fidelium
1359 2848 1471 2929 sepul·

247 2965 365 3022 turam
384 2959 506 3022 relicta
528 2965 600 3037 est;
621 2959 659 3022 in
683 2961 795 3024 altera
810 2977 896 3024 vero
921 2959 1097 3042 quoddam
1118 2957 1379 3023 xenodochium
1391 2971 1472 3019 cum

247 3063 356 3145 Regis
380 3081 423 3128 ac
442 3066 575 3130 civium
597 3066 817 3147 beneplacito
838 3076 874 3130 et
895 3067 1152 3148 approbatione
1170 3065 1236 3130 suit
1257 3063 1470 3128 confectum.

246 3167 331 3251 Ejus
346 3180 463 3236 autem
483 3171 667 3254 hospitalis
689 3190 773 3254 pars
795 3174 970 3255 quaedam
987 3190 1146 3238 seorsum
1166 3172 1211 3236 ad
1233 3169 1411 3236 curandos
1425 3169 1472 3232 le·

248 3296 373 3361 prosos
397 3288 522 3344 curata
547 3278 628 3359 suit3
654 3297 739 3344 nam
763 3279 963 3361 hujusmodi
987 3281 1168 3346 hominum
1193 3295 1345 3358 magnus
1368 3277 1405 3341 in
1430 3293 1473 3340 ea

247 3387 432 3467 provincia
446 3395 641 3468 proventus
655 3396 744 3468 erat,
762 3389 874 3452 altera
889 3406 976 3452 vero
991 3406 1076 3469 pars
1090 3388 1135 3451 ad
1150 3387 1240 3451 alios
1254 3384 1396 3450 morbos
1407 3381 1473 3448 suit

246 3493 425 3574 deputata.

307 3600 398 3665 3544.
441 3600 646 3666 Admiserat
661 3609 779 3667 autem
794 3603 830 3667 in
849 3600 1063 3668 Societatem
1077 3601 1115 3665 P.
1137 3601 1288 3666 Cosmus
1306 3597 1473 3678 juvenem

251 3709 438 3789 quemdam
453 3709 508 3788 (de
523 3726 592 3791 quo
601 3727 701 3795 anno
716 3711 897 3792 superiore
910 3709 1041 3775 mentio
1053 3710 1149 3774 facta
1159 3708 1183 3788 ¹)
1198 3708 1345 3785 scilicet,
1360 3704 1474 3770 Ludo·

251 3816 370 3881 vicum
384 3816 596 3896 Almeidam,
612 3819 672 3900 qui
686 3818 818 3883 donum
832 3819 1055 3883 curationum
1070 3835 1092 3880 a
1106 3816 1259 3881 Domino
1273 3821 1473 3893 acceperat,

252 3934 286 3989 et
301 3924 355 3990 bis
370 3926 527 4008 quotidie
547 3935 774 4006 aegrotantes
798 3926 959 4006 singulos
980 3925 1145 4003 curabat;
1165 3931 1199 3988 et
1217 3921 1361 4004 quidam
1377 3917 1474 4001 iapo·

250 4033 370 4098 nensis
381 4033 538 4115 J'uvenis,
554 4034 615 4114 qui
629 4033 817 4098 Societatis
835 4042 922 4097 vota
937 4033 1118 4110 emiserat,
1140 4041 1175 4094 et
1193 4039 1364 4110 tanquam
1385 4041 1476 4092 unus

250 4158 295 4205 ex
305 4138 475 4205 fratribus
485 4142 617 4205 nostris
628 4140 837 4220 habebatur,
850 4137 975 4203 eodem
985 4137 1171 4203 charitatis
1181 4135 1296 4201 officio
1307 4134 1475 4214 fungeba-

136 4307 139 4315 .
249 4258 307 4313 tur
321 4249 358 4311 in
372 4248 432 4311 illa
445 4257 480 4312 et
494 4256 595 4312 extra
610 4248 723 4327 illam,
739 4255 775 4311 et
788 4247 927 4329 aliquas
940 4248 1187 4326 eleemosynas
1205 4241 1417 4325 quibusdam
1430 4259 1475 4305 ex

249 4355 528 4436 aegrotantibus,
544 4355 604 4437 qui
619 4356 655 4421 in
670 4354 797 4437 majori
811 4354 1024 4420 necessitate
1035 4351 1219 4418 constituti
1232 4358 1346 4429 erant,
1360 4349 1474 4413 distri·

292 4562 300 4594 1
330 4561 368 4606 ci.
380 4560 534 4617 ottanum,
545 4560 563 4606 1.
573 4573 605 4615 c.,
614 4562 658 4607 lib.
668 4572 724 4615 xvi,
734 4573 757 4607 n.
766 4561 800 4606 83

251 4631 398 4758 magici:
407 4643 499 4748 ⁶snpra,
515 4639 535 4678 t.
552 4646 577 4688 v,
594 4643 655 4689 pag.
670 4633 719 4686 721,
734 4645 759 4678 n.
773 4632 834 4686 noae
849 4643 910 4688 pag.
929 4633 979 4690 72⁶,
994 4632 1078 4688 etm,
1093 4643 1122 4677 n.
1137 4629 1263 4676 mii-w.
1277 4630 1399 4686 naemu,
1415 4629 1434 4674 t.
1444 4641 1477 4683 c„
