3642 5350
784 389 849 448 Aa.
871 389 942 450 1556
1425 391 1477 450 511

241 534 394 614 frugem3
410 534 482 614 qui,
499 550 581 598 cum
595 534 632 598 in
647 542 806 598 extremo
818 533 918 598 vitae
928 533 1131 598 discrimine
1142 534 1279 614 positus
1290 545 1397 613 esset,
1411 553 1478 600 nec

223 639 503 730 ,confessionem
518 650 748 722 peccatorum
767 641 887 705 multis
906 641 1010 705 annis
1028 641 1183 720 fecisset,
1202 651 1237 705 ct
1252 641 1346 723 quod
1360 644 1478 723 magis

243 755 322 812 erat
334 747 600 828 deplorandum,
611 748 647 811 in
658 747 956 828 gravissimorum
967 758 1196 828 peccatorum
1205 748 1334 812 affectu
1346 749 1479 814 infixus

242 863 333 934 erat,
348 864 384 918 et
399 855 541 936 quidem
561 864 635 919 tam
654 854 843 934 obstinate,
864 866 916 934 ut,
936 871 1019 918 cum
1032 855 1183 919 extremi
1197 855 1327 920 inferni
1340 857 1476 920 crucia·

243 971 301 1026 tus
316 961 500 1041 subeundi,
526 961 618 1026 sico
641 961 678 1026 in
700 971 794 1026 statu
814 960 1013 1039 decederet,
1029 971 1325 1043 proponerentur;
1348 981 1477 1044 parum

243 1085 310 1132 sua
324 1069 497 1133 interesse
508 1069 739 1149 responderet
753 1085 760 1148 ;
777 1068 840 1132 sed
854 1080 934 1149 post
949 1069 1079 1133 multos
1093 1069 1180 1146 dies,
1193 1070 1319 1152 quibus
1335 1070 1381 1135 ad
1395 1088 1477 1135 con-

241 1174 434 1241 sessionem
448 1174 577 1240 adduci
592 1193 662 1240 non
675 1184 849 1256 potuerat,
863 1177 1007 1240 tandem
1019 1177 1133 1241 nostri
1147 1177 1320 1258 adipsum
1334 1176 1477 1242 deducti

241 1292 341 1363 sunt,
363 1292 399 1346 et
418 1299 541 1347 eorum
560 1282 756 1346 ministerio
776 1282 951 1346 Dominus
974 1300 1036 1346 cor
1051 1281 1127 1362 ejus
1145 1283 1330 1362 emollivit,
1354 1294 1390 1348 et
1408 1281 1477 1350 sibi

241 1407 307 1472 per
321 1391 561 1470 poenitentiae
575 1400 838 1453 sacramentum
854 1390 1111 1455 reconciliavit.

301 1497 392 1560 2214.
437 1497 563 1561 Mulier
578 1497 764 1578 quaedam,
781 1515 803 1558 a
820 1498 898 1562 viro
915 1496 1089 1577 digressa,
1106 1499 1234 1579 laqueo
1250 1498 1361 1562 vitam
1374 1498 1476 1562 finire

240 1612 426 1669 statuerat.
451 1604 517 1668 Vir
533 1605 638 1669 etiam
661 1604 705 1668 ob
723 1606 842 1684 legum
861 1614 994 1668 metum
1013 1614 1228 1684 recesserat,
1255 1604 1319 1669 sed
1338 1616 1476 1670 nostro·

241 1729 322 1776 rum
336 1729 445 1793 opera
462 1711 566 1777 officii
586 1712 641 1775 sui
660 1721 826 1775 amanter.
843 1709 976 1794 [ambo]
997 1711 1184 1792 admoniti,
1200 1713 1238 1774 in
1251 1713 1407 1792 gratiam
1422 1730 1474 1777 re·

242 1817 340 1883 ducti
355 1819 509 1884 suerunt.

301 1925 393 1989 2215.
436 1925 569 1991 Multae
583 1925 743 2007 virgines
763 1925 1006 2006 integritatem
1025 1927 1154 1990 mentis
1169 1934 1204 1989 et
1222 1926 1384 2007 corporis
1398 1925 1476 1992 Deo

240 2043 520 2097 consecrarunt:
545 2034 657 2112 multi,
675 2033 829 2098 orationi
848 2034 905 2114 pie
921 2033 1046 2111 dediti,
1070 2032 1176 2097 finem
1197 2033 1324 2097 orandi
1338 2051 1410 2096 non
1424 2034 1476 2098 sa·

239 2139 393 2203 ciebant.
419 2139 572 2204 Ducenti
591 2139 666 2204 lere
686 2141 873 2221 intemplo
898 2149 1022 2204 nostro
1044 2149 1270 2204 sacramenta
1286 2140 1474 2205 dominicis

239 2246 362 2311 diebus
378 2263 421 2310 ac
442 2247 543 2311 sestis
557 2247 844 2328 frequentabant;
866 2255 901 2310 et
915 2247 1060 2328 quidam
1074 2265 1120 2310 ex
1134 2247 1240 2312 valde
1254 2251 1401 2312 remotis
1416 2265 1474 2312 ur·

235 2353 291 2417 bis
310 2355 471 2434 partibus
491 2354 536 2418 ad
555 2353 591 2419 id
616 2354 844 2418 accedebant.
870 2350 940 2417 Sed
965 2354 1080 2417 crevit
1098 2371 1267 2417 numerus
1292 2355 1471 2435 poeniten·

237 2461 342 2540 tium,
372 2469 410 2524 ut
437 2470 518 2525 octo
543 2460 771 2525 confessariis
797 2462 981 2541 negotium
1004 2460 1239 2539 facesserent,
1266 2462 1358 2525 inter
1380 2479 1470 2544 quos

238 2569 338 2632 multi
352 2577 455 2632 erant
469 2567 506 2632 in
521 2585 652 2648 magna
674 2567 857 2632 hominum
878 2567 1125 2632 aestimatione
1144 2567 1273 2646 habiti,
1290 2568 1472 2632 nobilitate

235 2686 299 2741 aut
321 2676 473 2741 fortunis
497 2686 737 2759 praestantes,
764 2678 825 2759 qui
850 2694 938 2741 suae
957 2677 1098 2741 virtutis
1120 2679 1285 2757 exemplo
1311 2661 1402 2741 alios
1425 2676 1471 2741 ad

157 2859 163 2869 ι
235 2784 330 2849 idem
345 2784 547 2850 faciendum
562 2784 797 2850 adducebant.

296 2891 389 2955 2216.
432 2891 662 2957 Accedebant
677 2900 796 2957 autem
810 2910 881 2956 non
896 2894 1017 2973 pauci,
1034 2892 1094 2972 qui
1114 2900 1195 2955 octo
1210 2901 1243 2955 et
1271 2891 1394 2955 decem
1409 2908 1468 2954 an·

236 3000 292 3063 nis
307 3018 328 3063 a
344 2998 625 3063 confessionibus
641 3000 902 3077 abstinuerant,
919 3009 969 3080 et,
982 3009 1021 3063 ut
1036 2999 1251 3064 christianos
1263 2998 1380 3077 decet,
1395 3014 1469 3061 non

236 3106 413 3170 vixerant.
430 3106 511 3171 Fuit
520 3106 669 3188 ‘quidam
684 3106 893 3170 adolescens
904 3107 998 3171 inter
1009 3105 1109 3181 alios,
1125 3107 1186 3188 qui
1200 3106 1408 3169 vulneribus
1423 3105 1468 3168 ab

234 3223 305 3289 alio
321 3224 488 3304 acceptis,
506 3225 626 3288 statim
641 3240 751 3287 unum
764 3242 809 3287 ex
824 3224 958 3287 nostris
972 3223 1175 3302 accersivit,
1191 3232 1227 3286 er
1241 3222 1379 3286 meliori
1395 3223 1471 3285 vul-

235 3347 356 3395 nerea
376 3330 452 3394 Deo
467 3346 676 3412 percussuS,
699 3331 751 3393 sic
773 3332 809 3393 in
831 3330 940 3394 alium
958 3330 1138 3394 hominem
1157 3339 1313 3394 mutatus
1328 3339 1400 3409 est,
1416 3339 1466 3407 ut,

232 3438 328 3519 quod
344 3437 519 3519 reliquum
538 3447 631 3502 esset
645 3438 754 3517 vitae,
775 3444 888 3501 totum
904 3436 973 3501 Dei
992 3438 1161 3519 obsequio
1181 3438 1417 3517 impensurus,
1435 3447 1470 3500 et

235 3544 331 3608 vitae
345 3552 532 3609 anteactae
546 3552 696 3626 peccata
711 3554 1008 3624 compensaturus
1022 3545 1149 3608 merito
1164 3543 1381 3608 crederetur.

293 3652 385 3716 2217.
429 3652 580 3735 Aliquae
594 3653 778 3731 muliereS,
794 3669 897 3733 quae,
916 3660 1056 3732 praeter
1068 3661 1255 3732 peccatum
1269 3651 1467 3731 proprium,
1490 3669 1492 3672 ·

234 3761 398 3841 exemplo
412 3776 477 3824 sno
492 3760 570 3824 aliis
585 3758 758 3841 peccandi
772 3760 916 3823 occasio
929 3757 1081 3836 fuerant,
1098 3776 1178 3823 eam
1192 3758 1290 3821 vitae
1304 3756 1468 3821 mutatio-

234 3884 315 3931 nem
339 3867 515 3948 fecerunt,
543 3877 580 3932 ut
608 3868 653 3931 ab
679 3867 812 3931 eisdem
837 3866 1030 3947 pudicitiae
1054 3884 1098 3930 ac
1118 3866 1291 3929 virtutum
1316 3864 1477 3929 aliarum·

233 3975 395 4056 exempla
415 3984 630 4055 peterentur,
654 3992 699 4038 ex
718 3974 845 4054 quibus
862 3975 1013 4051 multae,
1035 3974 1245 4053 religionem
1268 3971 1468 4068 ingressae,

232 4097 273 4145 se
287 4089 381 4146 totas
396 4078 473 4145 Deo
488 4092 755 4145 consecrarunt.
771 4080 909 4144 Harum
924 4080 986 4144 uni
1000 4088 1100 4143 tanto
1116 4095 1238 4143 amore
1252 4079 1308 4142 vir
1324 4077 1468 4159 quidam

231 4187 455 4269 inhaerebat,
479 4199 517 4254 ut
542 4206 624 4253 cum
645 4188 870 4252 suasionibus
891 4196 1095 4251 nostrorum
1116 4204 1138 4249 a
1159 4203 1197 4250 se
1218 4184 1380 4266 separari
1395 4187 1467 4252 mu·

231 4294 354 4361 lierem
378 4297 530 4377 videret,
557 4314 644 4377 prae
669 4296 792 4360 dolore
817 4295 1034 4374 gravissimo
1057 4294 1251 4357 moriturus
1271 4291 1465 4356 videretur.

231 4402 405 4483 Quamvis
420 4415 549 4484 autem,
568 4405 659 4468 inter
673 4403 776 4468 fletus
789 4403 926 4481 ubereS,
940 4403 1056 4466 minas
1068 4418 1172 4465 acres
1186 4411 1313 4464 contra
1324 4407 1468 4463 nostros

231 4520 426 4594 torqueret,
443 4514 529 4578 nihil
544 4521 663 4577 tamen
678 4512 729 4575 eis
745 4512 839 4591 mali,
866 4508 943 4573 Deo
958 4517 1180 4590 protegente,
1199 4510 1243 4573 ob
1258 4509 1352 4571 hanc
1366 4524 1467 4588 sepa·

134 4612 138 4619 ’
231 4618 409 4684 rationem
432 4620 574 4684 accidit.
