<?xml version="1.0" encoding="UTF-8"?>
<!DOCTYPE html PUBLIC "-//W3C//DTD XHTML 1.0 Transitional//EN"
    "http://www.w3.org/TR/xhtml1/DTD/xhtml1-transitional.dtd">
<html xmlns="http://www.w3.org/1999/xhtml" xml:lang="en" lang="en">
 <head>
  <title>
</title>
<meta http-equiv="Content-Type" content="text/html;charset=utf-8" />
  <meta name='ocr-system' content='tesseract 3.04.00' />
  <meta name='ocr-capabilities' content='ocr_page ocr_carea ocr_par ocr_line ocrx_word'/>
</head>
<body>
  <div class='ocr_page' id='page_1' title='image "./vitaignatiiloio00polagoog_0429.png"; bbox 0 0 3642 5350; ppageno 0'>
   <div class='ocr_carea' id='block_1_1' title="bbox 784 348 1484 437">
    <p class='ocr_par' dir='ltr' id='par_1_1' title="bbox 784 348 1484 437">
     <span class='ocr_line' id='line_1_1' title="bbox 784 348 1484 437; baseline 0.006 -4"><span class='ocrx_word' id='word_1_1' title='bbox 784 375 849 433; x_wconf 65' lang='lat' dir='ltr'>Aa.</span> <span class='ocrx_word' id='word_1_2' title='bbox 872 374 942 433; x_wconf 74' lang='lat'>1550</span> <span class='ocrx_word' id='word_1_3' title='bbox 1422 348 1484 437; x_wconf 72' lang='lat'>419¹</span> 
     </span>
    </p>
   </div>
   <div class='ocr_carea' id='block_1_2' title="bbox 242 519 1494 4665">
    <p class='ocr_par' dir='ltr' id='par_1_2' title="bbox 242 519 1476 1241">
     <span class='ocr_line' id='line_1_2' title="bbox 308 519 1474 603; baseline 0.003 -18"><span class='ocrx_word' id='word_1_4' title='bbox 308 520 395 587; x_wconf 90' lang='lat'>1800.</span> <span class='ocrx_word' id='word_1_5' title='bbox 438 520 546 584; x_wconf 85' lang='lat' dir='ltr'><strong>Pauci</strong></span> <span class='ocrx_word' id='word_1_6' title='bbox 561 528 662 583; x_wconf 89' lang='lat' dir='ltr'>erant</span> <span class='ocrx_word' id='word_1_7' title='bbox 677 527 823 584; x_wconf 90' lang='lat' dir='ltr'>eatenus</span> <span class='ocrx_word' id='word_1_8' title='bbox 838 519 1039 599; x_wconf 81' lang='lat' dir='ltr'>theologiae</span> <span class='ocrx_word' id='word_1_9' title='bbox 1052 521 1200 585; x_wconf 89' lang='lat' dir='ltr'>studiosi</span> <span class='ocrx_word' id='word_1_10' title='bbox 1216 522 1397 603; x_wconf 72' lang='lat' dir='ltr'>Coloniae,</span> <span class='ocrx_word' id='word_1_11' title='bbox 1411 525 1474 588; x_wconf 89' lang='lat' dir='ltr'>sed</span> 
     </span>
     <span class='ocr_line' id='line_1_3' title="bbox 242 626 1469 713; baseline -0.001 -18"><span class='ocrx_word' id='word_1_12' title='bbox 242 626 314 713; x_wconf 88' lang='lat' dir='ltr'>jam</span> <span class='ocrx_word' id='word_1_13' title='bbox 330 648 374 694; x_wconf 88' lang='lat' dir='ltr'>ex</span> <span class='ocrx_word' id='word_1_14' title='bbox 390 647 431 693; x_wconf 92' lang='lat' dir='ltr'>eo</span> <span class='ocrx_word' id='word_1_15' title='bbox 447 637 605 708; x_wconf 91' lang='lat' dir='ltr'>tempore</span> <span class='ocrx_word' id='word_1_16' title='bbox 617 626 755 707; x_wconf 84' lang='lat' dir='ltr'>plurimi</span> <span class='ocrx_word' id='word_1_17' title='bbox 771 626 898 690; x_wconf 90' lang='lat' dir='ltr'>adhoc</span> <span class='ocrx_word' id='word_1_18' title='bbox 913 627 1069 690; x_wconf 91' lang='lat' dir='ltr'>studium</span> <span class='ocrx_word' id='word_1_19' title='bbox 1084 629 1241 692; x_wconf 88' lang='lat' dir='ltr'>animum</span> <span class='ocrx_word' id='word_1_20' title='bbox 1256 630 1469 710; x_wconf 83' lang='lat' dir='ltr'>applicuere:</span> 
     </span>
     <span class='ocr_line' id='line_1_4' title="bbox 244 734 1473 817; baseline -0.001 -14"><span class='ocrx_word' id='word_1_21' title='bbox 244 740 379 803; x_wconf 81' lang='lat' dir='ltr'>fructus</span> <span class='ocrx_word' id='word_1_22' title='bbox 398 744 533 809; x_wconf 91' lang='lat' dir='ltr'>autem,</span> <span class='ocrx_word' id='word_1_23' title='bbox 554 752 658 815; x_wconf 92' lang='lat' dir='ltr'>quem</span> <span class='ocrx_word' id='word_1_24' title='bbox 678 751 722 797; x_wconf 88' lang='lat' dir='ltr'>ex</span> <span class='ocrx_word' id='word_1_25' title='bbox 737 734 946 797; x_wconf 92' lang='lat' dir='ltr'>lectionibus</span> <span class='ocrx_word' id='word_1_26' title='bbox 960 735 1159 814; x_wconf 83' lang='lat' dir='ltr'>capiebant,</span> <span class='ocrx_word' id='word_1_27' title='bbox 1177 736 1291 815; x_wconf 93' lang='lat' dir='ltr'>qualis</span> <span class='ocrx_word' id='word_1_28' title='bbox 1305 747 1410 817; x_wconf 90' lang='lat' dir='ltr'>esset,</span> <span class='ocrx_word' id='word_1_29' title='bbox 1427 756 1473 802; x_wconf 84' lang='lat' dir='ltr'>ex</span> 
     </span>
     <span class='ocr_line' id='line_1_5' title="bbox 245 839 1474 922; baseline -0.001 -13"><span class='ocrx_word' id='word_1_30' title='bbox 245 845 446 909; x_wconf 86' lang='lat' dir='ltr'>auditorum</span> <span class='ocrx_word' id='word_1_31' title='bbox 462 841 660 922; x_wconf 82' lang='lat' dir='ltr'>frequentia</span> <span class='ocrx_word' id='word_1_32' title='bbox 675 839 800 920; x_wconf 89' lang='lat' dir='ltr'>conjici</span> <span class='ocrx_word' id='word_1_33' title='bbox 817 849 968 920; x_wconf 88' lang='lat' dir='ltr'>poterat,</span> <span class='ocrx_word' id='word_1_34' title='bbox 984 857 1076 919; x_wconf 89' lang='lat' dir='ltr'>quae</span> <span class='ocrx_word' id='word_1_35' title='bbox 1091 850 1192 905; x_wconf 86' lang='lat' dir='ltr'>tanta</span> <span class='ocrx_word' id='word_1_36' title='bbox 1206 842 1282 920; x_wconf 84' lang='lat' dir='ltr'>fuit,</span> <span class='ocrx_word' id='word_1_37' title='bbox 1298 852 1336 905; x_wconf 91' lang='lat' dir='ltr'>ut</span> <span class='ocrx_word' id='word_1_38' title='bbox 1351 862 1372 907; x_wconf 88' lang='lat' dir='ltr'>a</span> <span class='ocrx_word' id='word_1_39' title='bbox 1389 846 1474 908; x_wconf 89' lang='lat' dir='ltr'>mul·</span> 
     </span>
     <span class='ocr_line' id='line_1_6' title="bbox 245 945 1476 1029; baseline 0 -14"><span class='ocrx_word' id='word_1_40' title='bbox 245 952 291 1015; x_wconf 91' lang='lat' dir='ltr'>tis</span> <span class='ocrx_word' id='word_1_41' title='bbox 305 950 408 1015; x_wconf 90' lang='lat' dir='ltr'>annis</span> <span class='ocrx_word' id='word_1_42' title='bbox 420 947 502 1029; x_wconf 89' lang='lat' dir='ltr'>quid</span> <span class='ocrx_word' id='word_1_43' title='bbox 518 947 630 1011; x_wconf 86' lang='lat' dir='ltr'>simile</span> <span class='ocrx_word' id='word_1_44' title='bbox 647 948 761 1010; x_wconf 88' lang='lat' dir='ltr'>visum</span> <span class='ocrx_word' id='word_1_45' title='bbox 777 946 947 1010; x_wconf 84' lang='lat' dir='ltr'>Coloniae</span> <span class='ocrx_word' id='word_1_46' title='bbox 958 964 1028 1011; x_wconf 91' lang='lat' dir='ltr'>non</span> <span class='ocrx_word' id='word_1_47' title='bbox 1044 945 1161 1020; x_wconf 65' lang='lat' dir='ltr'>suerin</span> <span class='ocrx_word' id='word_1_48' title='bbox 1177 948 1295 1012; x_wconf 78' lang='lat' dir='ltr'>futuro</span> <span class='ocrx_word' id='word_1_49' title='bbox 1308 966 1402 1015; x_wconf 90' lang='lat' dir='ltr'>anno</span> <span class='ocrx_word' id='word_1_50' title='bbox 1414 969 1476 1015; x_wconf 90' lang='lat' dir='ltr'>no·</span> 
     </span>
     <span class='ocr_line' id='line_1_7' title="bbox 246 1053 1473 1138; baseline -0.002 -15"><span class='ocrx_word' id='word_1_51' title='bbox 246 1058 312 1123; x_wconf 89' lang='lat' dir='ltr'>stri</span> <span class='ocrx_word' id='word_1_52' title='bbox 326 1058 445 1138; x_wconf 91' lang='lat' dir='ltr'>plures</span> <span class='ocrx_word' id='word_1_53' title='bbox 459 1054 612 1118; x_wconf 89' lang='lat' dir='ltr'>habituri</span> <span class='ocrx_word' id='word_1_54' title='bbox 626 1053 655 1116; x_wconf 88' lang='lat' dir='ltr'>F</span> <span class='ocrx_word' id='word_1_55' title='bbox 657 1063 787 1131; x_wconf 77' lang='lat' dir='ltr'>ratreS,</span> <span class='ocrx_word' id='word_1_56' title='bbox 805 1054 865 1132; x_wconf 90' lang='lat' dir='ltr'>qui</span> <span class='ocrx_word' id='word_1_57' title='bbox 884 1054 920 1117; x_wconf 93' lang='lat' dir='ltr'>in</span> <span class='ocrx_word' id='word_1_58' title='bbox 936 1054 1158 1134; x_wconf 76' lang='lat' dir='ltr'>philosophia</span> <span class='ocrx_word' id='word_1_59' title='bbox 1171 1055 1324 1135; x_wconf 89' lang='lat' dir='ltr'>gradum</span> <span class='ocrx_word' id='word_1_60' title='bbox 1339 1058 1473 1138; x_wconf 89' lang='lat' dir='ltr'>accipe·</span> 
     </span>
     <span class='ocr_line' id='line_1_8' title="bbox 248 1162 1029 1241; baseline -0.008 -12"><span class='ocrx_word' id='word_1_61' title='bbox 248 1176 337 1241; x_wconf 90' lang='lat' dir='ltr'>rent,</span> <span class='ocrx_word' id='word_1_62' title='bbox 355 1162 600 1227; x_wconf 84' lang='lat' dir='ltr'>credebantur.</span> <span class='ocrx_word' id='word_1_63' title='bbox 658 1184 661 1191; x_wconf 95' lang='lat'>·</span> <span class='ocrx_word' id='word_1_64' title='bbox 1012 1222 1029 1232; x_wconf 85' lang='grc'>,,</span> 
     </span>
    </p>

    <p class='ocr_par' dir='ltr' id='par_1_3' title="bbox 248 1264 1480 2508">
     <span class='ocr_line' id='line_1_9' title="bbox 310 1264 1476 1353; baseline 0 -20"><span class='ocrx_word' id='word_1_65' title='bbox 310 1268 397 1334; x_wconf 89' lang='grc'><strong>1801.</strong></span> <span class='ocrx_word' id='word_1_66' title='bbox 441 1267 576 1331; x_wconf 89' lang='lat' dir='ltr'>Unicus</span> <span class='ocrx_word' id='word_1_67' title='bbox 590 1276 667 1329; x_wconf 91' lang='lat' dir='ltr'>erat</span> <span class='ocrx_word' id='word_1_68' title='bbox 682 1264 835 1346; x_wconf 87' lang='lat' dir='ltr'>Doctor,</span> <span class='ocrx_word' id='word_1_69' title='bbox 851 1266 910 1347; x_wconf 90' lang='lat' dir='ltr'>qui</span> <span class='ocrx_word' id='word_1_70' title='bbox 926 1266 1058 1329; x_wconf 90' lang='lat' dir='ltr'>nostris</span> <span class='ocrx_word' id='word_1_71' title='bbox 1076 1284 1156 1330; x_wconf 90' lang='lat' dir='ltr'>sese</span> <span class='ocrx_word' id='word_1_72' title='bbox 1176 1269 1245 1332; x_wconf 90' lang='lat' dir='ltr'>hac</span> <span class='ocrx_word' id='word_1_73' title='bbox 1266 1278 1401 1335; x_wconf 85' lang='lat' dir='ltr'>aestate</span> <span class='ocrx_word' id='word_1_74' title='bbox 1416 1288 1476 1353; x_wconf 90' lang='lat' dir='ltr'>op·</span> 
     </span>
     <span class='ocr_line' id='line_1_10' title="bbox 249 1370 1478 1459; baseline 0 -18"><span class='ocrx_word' id='word_1_75' title='bbox 249 1376 412 1459; x_wconf 89' lang='lat' dir='ltr'>ponebat.</span> <span class='ocrx_word' id='word_1_76' title='bbox 427 1373 549 1454; x_wconf 89' lang='lat' dir='ltr'>Itaque</span> <span class='ocrx_word' id='word_1_77' title='bbox 568 1390 649 1437; x_wconf 90' lang='lat' dir='ltr'>cum</span> <span class='ocrx_word' id='word_1_78' title='bbox 667 1371 733 1435; x_wconf 59' lang='grc' dir='ltr'>12.ει</span> <span class='ocrx_word' id='word_1_79' title='bbox 746 1371 829 1454; x_wconf 92' lang='lat' dir='ltr'>Julii</span> <span class='ocrx_word' id='word_1_80' title='bbox 844 1370 881 1434; x_wconf 90' lang='lat' dir='ltr'>P.</span> <span class='ocrx_word' id='word_1_81' title='bbox 898 1372 1075 1437; x_wconf 89' lang='lat' dir='ltr'>Henricus</span> <span class='ocrx_word' id='word_1_82' title='bbox 1096 1374 1293 1455; x_wconf 92' lang='lat' dir='ltr'>Dionysius</span> <span class='ocrx_word' id='word_1_83' title='bbox 1311 1378 1478 1441; x_wconf 82' lang='lat' dir='ltr'>exhorta·</span> 
     </span>
     <span class='ocr_line' id='line_1_11' title="bbox 248 1478 1479 1562; baseline 0 -14"><span class='ocrx_word' id='word_1_84' title='bbox 248 1486 376 1548; x_wconf 89' lang='lat' dir='ltr'>toriam</span> <span class='ocrx_word' id='word_1_85' title='bbox 392 1482 438 1545; x_wconf 90' lang='lat' dir='ltr'>ad</span> <span class='ocrx_word' id='word_1_86' title='bbox 453 1482 618 1543; x_wconf 90' lang='lat' dir='ltr'>virtutem</span> <span class='ocrx_word' id='word_1_87' title='bbox 634 1479 832 1543; x_wconf 83' lang='lat' dir='ltr'>orationem</span> <span class='ocrx_word' id='word_1_88' title='bbox 847 1478 883 1542; x_wconf 92' lang='lat' dir='ltr'>in</span> <span class='ocrx_word' id='word_1_89' title='bbox 898 1479 1031 1542; x_wconf 91' lang='lat' dir='ltr'>scholis</span> <span class='ocrx_word' id='word_1_90' title='bbox 1043 1481 1170 1544; x_wconf 88' lang='lat' dir='ltr'>artium</span> <span class='ocrx_word' id='word_1_91' title='bbox 1188 1482 1325 1562; x_wconf 90' lang='lat' dir='ltr'>publice</span> <span class='ocrx_word' id='word_1_92' title='bbox 1337 1484 1479 1548; x_wconf 90' lang='lat' dir='ltr'>habuis·</span> 
     </span>
     <span class='ocr_line' id='line_1_12' title="bbox 249 1584 1474 1669; baseline 0.001 -14"><span class='ocrx_word' id='word_1_93' title='bbox 249 1602 318 1667; x_wconf 89' lang='lat' dir='ltr'>set,</span> <span class='ocrx_word' id='word_1_94' title='bbox 335 1606 403 1669; x_wconf 89' lang='lat' dir='ltr'>qua</span> <span class='ocrx_word' id='word_1_95' title='bbox 420 1589 587 1651; x_wconf 90' lang='lat' dir='ltr'>virtutem</span> <span class='ocrx_word' id='word_1_96' title='bbox 609 1584 776 1649; x_wconf 86' lang='lat' dir='ltr'>laudabat</span> <span class='ocrx_word' id='word_1_97' title='bbox 791 1593 826 1649; x_wconf 91' lang='lat' dir='ltr'>et</span> <span class='ocrx_word' id='word_1_98' title='bbox 841 1586 886 1649; x_wconf 90' lang='lat' dir='ltr'>ad</span> <span class='ocrx_word' id='word_1_99' title='bbox 901 1604 981 1650; x_wconf 90' lang='lat' dir='ltr'>eam</span> <span class='ocrx_word' id='word_1_100' title='bbox 1000 1586 1234 1652; x_wconf 88' lang='lat' dir='ltr'>scholasticos</span> <span class='ocrx_word' id='word_1_101' title='bbox 1253 1589 1474 1660; x_wconf 82' lang='lat' dir='ltr'>hortabatur;</span> 
     </span>
     <span class='ocr_line' id='line_1_13' title="bbox 248 1694 1478 1785; baseline 0 -24"><span class='ocrx_word' id='word_1_102' title='bbox 248 1698 363 1778; x_wconf 87' lang='lat' dir='ltr'>(erant</span> <span class='ocrx_word' id='word_1_103' title='bbox 380 1706 498 1785; x_wconf 82' lang='lat' dir='ltr'>autem</span> <span class='ocrx_word' id='word_1_104' title='bbox 514 1703 586 1757; x_wconf 91' lang='lat' dir='ltr'>tam</span> <span class='ocrx_word' id='word_1_105' title='bbox 602 1694 712 1771; x_wconf 91' lang='lat' dir='ltr'>multi,</span> <span class='ocrx_word' id='word_1_106' title='bbox 727 1702 766 1756; x_wconf 91' lang='lat' dir='ltr'>ut</span> <span class='ocrx_word' id='word_1_107' title='bbox 781 1710 842 1756; x_wconf 90' lang='lat' dir='ltr'>eos</span> <span class='ocrx_word' id='word_1_108' title='bbox 856 1694 980 1757; x_wconf 91' lang='lat' dir='ltr'>schola</span> <span class='ocrx_word' id='word_1_109' title='bbox 996 1711 1066 1757; x_wconf 92' lang='lat' dir='ltr'>non</span> <span class='ocrx_word' id='word_1_110' title='bbox 1080 1705 1242 1775; x_wconf 89' lang='lat' dir='ltr'>caperet,</span> <span class='ocrx_word' id='word_1_111' title='bbox 1259 1705 1294 1760; x_wconf 89' lang='lat' dir='ltr'>et</span> <span class='ocrx_word' id='word_1_112' title='bbox 1309 1698 1478 1762; x_wconf 90' lang='lat' dir='ltr'>intereos</span> 
     </span>
     <span class='ocr_line' id='line_1_14' title="bbox 250 1800 1479 1883; baseline 0.002 -16"><span class='ocrx_word' id='word_1_113' title='bbox 250 1804 324 1869; x_wconf 82' lang='lat' dir='ltr'>iere</span> <span class='ocrx_word' id='word_1_114' title='bbox 339 1818 462 1867; x_wconf 90' lang='lat' dir='ltr'>omnes</span> <span class='ocrx_word' id='word_1_115' title='bbox 476 1800 653 1875; x_wconf 90' lang='lat' dir='ltr'>doctores,</span> <span class='ocrx_word' id='word_1_116' title='bbox 677 1800 848 1864; x_wconf 90' lang='lat' dir='ltr'>licentiati</span> <span class='ocrx_word' id='word_1_117' title='bbox 867 1809 902 1863; x_wconf 92' lang='lat' dir='ltr'>et</span> <span class='ocrx_word' id='word_1_118' title='bbox 925 1800 1176 1865; x_wconf 87' lang='lat' dir='ltr'>bacchalaurei</span> <span class='ocrx_word' id='word_1_119' title='bbox 1191 1802 1362 1883; x_wconf 87' lang='lat' dir='ltr'>theologi,</span> <span class='ocrx_word' id='word_1_120' title='bbox 1385 1813 1420 1868; x_wconf 93' lang='lat' dir='ltr'>et</span> <span class='ocrx_word' id='word_1_121' title='bbox 1442 1806 1479 1869; x_wconf 94' lang='lat' dir='ltr'>in</span> 
     </span>
     <span class='ocr_line' id='line_1_15' title="bbox 249 1906 1478 1989; baseline -0.001 -14"><span class='ocrx_word' id='word_1_122' title='bbox 249 1911 386 1975; x_wconf 88' lang='lat' dir='ltr'>artibus</span> <span class='ocrx_word' id='word_1_123' title='bbox 401 1907 580 1987; x_wconf 82' lang='lat' dir='ltr'>magistri,</span> <span class='ocrx_word' id='word_1_124' title='bbox 597 1907 656 1987; x_wconf 89' lang='lat' dir='ltr'>qui</span> <span class='ocrx_word' id='word_1_125' title='bbox 676 1906 711 1970; x_wconf 94' lang='lat' dir='ltr'>id</span> <span class='ocrx_word' id='word_1_126' title='bbox 726 1906 896 1985; x_wconf 88' lang='lat' dir='ltr'>temporis</span> <span class='ocrx_word' id='word_1_127' title='bbox 912 1906 1080 1970; x_wconf 85' lang='lat' dir='ltr'>Coloniae</span> <span class='ocrx_word' id='word_1_128' title='bbox 1096 1909 1367 1989; x_wconf 84' lang='lat' dir='ltr'>versabantur);</span> <span class='ocrx_word' id='word_1_129' title='bbox 1384 1928 1478 1975; x_wconf 91' lang='lat' dir='ltr'>curn·</span> 
     </span>
     <span class='ocr_line' id='line_1_16' title="bbox 250 2012 1479 2098; baseline -0.001 -17"><span class='ocrx_word' id='word_1_130' title='bbox 250 2035 319 2098; x_wconf 90' lang='lat' dir='ltr'>que</span> <span class='ocrx_word' id='word_1_131' title='bbox 333 2016 447 2081; x_wconf 90' lang='lat' dir='ltr'>oratio</span> <span class='ocrx_word' id='word_1_132' title='bbox 465 2029 680 2093; x_wconf 85' lang='lat' dir='ltr'>magnopere</span> <span class='ocrx_word' id='word_1_133' title='bbox 694 2013 738 2075; x_wconf 91' lang='lat' dir='ltr'>ab</span> <span class='ocrx_word' id='word_1_134' title='bbox 753 2012 916 2075; x_wconf 91' lang='lat' dir='ltr'>omnihus</span> <span class='ocrx_word' id='word_1_135' title='bbox 929 2012 1146 2089; x_wconf 86' lang='lat' dir='ltr'>laudaretur;</span> <span class='ocrx_word' id='word_1_136' title='bbox 1160 2017 1393 2094; x_wconf 85' lang='lat' dir='ltr'>expetebatur</span> <span class='ocrx_word' id='word_1_137' title='bbox 1408 2017 1479 2082; x_wconf 90' lang='lat' dir='ltr'>alia</span> 
     </span>
     <span class='ocr_line' id='line_1_17' title="bbox 252 2118 1479 2210; baseline 0.001 -22"><span class='ocrx_word' id='word_1_138' title='bbox 252 2124 365 2189; x_wconf 90' lang='lat' dir='ltr'>oratio</span> <span class='ocrx_word' id='word_1_139' title='bbox 387 2124 445 2185; x_wconf 91' lang='lat' dir='ltr'>vel</span> <span class='ocrx_word' id='word_1_140' title='bbox 465 2120 589 2185; x_wconf 92' lang='lat' dir='ltr'>concio</span> <span class='ocrx_word' id='word_1_141' title='bbox 611 2119 720 2182; x_wconf 86' lang='lat' dir='ltr'>latina</span> <span class='ocrx_word' id='word_1_142' title='bbox 737 2136 757 2181; x_wconf 85' lang='lat' dir='ltr'>a</span> <span class='ocrx_word' id='word_1_143' title='bbox 772 2118 867 2197; x_wconf 85' lang='lat' dir='ltr'>Mag.</span> <span class='ocrx_word' id='word_1_144' title='bbox 888 2118 1026 2210; x_wconf 80' lang='lat' dir='ltr'>Joanne</span> <span class='ocrx_word' id='word_1_145' title='bbox 1045 2118 1171 2200; x_wconf 90' lang='lat' dir='ltr'>Rezio;</span> <span class='ocrx_word' id='word_1_146' title='bbox 1192 2122 1255 2185; x_wconf 93' lang='lat' dir='ltr'>sed</span> <span class='ocrx_word' id='word_1_147' title='bbox 1275 2124 1479 2201; x_wconf 89' lang='lat' dir='ltr'>praedictus</span> 
     </span>
     <span class='ocr_line' id='line_1_18' title="bbox 251 2226 1480 2309; baseline -0.001 -13"><span class='ocrx_word' id='word_1_148' title='bbox 251 2231 397 2308; x_wconf 91' lang='lat' dir='ltr'>Doctor,</span> <span class='ocrx_word' id='word_1_149' title='bbox 415 2228 532 2309; x_wconf 87' lang='lat' dir='ltr'>quiex</span> <span class='ocrx_word' id='word_1_150' title='bbox 547 2226 744 2290; x_wconf 89' lang='lat' dir='ltr'>senioribus</span> <span class='ocrx_word' id='word_1_151' title='bbox 759 2234 849 2297; x_wconf 90' lang='lat' dir='ltr'>erat,</span> <span class='ocrx_word' id='word_1_152' title='bbox 864 2241 972 2304; x_wconf 87' lang='lat' dir='ltr'>aegre</span> <span class='ocrx_word' id='word_1_153' title='bbox 988 2226 1179 2291; x_wconf 86' lang='lat' dir='ltr'>admodum</span> <span class='ocrx_word' id='word_1_154' title='bbox 1193 2228 1228 2292; x_wconf 93' lang='lat' dir='ltr'>id</span> <span class='ocrx_word' id='word_1_155' title='bbox 1243 2231 1333 2307; x_wconf 89' lang='lat' dir='ltr'>tulit,</span> <span class='ocrx_word' id='word_1_156' title='bbox 1350 2249 1416 2295; x_wconf 91' lang='lat' dir='ltr'>nec</span> <span class='ocrx_word' id='word_1_157' title='bbox 1431 2232 1480 2295; x_wconf 90' lang='lat' dir='ltr'>in·</span> 
     </span>
     <span class='ocr_line' id='line_1_19' title="bbox 253 2332 1479 2412; baseline 0.001 -11"><span class='ocrx_word' id='word_1_158' title='bbox 253 2334 509 2401; x_wconf 88' lang='lat' dir='ltr'>troducendum</span> <span class='ocrx_word' id='word_1_159' title='bbox 533 2333 627 2396; x_wconf 92' lang='lat' dir='ltr'>hunc</span> <span class='ocrx_word' id='word_1_160' title='bbox 653 2347 787 2396; x_wconf 88' lang='lat' dir='ltr'>morem</span> <span class='ocrx_word' id='word_1_161' title='bbox 816 2332 1008 2411; x_wconf 88' lang='lat' dir='ltr'>sentiebat,</span> <span class='ocrx_word' id='word_1_162' title='bbox 1037 2344 1073 2396; x_wconf 92' lang='lat' dir='ltr'>ut</span> <span class='ocrx_word' id='word_1_163' title='bbox 1096 2334 1133 2397; x_wconf 94' lang='lat' dir='ltr'>in</span> <span class='ocrx_word' id='word_1_164' title='bbox 1158 2336 1315 2412; x_wconf 85' lang='lat' dir='ltr'>gratiam</span> <span class='ocrx_word' id='word_1_165' title='bbox 1343 2339 1479 2402; x_wconf 90' lang='lat' dir='ltr'>schola·</span> 
     </span>
     <span class='ocr_line' id='line_1_20' title="bbox 251 2439 1244 2508; baseline -0.002 0"><span class='ocrx_word' id='word_1_166' title='bbox 251 2446 423 2508; x_wconf 89' lang='lat' dir='ltr'>sticorum</span> <span class='ocrx_word' id='word_1_167' title='bbox 437 2440 624 2505; x_wconf 91' lang='lat' dir='ltr'>dominicis</span> <span class='ocrx_word' id='word_1_168' title='bbox 638 2440 762 2502; x_wconf 93' lang='lat' dir='ltr'>diebus</span> <span class='ocrx_word' id='word_1_169' title='bbox 777 2439 903 2501; x_wconf 91' lang='lat' dir='ltr'>concio</span> <span class='ocrx_word' id='word_1_170' title='bbox 919 2440 1027 2503; x_wconf 90' lang='lat' dir='ltr'>latina</span> <span class='ocrx_word' id='word_1_171' title='bbox 1044 2440 1244 2506; x_wconf 88' lang='lat' dir='ltr'>haberetur.</span> 
     </span>
    </p>

    <p class='ocr_par' dir='ltr' id='par_1_4' title="bbox 251 2545 1491 4441">
     <span class='ocr_line' id='line_1_21' title="bbox 315 2545 1481 2628; baseline 0.002 -14"><span class='ocrx_word' id='word_1_172' title='bbox 315 2549 403 2614; x_wconf 87' lang='grc'><strong>1802.</strong></span> <span class='ocrx_word' id='word_1_173' title='bbox 447 2548 541 2612; x_wconf 89' lang='lat' dir='ltr'>Misit</span> <span class='ocrx_word' id='word_1_174' title='bbox 557 2547 674 2627; x_wconf 90' lang='lat' dir='ltr'>itaque</span> <span class='ocrx_word' id='word_1_175' title='bbox 689 2545 864 2609; x_wconf 85' lang='lat' dir='ltr'>bedellum</span> <span class='ocrx_word' id='word_1_176' title='bbox 884 2545 1136 2610; x_wconf 90' lang='lat' dir='ltr'>Universitatis</span> <span class='ocrx_word' id='word_1_177' title='bbox 1151 2560 1189 2611; x_wconf 90' lang='lat' dir='ltr'>ut</span> <span class='ocrx_word' id='word_1_178' title='bbox 1205 2549 1406 2628; x_wconf 89' lang='lat' dir='ltr'>prohiberet</span> <span class='ocrx_word' id='word_1_179' title='bbox 1421 2569 1481 2617; x_wconf 87' lang='lat' dir='ltr'>no-</span> 
     </span>
     <span class='ocr_line' id='line_1_22' title="bbox 251 2651 1479 2736; baseline -0.002 -12"><span class='ocrx_word' id='word_1_180' title='bbox 251 2659 336 2724; x_wconf 86' lang='lat' dir='ltr'>stris</span> <span class='ocrx_word' id='word_1_181' title='bbox 351 2676 394 2722; x_wconf 90' lang='lat' dir='ltr'>ne</span> <span class='ocrx_word' id='word_1_182' title='bbox 410 2655 560 2736; x_wconf 89' lang='lat' dir='ltr'>amplius</span> <span class='ocrx_word' id='word_1_183' title='bbox 575 2653 682 2716; x_wconf 89' lang='lat' dir='ltr'>latine</span> <span class='ocrx_word' id='word_1_184' title='bbox 698 2651 1006 2717; x_wconf 87' lang='lat' dir='ltr'>concionarentur.</span> <span class='ocrx_word' id='word_1_185' title='bbox 1023 2651 1244 2719; x_wconf 87' lang='lat' dir='ltr'>Mirabantur</span> <span class='ocrx_word' id='word_1_186' title='bbox 1264 2675 1387 2721; x_wconf 89' lang='lat' dir='ltr'>omues</span> <span class='ocrx_word' id='word_1_187' title='bbox 1410 2676 1479 2722; x_wconf 91' lang='lat' dir='ltr'>mo·</span> 
     </span>
     <span class='ocr_line' id='line_1_23' title="bbox 253 2759 1481 2840; baseline 0 -10"><span class='ocrx_word' id='word_1_188' title='bbox 253 2782 374 2830; x_wconf 87' lang='lat' dir='ltr'>rosum</span> <span class='ocrx_word' id='word_1_189' title='bbox 388 2781 525 2839; x_wconf 89' lang='lat' dir='ltr'>senem,</span> <span class='ocrx_word' id='word_1_190' title='bbox 541 2760 653 2824; x_wconf 89' lang='lat' dir='ltr'>nostri</span> <span class='ocrx_word' id='word_1_191' title='bbox 672 2759 778 2822; x_wconf 88' lang='lat' dir='ltr'>etiam</span> <span class='ocrx_word' id='word_1_192' title='bbox 798 2770 833 2822; x_wconf 89' lang='lat' dir='ltr'>et</span> <span class='ocrx_word' id='word_1_193' title='bbox 851 2761 1167 2840; x_wconf 90' lang='lat' dir='ltr'>compatiebantur.</span> <span class='ocrx_word' id='word_1_194' title='bbox 1189 2761 1260 2826; x_wconf 88' lang='lat' dir='ltr'>Sed</span> <span class='ocrx_word' id='word_1_195' title='bbox 1278 2781 1360 2829; x_wconf 90' lang='lat' dir='ltr'>cum</span> <span class='ocrx_word' id='word_1_196' title='bbox 1379 2763 1481 2830; x_wconf 90' lang='lat' dir='ltr'>Prior</span> 
     </span>
     <span class='ocr_line' id='line_1_24' title="bbox 252 2865 1481 2952; baseline -0.002 -14"><span class='ocrx_word' id='word_1_197' title='bbox 252 2871 462 2938; x_wconf 89' lang='lat' dir='ltr'>Carthusiae</span> <span class='ocrx_word' id='word_1_198' title='bbox 477 2871 614 2933; x_wconf 89' lang='lat' dir='ltr'>litteras</span> <span class='ocrx_word' id='word_1_199' title='bbox 628 2867 674 2930; x_wconf 91' lang='lat' dir='ltr'>ad</span> <span class='ocrx_word' id='word_1_200' title='bbox 688 2867 782 2928; x_wconf 92' lang='lat' dir='ltr'>hunc</span> <span class='ocrx_word' id='word_1_201' title='bbox 801 2865 994 2931; x_wconf 89' lang='lat' dir='ltr'>Doctorem</span> <span class='ocrx_word' id='word_1_202' title='bbox 1014 2869 1226 2948; x_wconf 75' lang='lat' dir='ltr'>scripsisset,</span> <span class='ocrx_word' id='word_1_203' title='bbox 1243 2879 1279 2934; x_wconf 92' lang='lat' dir='ltr'>et</span> <span class='ocrx_word' id='word_1_204' title='bbox 1293 2873 1481 2952; x_wconf 83' lang='lat' dir='ltr'>praefatio-</span> 
     </span>
     <span class='ocr_line' id='line_1_25' title="bbox 253 2973 1484 3055; baseline -0.001 -11"><span class='ocrx_word' id='word_1_205' title='bbox 253 2995 335 3044; x_wconf 87' lang='lat' dir='ltr'>nem</span> <span class='ocrx_word' id='word_1_206' title='bbox 349 2979 456 3054; x_wconf 92' lang='lat' dir='ltr'>illam,</span> <span class='ocrx_word' id='word_1_207' title='bbox 474 2977 516 3039; x_wconf 92' lang='lat' dir='ltr'>de</span> <span class='ocrx_word' id='word_1_208' title='bbox 532 2992 600 3055; x_wconf 87' lang='lat' dir='ltr'>qua</span> <span class='ocrx_word' id='word_1_209' title='bbox 616 2974 778 3052; x_wconf 90' lang='lat' dir='ltr'>superius</span> <span class='ocrx_word' id='word_1_210' title='bbox 793 2973 924 3037; x_wconf 89' lang='lat' dir='ltr'>mentio</span> <span class='ocrx_word' id='word_1_211' title='bbox 937 2973 1034 3038; x_wconf 80' lang='lat' dir='ltr'>facta</span> <span class='ocrx_word' id='word_1_212' title='bbox 1049 2984 1113 3051; x_wconf 92' lang='lat' dir='ltr'>est,</span> <span class='ocrx_word' id='word_1_213' title='bbox 1134 2976 1171 3040; x_wconf 93' lang='lat' dir='ltr'>in</span> <span class='ocrx_word' id='word_1_214' title='bbox 1189 2978 1316 3042; x_wconf 90' lang='lat' dir='ltr'>librum</span> <span class='ocrx_word' id='word_1_215' title='bbox 1335 2977 1484 3044; x_wconf 90' lang='lat' dir='ltr'>chrici</span> 
     </span>
     <span class='ocr_line' id='line_1_26' title="bbox 254 3079 1483 3168; baseline 0 -17"><span class='ocrx_word' id='word_1_216' title='bbox 254 3081 367 3168; x_wconf 87' lang='lat' dir='ltr'>Herp,</span> <span class='ocrx_word' id='word_1_217' title='bbox 386 3100 474 3165; x_wconf 88' lang='lat' dir='ltr'>quae</span> <span class='ocrx_word' id='word_1_218' title='bbox 495 3083 537 3145; x_wconf 89' lang='lat' dir='ltr'>de</span> <span class='ocrx_word' id='word_1_219' title='bbox 553 3080 712 3144; x_wconf 90' lang='lat' dir='ltr'>instituto</span> <span class='ocrx_word' id='word_1_220' title='bbox 728 3079 919 3143; x_wconf 88' lang='lat' dir='ltr'>Societatis</span> <span class='ocrx_word' id='word_1_221' title='bbox 936 3090 1081 3145; x_wconf 90' lang='lat' dir='ltr'>nostrae</span> <span class='ocrx_word' id='word_1_222' title='bbox 1100 3082 1191 3162; x_wconf 90' lang='lat' dir='ltr'>agit,</span> <span class='ocrx_word' id='word_1_223' title='bbox 1210 3082 1256 3147; x_wconf 88' lang='lat' dir='ltr'>ad</span> <span class='ocrx_word' id='word_1_224' title='bbox 1270 3101 1351 3149; x_wconf 91' lang='lat' dir='ltr'>eum</span> <span class='ocrx_word' id='word_1_225' title='bbox 1372 3086 1483 3150; x_wconf 90' lang='lat' dir='ltr'>misis-</span> 
     </span>
     <span class='ocr_line' id='line_1_27' title="bbox 253 3186 1484 3272; baseline 0 -15"><span class='ocrx_word' id='word_1_226' title='bbox 253 3204 319 3272; x_wconf 89' lang='lat' dir='ltr'>set;</span> <span class='ocrx_word' id='word_1_227' title='bbox 336 3208 484 3271; x_wconf 88' lang='lat' dir='ltr'>cumque</span> <span class='ocrx_word' id='word_1_228' title='bbox 500 3189 563 3252; x_wconf 91' lang='lat' dir='ltr'>Dr.</span> <span class='ocrx_word' id='word_1_229' title='bbox 577 3186 783 3268; x_wconf 88' lang='lat' dir='ltr'>Gropperus</span> <span class='ocrx_word' id='word_1_230' title='bbox 796 3204 880 3250; x_wconf 90' lang='lat' dir='ltr'>suas</span> <span class='ocrx_word' id='word_1_231' title='bbox 892 3189 999 3251; x_wconf 90' lang='lat' dir='ltr'>etiam</span> <span class='ocrx_word' id='word_1_232' title='bbox 1010 3189 1147 3253; x_wconf 89' lang='lat' dir='ltr'>litteras</span> <span class='ocrx_word' id='word_1_233' title='bbox 1159 3190 1393 3272; x_wconf 71' lang='lat' dir='ltr'>adjunxisset,</span> <span class='ocrx_word' id='word_1_234' title='bbox 1408 3193 1484 3258; x_wconf 89' lang='lat' dir='ltr'>bre·</span> 
     </span>
     <span class='ocr_line' id='line_1_28' title="bbox 255 3292 1485 3377; baseline 0.001 -13"><span class='ocrx_word' id='word_1_235' title='bbox 255 3300 401 3364; x_wconf 91' lang='lat' dir='ltr'>vissimo</span> <span class='ocrx_word' id='word_1_236' title='bbox 416 3306 575 3377; x_wconf 91' lang='lat' dir='ltr'>tempore</span> <span class='ocrx_word' id='word_1_237' title='bbox 589 3295 703 3357; x_wconf 91' lang='lat' dir='ltr'>bonus</span> <span class='ocrx_word' id='word_1_238' title='bbox 718 3294 775 3356; x_wconf 92' lang='lat' dir='ltr'>ille</span> <span class='ocrx_word' id='word_1_239' title='bbox 796 3292 933 3357; x_wconf 90' lang='lat' dir='ltr'>Doctor</span> <span class='ocrx_word' id='word_1_240' title='bbox 952 3297 990 3358; x_wconf 94' lang='lat' dir='ltr'>in</span> <span class='ocrx_word' id='word_1_241' title='bbox 1004 3296 1111 3359; x_wconf 91' lang='lat' dir='ltr'>alium</span> <span class='ocrx_word' id='word_1_242' title='bbox 1132 3298 1312 3362; x_wconf 92' lang='lat' dir='ltr'>hominem</span> <span class='ocrx_word' id='word_1_243' title='bbox 1327 3311 1485 3365; x_wconf 92' lang='lat' dir='ltr'>mutatus</span> 
     </span>
     <span class='ocr_line' id='line_1_29' title="bbox 253 3401 1484 3489; baseline 0.002 -19"><span class='ocrx_word' id='word_1_244' title='bbox 253 3418 318 3485; x_wconf 82' lang='lat' dir='ltr'>est3</span> <span class='ocrx_word' id='word_1_245' title='bbox 335 3417 369 3469; x_wconf 89' lang='lat' dir='ltr'>et</span> <span class='ocrx_word' id='word_1_246' title='bbox 383 3403 504 3469; x_wconf 88' lang='lat' dir='ltr'>statim</span> <span class='ocrx_word' id='word_1_247' title='bbox 519 3401 632 3466; x_wconf 90' lang='lat' dir='ltr'>Priori</span> <span class='ocrx_word' id='word_1_248' title='bbox 652 3401 849 3479; x_wconf 87' lang='lat' dir='ltr'>rescripsit,</span> <span class='ocrx_word' id='word_1_249' title='bbox 871 3401 1007 3479; x_wconf 88' lang='lat' dir='ltr'>gratias</span> <span class='ocrx_word' id='word_1_250' title='bbox 1023 3403 1056 3465; x_wconf 91' lang='lat' dir='ltr'>ei</span> <span class='ocrx_word' id='word_1_251' title='bbox 1075 3421 1227 3484; x_wconf 86' lang='lat' dir='ltr'>magnas</span> <span class='ocrx_word' id='word_1_252' title='bbox 1241 3422 1365 3486; x_wconf 90' lang='lat' dir='ltr'>agens,</span> <span class='ocrx_word' id='word_1_253' title='bbox 1390 3408 1484 3489; x_wconf 89' lang='lat' dir='ltr'>quod</span> 
     </span>
     <span class='ocr_line' id='line_1_30' title="bbox 252 3505 1485 3594; baseline 0.002 -17"><span class='ocrx_word' id='word_1_254' title='bbox 252 3514 409 3594; x_wconf 87' lang='lat' dir='ltr'>aliquam</span> <span class='ocrx_word' id='word_1_255' title='bbox 424 3510 491 3591; x_wconf 90' lang='lat' dir='ltr'>ipsi</span> <span class='ocrx_word' id='word_1_256' title='bbox 506 3509 747 3585; x_wconf 85' lang='lat' dir='ltr'>cognitionem</span> <span class='ocrx_word' id='word_1_257' title='bbox 766 3505 955 3571; x_wconf 89' lang='lat' dir='ltr'>Societatis</span> <span class='ocrx_word' id='word_1_258' title='bbox 975 3509 1145 3589; x_wconf 90' lang='lat' dir='ltr'>dedisset;</span> <span class='ocrx_word' id='word_1_259' title='bbox 1168 3520 1201 3573; x_wconf 89' lang='lat' dir='ltr'>et</span> <span class='ocrx_word' id='word_1_260' title='bbox 1223 3529 1364 3576; x_wconf 91' lang='lat' dir='ltr'>omnem</span> <span class='ocrx_word' id='word_1_261' title='bbox 1383 3532 1485 3578; x_wconf 90' lang='lat' dir='ltr'>suam</span> 
     </span>
     <span class='ocr_line' id='line_1_31' title="bbox 254 3613 1483 3701; baseline 0 -17"><span class='ocrx_word' id='word_1_262' title='bbox 254 3636 398 3701; x_wconf 88' lang='lat' dir='ltr'>operam</span> <span class='ocrx_word' id='word_1_263' title='bbox 425 3619 460 3682; x_wconf 93' lang='lat' dir='ltr'>in</span> <span class='ocrx_word' id='word_1_264' title='bbox 484 3615 670 3680; x_wconf 89' lang='lat' dir='ltr'>Societatis</span> <span class='ocrx_word' id='word_1_265' title='bbox 695 3613 855 3677; x_wconf 82' lang='lat' dir='ltr'>favorem</span> <span class='ocrx_word' id='word_1_266' title='bbox 884 3614 1059 3694; x_wconf 90' lang='lat' dir='ltr'>promisit,</span> <span class='ocrx_word' id='word_1_267' title='bbox 1091 3633 1197 3696; x_wconf 91' lang='lat' dir='ltr'>quarn</span> <span class='ocrx_word' id='word_1_268' title='bbox 1227 3635 1264 3680; x_wconf 93' lang='lat' dir='ltr'>se</span> <span class='ocrx_word' id='word_1_269' title='bbox 1298 3619 1483 3698; x_wconf 87' lang='lat' dir='ltr'>ignorasse</span> 
     </span>
     <span class='ocr_line' id='line_1_32' title="bbox 254 3721 1483 3807; baseline 0 -16"><span class='ocrx_word' id='word_1_270' title='bbox 254 3727 470 3805; x_wconf 77' lang='lat' dir='ltr'>affirmabat,</span> <span class='ocrx_word' id='word_1_271' title='bbox 486 3733 519 3787; x_wconf 89' lang='lat' dir='ltr'>et</span> <span class='ocrx_word' id='word_1_272' title='bbox 534 3725 571 3787; x_wconf 93' lang='lat' dir='ltr'>in</span> <span class='ocrx_word' id='word_1_273' title='bbox 585 3732 766 3803; x_wconf 90' lang='lat' dir='ltr'>posterum</span> <span class='ocrx_word' id='word_1_274' title='bbox 780 3739 819 3784; x_wconf 88' lang='lat' dir='ltr'>se</span> <span class='ocrx_word' id='word_1_275' title='bbox 834 3721 869 3785; x_wconf 89' lang='lat' dir='ltr'>id</span> <span class='ocrx_word' id='word_1_276' title='bbox 888 3733 1216 3802; x_wconf 88' lang='lat' dir='ltr'>compensaturum,</span> <span class='ocrx_word' id='word_1_277' title='bbox 1233 3736 1267 3787; x_wconf 92' lang='lat' dir='ltr'>et</span> <span class='ocrx_word' id='word_1_278' title='bbox 1282 3726 1433 3807; x_wconf 89' lang='lat' dir='ltr'>amplius</span> <span class='ocrx_word' id='word_1_279' title='bbox 1446 3729 1483 3791; x_wconf 92' lang='lat' dir='ltr'>in</span> 
     </span>
     <span class='ocr_line' id='line_1_33' title="bbox 256 3828 1483 3914; baseline 0.002 -17"><span class='ocrx_word' id='word_1_280' title='bbox 256 3834 410 3914; x_wconf 87' lang='lat' dir='ltr'>gratiam</span> <span class='ocrx_word' id='word_1_281' title='bbox 425 3841 628 3895; x_wconf 91' lang='lat' dir='ltr'>nostrorum</span> <span class='ocrx_word' id='word_1_282' title='bbox 644 3828 862 3907; x_wconf 84' lang='lat' dir='ltr'>effecturum,</span> <span class='ocrx_word' id='word_1_283' title='bbox 879 3846 987 3908; x_wconf 90' lang='lat' dir='ltr'>quam</span> <span class='ocrx_word' id='word_1_284' title='bbox 1003 3830 1128 3909; x_wconf 89' lang='lat' dir='ltr'>reliqui</span> <span class='ocrx_word' id='word_1_285' title='bbox 1142 3848 1279 3910; x_wconf 88' lang='lat' dir='ltr'>omnes;</span> <span class='ocrx_word' id='word_1_286' title='bbox 1297 3843 1332 3896; x_wconf 90' lang='lat' dir='ltr'>et</span> <span class='ocrx_word' id='word_1_287' title='bbox 1345 3833 1395 3897; x_wconf 88' lang='lat' dir='ltr'>ita</span> <span class='ocrx_word' id='word_1_288' title='bbox 1410 3836 1483 3898; x_wconf 92' lang='lat' dir='ltr'>nul·</span> 
     </span>
     <span class='ocr_line' id='line_1_34' title="bbox 257 3935 1489 4016; baseline 0.001 -12"><span class='ocrx_word' id='word_1_289' title='bbox 257 3943 312 4006; x_wconf 93' lang='lat' dir='ltr'>lus</span> <span class='ocrx_word' id='word_1_290' title='bbox 326 3940 469 4004; x_wconf 91' lang='lat' dir='ltr'>omnino</span> <span class='ocrx_word' id='word_1_291' title='bbox 485 3937 629 4001; x_wconf 88' lang='lat' dir='ltr'>relictus</span> <span class='ocrx_word' id='word_1_292' title='bbox 644 3935 842 4010; x_wconf 84' lang='lat' dir='ltr'>videbatur,</span> <span class='ocrx_word' id='word_1_293' title='bbox 859 3935 919 4016; x_wconf 91' lang='lat' dir='ltr'>qui</span> <span class='ocrx_word' id='word_1_294' title='bbox 936 3946 1137 3999; x_wconf 90' lang='lat' dir='ltr'>nostrorum</span> <span class='ocrx_word' id='word_1_295' title='bbox 1154 3939 1339 4003; x_wconf 90' lang='lat' dir='ltr'>conatibus</span> <span class='ocrx_word' id='word_1_296' title='bbox 1351 3941 1489 4005; x_wconf 90' lang='lat' dir='ltr'>resiste·</span> 
     </span>
     <span class='ocr_line' id='line_1_35' title="bbox 257 4040 1488 4121; baseline 0.001 -9"><span class='ocrx_word' id='word_1_297' title='bbox 257 4056 327 4111; x_wconf 90' lang='lat' dir='ltr'>ret:</span> <span class='ocrx_word' id='word_1_298' title='bbox 347 4047 455 4111; x_wconf 92' lang='lat' dir='ltr'>immo</span> <span class='ocrx_word' id='word_1_299' title='bbox 478 4045 567 4107; x_wconf 89' lang='lat' dir='ltr'>haec</span> <span class='ocrx_word' id='word_1_300' title='bbox 591 4059 665 4105; x_wconf 85' lang='lat' dir='ltr'>vox</span> <span class='ocrx_word' id='word_1_301' title='bbox 687 4052 764 4105; x_wconf 89' lang='lat' dir='ltr'>erat</span> <span class='ocrx_word' id='word_1_302' title='bbox 787 4043 980 4105; x_wconf 90' lang='lat' dir='ltr'>multorum</span> <span class='ocrx_word' id='word_1_303' title='bbox 1002 4059 1024 4104; x_wconf 88' lang='lat' dir='ltr'>a</span> <span class='ocrx_word' id='word_1_304' title='bbox 1046 4040 1180 4121; x_wconf 88' lang='lat' dir='ltr'>Spiritu</span> <span class='ocrx_word' id='word_1_305' title='bbox 1207 4055 1333 4110; x_wconf 92' lang='lat' dir='ltr'>sancto</span> <span class='ocrx_word' id='word_1_306' title='bbox 1354 4057 1488 4113; x_wconf 92' lang='lat' dir='ltr'>motum</span> 
     </span>
     <span class='ocr_line' id='line_1_36' title="bbox 257 4149 1491 4231; baseline 0.001 -12"><span class='ocrx_word' id='word_1_307' title='bbox 257 4155 366 4218; x_wconf 82' lang='lat' dir='ltr'>fuisse</span> <span class='ocrx_word' id='word_1_308' title='bbox 383 4153 421 4218; x_wconf 91' lang='lat' dir='ltr'>P.</span> <span class='ocrx_word' id='word_1_309' title='bbox 439 4152 634 4231; x_wconf 88' lang='lat' dir='ltr'>ignatium,</span> <span class='ocrx_word' id='word_1_310' title='bbox 652 4149 747 4230; x_wconf 92' lang='lat' dir='ltr'>quod</span> <span class='ocrx_word' id='word_1_311' title='bbox 763 4149 1028 4228; x_wconf 84' lang='lat' dir='ltr'>bosoperarios</span> <span class='ocrx_word' id='word_1_312' title='bbox 1043 4149 1156 4214; x_wconf 88' lang='lat' dir='ltr'>Roma</span> <span class='ocrx_word' id='word_1_313' title='bbox 1177 4151 1342 4217; x_wconf 90' lang='lat' dir='ltr'>misisset.</span> <span class='ocrx_word' id='word_1_314' title='bbox 1364 4155 1408 4218; x_wconf 90' lang='lat' dir='ltr'>Et</span> <span class='ocrx_word' id='word_1_315' title='bbox 1423 4156 1491 4220; x_wconf 90' lang='lat' dir='ltr'>hoc</span> 
     </span>
     <span class='ocr_line' id='line_1_37' title="bbox 257 4249 1491 4338; baseline 0 -12"><span class='ocrx_word' id='word_1_316' title='bbox 257 4278 398 4326; x_wconf 89' lang='lat' dir='ltr'>rumore</span> <span class='ocrx_word' id='word_1_317' title='bbox 413 4259 560 4324; x_wconf 89' lang='lat' dir='ltr'>Colonia</span> <span class='ocrx_word' id='word_1_318' title='bbox 576 4249 681 4338; x_wconf 87' lang='lat' dir='ltr'>plena</span> <span class='ocrx_word' id='word_1_319' title='bbox 697 4264 792 4334; x_wconf 89' lang='lat' dir='ltr'>erat,</span> <span class='ocrx_word' id='word_1_320' title='bbox 814 4255 909 4336; x_wconf 92' lang='lat' dir='ltr'>quod</span> <span class='ocrx_word' id='word_1_321' title='bbox 931 4256 1070 4318; x_wconf 89' lang='lat' dir='ltr'>romani</span> <span class='ocrx_word' id='word_1_322' title='bbox 1086 4258 1357 4323; x_wconf 91' lang='lat' dir='ltr'>concionatores</span> <span class='ocrx_word' id='word_1_323' title='bbox 1378 4273 1412 4325; x_wconf 89' lang='lat' dir='ltr'>et</span> <span class='ocrx_word' id='word_1_324' title='bbox 1433 4262 1491 4326; x_wconf 92' lang='lat' dir='ltr'>do·</span> 
     </span>
     <span class='ocr_line' id='line_1_38' title="bbox 258 4362 1135 4441; baseline -0.008 -8"><span class='ocrx_word' id='word_1_325' title='bbox 258 4380 375 4433; x_wconf 91' lang='lat' dir='ltr'>ctores</span> <span class='ocrx_word' id='word_1_326' title='bbox 390 4385 433 4431; x_wconf 92' lang='lat' dir='ltr'>eo</span> <span class='ocrx_word' id='word_1_327' title='bbox 449 4365 640 4441; x_wconf 89' lang='lat' dir='ltr'>venisseut,</span> <span class='ocrx_word' id='word_1_328' title='bbox 658 4373 692 4426; x_wconf 91' lang='lat' dir='ltr'>et</span> <span class='ocrx_word' id='word_1_329' title='bbox 707 4363 759 4427; x_wconf 91' lang='lat' dir='ltr'>eis</span> <span class='ocrx_word' id='word_1_330' title='bbox 782 4362 1135 4441; x_wconf 88' lang='lat' dir='ltr'>congratulabantur.</span> 
     </span>
    </p>

    <p class='ocr_par' dir='ltr' id='par_1_5' title="bbox 251 4467 1494 4665">
     <span class='ocr_line' id='line_1_39' title="bbox 322 4467 1494 4558; baseline 0.002 -20"><span class='ocrx_word' id='word_1_331' title='bbox 322 4473 410 4539; x_wconf 88' lang='grc'><strong>1803.</strong></span> <span class='ocrx_word' id='word_1_332' title='bbox 453 4472 532 4558; x_wconf 88' lang='lat' dir='ltr'>Jam</span> <span class='ocrx_word' id='word_1_333' title='bbox 548 4472 593 4535; x_wconf 87' lang='lat' dir='ltr'>ab</span> <span class='ocrx_word' id='word_1_334' title='bbox 608 4471 707 4533; x_wconf 90' lang='lat' dir='ltr'>mitio</span> <span class='ocrx_word' id='word_1_335' title='bbox 724 4471 819 4550; x_wconf 90' lang='lat' dir='ltr'>anni,</span> <span class='ocrx_word' id='word_1_336' title='bbox 838 4469 966 4550; x_wconf 90' lang='lat' dir='ltr'>partim</span> <span class='ocrx_word' id='word_1_337' title='bbox 982 4468 1058 4550; x_wconf 89' lang='lat' dir='ltr'>ipse</span> <span class='ocrx_word' id='word_1_338' title='bbox 1073 4467 1110 4532; x_wconf 91' lang='lat' dir='ltr'>P.</span> <span class='ocrx_word' id='word_1_339' title='bbox 1127 4471 1346 4556; x_wconf 89' lang='lat' dir='ltr'>Leonardus,</span> <span class='ocrx_word' id='word_1_340' title='bbox 1363 4477 1494 4556; x_wconf 88' lang='lat' dir='ltr'>partim</span> 
     </span>
     <span class='ocr_line' id='line_1_40' title="bbox 251 4577 1494 4665; baseline 0.001 -18"><span class='ocrx_word' id='word_1_341' title='bbox 251 4577 298 4648; x_wconf 86' lang='lat' dir='ltr'>P.</span> <span class='ocrx_word' id='word_1_342' title='bbox 322 4583 477 4665; x_wconf 89' lang='lat' dir='ltr'>Joannes</span> <span class='ocrx_word' id='word_1_343' title='bbox 503 4579 545 4644; x_wconf 93' lang='lat' dir='ltr'>de</span> <span class='ocrx_word' id='word_1_344' title='bbox 570 4577 716 4655; x_wconf 87' lang='lat' dir='ltr'>Catena,</span> <span class='ocrx_word' id='word_1_345' title='bbox 745 4577 1061 4657; x_wconf 88' lang='lat' dir='ltr'>concionabantur,</span> <span class='ocrx_word' id='word_1_346' title='bbox 1087 4587 1121 4642; x_wconf 92' lang='lat' dir='ltr'>et</span> <span class='ocrx_word' id='word_1_347' title='bbox 1146 4579 1182 4644; x_wconf 91' lang='lat' dir='ltr'>id</span> <span class='ocrx_word' id='word_1_348' title='bbox 1200 4581 1315 4646; x_wconf 87' lang='lat' dir='ltr'>variis</span> <span class='ocrx_word' id='word_1_349' title='bbox 1332 4581 1370 4646; x_wconf 92' lang='lat' dir='ltr'>in</span> <span class='ocrx_word' id='word_1_350' title='bbox 1392 4583 1494 4663; x_wconf 91' lang='lat' dir='ltr'>locis,</span> 
     </span>
    </p>
   </div>
   <div class='ocr_carea' id='block_1_3' title="bbox 0 0 1846 5350">
    <p class='ocr_par' dir='ltr' id='par_1_6' title="bbox 0 0 1846 5350">
     <span class='ocr_line' id='line_1_41' title="bbox 0 0 1846 5350; baseline 0 0"><span class='ocrx_word' id='word_1_351' title='bbox 0 0 1846 5350; x_wconf 95' lang='lat' dir='ltr'> </span> 
     </span>
    </p>
   </div>
  </div>
 </body>
</html>
