3642 5350
246 444 250 449 .
355 395 410 455 430
813 395 940 458 Canon.
960 396 1036 457 Soc.
1055 398 1127 473 Jss.

358 540 465 619 longo
480 539 604 604 itinere
620 558 683 605 eos
703 540 876 606 Dominus
895 542 1126 623 liberaverat;
1148 553 1182 606 et
1197 561 1268 607 non
1282 560 1408 625 parum
1424 545 1582 608 consola·

357 648 474 727 tioniS,
490 648 645 711 inventis
658 647 822 712 Patribus
835 648 1102 713 lovaniensibus
1112 659 1147 713 et
1162 648 1200 713 P.
1213 649 1396 714 Bernardo
1412 649 1583 729 Oliverio,

355 765 583 835 acceperunt;
604 772 687 819 narn
709 756 912 835 praedictus
931 754 969 819 P.
994 754 1199 820 Bernartius
1216 757 1370 821 Lovanii
1384 773 1465 821 eum
1479 774 1583 839 expe-

356 862 487 941 ctabat,
506 862 565 943 qui
584 862 755 942 postridie
779 862 815 926 in
837 864 969 942 templo
989 861 1050 927 S.²¹
1071 862 1256 928 Michaelis
1274 863 1401 944 gallice
1417 882 1498 929 cum
1518 865 1584 928 fre·

355 972 477 1049 quenti
492 967 667 1033 auditorio
683 979 716 1032 et
731 985 863 1049 magna
877 970 996 1049 gratia
1011 970 1242 1034 concionatus
1256 980 1320 1034 est.

420 1074 507 1139 1848.
551 1074 699 1139 Audivit
714 1093 794 1139 eum
811 1074 847 1137 P.
864 1075 1113 1157 Ribadeneyra
1128 1085 1163 1140 et
1177 1078 1348 1141 intellexit
1362 1078 1582 1159 concionem,

357 1199 447 1263 quae
463 1198 679 1263 magnopere
694 1182 739 1245 ab
755 1199 797 1245 eo
812 1184 963 1263 probata
982 1193 1047 1246 est.
1063 1183 1197 1247 Eodem
1211 1183 1269 1247 die
1282 1185 1430 1248 latinam
1445 1186 1582 1249 concio·

356 1306 448 1367 nem,
466 1278 604 1368 agravi
622 1288 774 1369 quodam
791 1289 868 1354 viro
884 1290 1054 1365 habitam,
1076 1290 1223 1369 audivit,
1240 1292 1300 1372 qui
1318 1291 1427 1355 latine
1442 1294 1582 1356 concio·

356 1396 435 1459 nari
449 1396 573 1459 solitus
588 1404 675 1474 erat,
692 1406 726 1459 et
741 1413 812 1458 non
831 1396 978 1459 minima
998 1397 1169 1476 patientia
1188 1398 1220 1460 ei
1239 1414 1329 1478 opus
1343 1415 1421 1462 esse
1440 1399 1582 1462 videba-

355 1511 423 1578 tur,
440 1503 471 1565 si
486 1502 600 1565 denuo
616 1503 661 1565 ad
676 1502 838 1565 eumdem
852 1502 1068 1567 audiendum
1082 1502 1299 1567 redeundum
1315 1503 1450 1569 fuisset.

419 1608 507 1673 1849.
551 1608 666 1673 Tanta
692 1618 769 1672 erat
794 1607 869 1687 ejus
894 1609 994 1673 urbis
1014 1628 1057 1673 ac
1072 1610 1325 1675 Universitatis
1346 1612 1444 1676 circa
1462 1630 1582 1677 sacra·

356 1726 475 1781 menta
501 1726 534 1779 et
559 1717 749 1779 conciones
773 1715 936 1793 devotio,
964 1728 1002 1779 ut
1026 1698 1210 1798 p'raedicta
1235 1718 1424 1798 dominica,
1450 1720 1487 1782 in
1512 1737 1582 1801 qua

354 1824 461 1887 etiam
481 1824 610 1887 festum
633 1822 882 1902 conceptionis
901 1824 940 1887 B.
962 1823 1098 1887 Mariae
1114 1823 1371 1904 celebrabatur,
1392 1826 1428 1889 in
1443 1843 1581 1891 summo

354 1933 484 2011 templo
499 1930 573 1993 sere
588 1931 746 1994 sexcenti
762 1931 1115 2010 communicaverint,
1133 1941 1167 1994 et
1182 1931 1328 2010 triginta
1343 1933 1535 1997 conciones
1545 1934 1582 1997 in

354 2039 466 2102 variis
481 2038 631 2117 templiS,
649 2038 777 2115 partim
792 2036 976 2116 flandrica,
992 2038 1121 2117 partim
1136 2039 1245 2101 latina
1256 2039 1390 2117 lingua,
1407 2057 1429 2102 a
1444 2042 1580 2105 concio

354 2146 536 2210 natoribus
552 2144 752 2225 praecipuis
766 2144 908 2207 habitae
923 2144 1005 2221 sint,
1021 2153 1060 2208 ut
1076 2144 1150 2225 jam
1165 2146 1313 2210 minoris
1337 2146 1582 2211 admirationis

354 2254 509 2317 futurum
540 2250 719 2316 videretur
746 2252 854 2314 latine
879 2253 1096 2331 concionari,
1127 2270 1232 2333 quam
1259 2271 1302 2317 eo
1325 2263 1486 2333 ternpore
1511 2272 1581 2335 quo

355 2360 392 2424 P.
409 2360 622 2423 Franciscus
637 2357 764 2422 Strada
780 2358 815 2421 id
829 2358 983 2422 Lovanii
997 2360 1131 2423 iecerat
1148 2358 1168 2423 ¹.

417 2465 504 2529 1850.
549 2464 770 2545 Significavit
785 2475 902 2529 autem
919 2465 1084 2530 Patribus
1103 2466 1287 2531 Bernardo
1302 2478 1337 2531 et
1356 2467 1516 2533 Adriano
1537 2471 1582 2533 si·

355 2576 427 2638 mul
441 2573 535 2655 quod
550 2574 585 2636 in
600 2571 778 2636 mandatis
798 2590 819 2634 a
839 2571 877 2635 P.
898 2573 1038 2653 ignatio
1054 2574 1237 2652 habuerat,
1258 2586 1297 2638 ut
1312 2575 1458 2655 scilicet,
1474 2576 1582 2640 latine

355 2685 431 2762 ipse
442 2683 725 2758 concionaretur,
738 2690 773 2743 et
784 2681 864 2743 ideo
875 2698 938 2762 per
950 2679 1138 2745 Rectorem
1149 2681 1412 2762 Universitatis,
1426 2683 1486 2763 qui
1498 2685 1582 2747 ami·

354 2789 518 2852 cissimus
542 2797 618 2851 erat
642 2786 823 2866 Societati,
844 2797 878 2851 et
898 2788 989 2851 alios
1007 2787 1201 2852 familiares
1215 2791 1413 2853 curandum
1432 2807 1521 2868 esse,
1544 2798 1582 2853 ut

353 2895 429 2975 ipse
444 2893 481 2958 P.
498 2893 747 2974 Ribadeneyra
763 2893 808 2958 ad
823 2894 1101 2974 praedicandum
1114 2894 1223 2958 latine
1238 2897 1460 2960 invitaretur.
1474 2895 1581 2961 Scho-

354 3002 469 3066 lastici
484 3002 591 3065 etiam
606 3001 757 3082 hispani,
774 3001 833 3081 qui
847 3000 1001 3064 Lovanii
1015 3002 1262 3081 versabantur,
1276 3005 1489 3082 postulaturi
1500 3021 1580 3067 con·

354 3109 475 3172 ciones
489 3109 694 3188 hispanicas
708 3108 924 3186 ferebantur,
947 3118 980 3172 et
1001 3108 1210 3173 decreverat
1231 3127 1332 3173 suam
1346 3111 1415 3174 illis
1436 3127 1582 3191 operam

355 3225 549 3296 praestare,
566 3226 603 3279 ut
618 3233 656 3279 se
672 3224 855 3280 exerceret
870 3215 917 3279 ad
930 3215 1133 3297 huJ'usmodi
1147 3218 1348 3298 conciones,
1361 3219 1397 3281 in
1409 3220 1490 3281 aula
1503 3218 1580 3282 bru·

354 3322 502 3385 xellensi
517 3322 709 3402 habendas,
731 3322 825 3403 quod
848 3341 868 3386 a
890 3323 997 3387 Patre
1019 3324 1126 3386 etiam
1145 3324 1284 3404 ignatio
1298 3325 1583 3390 commendatum

354 3428 422 3509 ipsi
436 3429 552 3494 fuerit.

418 3535 506 3599 1851.
551 3536 723 3616 Quamvis
738 3548 857 3602 autem
872 3538 1027 3602 Domino
1043 3539 1148 3602 Petro
1167 3537 1211 3602 de
1229 3538 1358 3602 Zarate
1377 3539 1491 3604 ‘nihil
1511 3547 1584 3602 ten·

355 3642 502 3706 tandum
517 3661 594 3708 esse
615 3644 804 3709 videbatur
822 3663 936 3727 usque
956 3645 1002 3709 ad
1021 3645 1277 3725 profectionem
1296 3646 1526 3726 Imperatoris
1548 3647 1584 3709 in

354 3748 564 3830 Hispaniam
581 3761 615 3814 et
630 3751 822 3816 adventum
842 3752 880 3815 P.
907 3753 1044 3832 Araoz;
1060 3752 1143 3834 quia
1164 3749 1308 3833 [tamen]
1328 3763 1514 3832 utrumque
1535 3753 1585 3816 in·

354 3867 490 3920 certum
502 3867 590 3938 erat,
606 3856 878 3940 [Ribadeneyra]
893 3859 986 3941 quod
998 3859 1036 3923 P.
1050 3859 1209 3940 Ignatius
1221 3858 1356 3923 Romae
1371 3858 1582 3942 injunxerat,

355 3973 510 4043 secutus,
526 3965 711 4030 Bruxellas
727 3965 772 4030 ad
788 3967 924 4030 curiam
939 3984 977 4030 se
993 3967 1152 4046 contulit;
1169 3967 1265 4031 ubia
1285 3965 1329 4034 D.
1346 3966 1475 4031 Alexio
1495 3966 1584 4032 Fon·

355 4121 555 4134 *oa—.-

353 4204 414 4252 dits.
425 4205 531 4250 Extralt
542 4207 572 4250 de
583 4209 609 4251 la
619 4207 707 4252 Revue
718 4208 812 4253 Precis
821 4209 993 4263 historiques,
1004 4208 1064 4252 1886.
1074 4208 1164 4253 Etiam
1179 4207 1299 4255 Otrvaarr
1313 4207 1443 4260 limenun,
1457 4207 1496 4254 De
1505 4211 1586 4255 rebus

355 4275 496 4321 societatis
504 4277 572 4334 jesu
584 4279 806 4335 Commentarius,
816 4293 857 4326 nn.
866 4281 894 4324 23
903 4288 929 4324 et
940 4293 1011 4336 seqq.
1022 4286 1049 4324 et
1061 4279 1156 4325 Cartas
1166 4281 1199 4324 de
1211 4280 1266 4324 San
1276 4280 1396 4335 Ignact'o,
1406 4287 1426 4325 t.
1437 4293 1473 4336 vr,
1484 4282 1586 4338 Appen·

352 4347 397 4391 dlx
408 4359 433 4402 11,
445 4360 503 4403 pag.
514 4351 679 4395 ombus-De
690 4351 829 4397 Francisco
840 4351 967 4397 Ghiralrlo
977 4353 1073 4396 mentio
1082 4362 1163 4406 supra
1172 4351 1243 4396 facta
1254 4360 1303 4404 est.
1313 4359 1333 4397 t.
1343 4363 1380 4406 tv,
1389 4365 1450 4409 pag.
1463 4355 1499 4404 39,
1510 4365 1535 4398 n.
1545 4354 1584 4400 ⁵6.

396 4421 404 4451 ¹
433 4420 499 4464 Vide
514 4421 653 4477 Epistotae
664 4422 774 4478 Mixtus,
786 4430 805 4470 t.
816 4435 832 4477 r,
845 4435 905 4480 pag.
918 4425 965 4480 lto,
983 4425 1030 4478 1⁴7,
1046 4424 1092 4480 tot,
1105 4424 1150 4478 toa
1162 4422 1258 4468 Canas
1272 4425 1306 4468 de
1316 4425 1371 4468 San
1389 4425 1510 4480 Ιςκαεῐο,
1519 4432 1539 4470 t.
1551 4435 1586 4482 vt,

356 4492 475 4546 rav-⁵⁶1·
666 4535 670 4544 .

395 4564 407 4595 ²
434 4565 500 4610 Erat
511 4568 532 4610 is
543 4565 684 4612 Societatls
698 4567 876 4622 amicissimus,
894 4571 922 4610 ut
939 4565 1130 4620 saepedictum
1147 4571 1196 4609 est.
1209 4566 1275 4610 Vide
1295 4577 1383 4622 supra,
1403 4575 1421 4610 t.
1437 4577 1474 4621 m,
1491 4577 1553 4622 pag.
1564 4566 1586 4622 5,

355 4649 381 4684 n.
393 4640 411 4680 l.
424 4637 513 4684 Etiam
521 4640 590 4684 inira
600 4646 718 4685 recurret
728 4639 759 4683 de
770 4639 859 4683 eodem
870 4638 927 4682 viro
937 4637 1042 4685 mentio.
1053 4649 1078 4682 n.
1090 4637 1150 4682 1862.
