3642 5350
776 425 840 487 Ati.
862 426 934 487 1556
1415 426 1464 487 181

236 567 409 633 Mutinam
423 568 531 635 etiam
552 585 591 633 se
605 570 765 650 contulit,
784 570 844 634 ubi
866 571 1004 635 externi
1017 588 1089 635 nou
1104 570 1381 636 admittebantur
1395 572 1465 636 nisi

237 675 403 740 sanitatis
417 692 504 739 suae
518 676 759 741 testimonium
774 676 955 743 adferrent
969 677 991 741 ¹.

296 780 368 846 662.
411 781 581 863 Cupiebat
596 794 715 849 autem
729 784 927 863 intelligere
937 783 981 849 de
995 784 1074 849 viro
1086 783 1252 865 quodam,
1265 800 1371 864 quem
1385 782 1465 848 Fio·

237 888 379 953 rianum
393 886 482 952 Ruiz
497 890 660 969 superius
673 890 947 968 nominavimus,
963 890 1023 973 qui
1037 889 1102 954 sub
1117 890 1259 954 nomine
1273 888 1465 955 Societatis

239 996 388 1059 multum
400 996 632 1076 pecuniarum
647 1007 682 1061 et
697 994 831 1061 Romae
850 1007 885 1060 et
904 998 946 1075 in,
960 999 1072 1063 variis
1089 998 1285 1080 Hispaniae
1302 998 1393 1061 iocis
1408 1014 1466 1061 ac·

237 1110 382 1181 ceperat
396 1099 419 1180 ¹,
436 1118 541 1182 quem
554 1100 584 1165 F
585 1103 743 1167 errariae
763 1112 907 1185 captum
921 1101 960 1167 P.
980 1103 1189 1169 Pelletarius
1202 1103 1407 1184 scripserat,
1430 1115 1466 1167 et

236 1208 355 1290 aliqua
370 1208 526 1273 Mutinae
542 1208 585 1273 de
599 1227 642 1273 eo
656 1209 806 1289 intelligi
819 1228 926 1292 posse
939 1212 1144 1292 scripserat.

296 1313 367 1379 663.
411 1314 500 1381 Cum
522 1318 566 1379 ad
591 1326 713 1397 portas
738 1318 949 1382 accessisset
963 1316 987 1397 ⁸,
1008 1318 1149 1399 ingredi
1172 1317 1372 1399 prohibitus
1399 1326 1465 1381 est.

235 1421 337 1487 Tunc
346 1420 451 1502 jussit
466 1425 610 1488 evocari
625 1424 810 1505 Collegioli
829 1423 1040 1490 Mutinensis
1058 1425 1258 1501 Rectorem,
1274 1434 1310 1488 et
1329 1440 1411 1488 cum
1427 1423 1465 1487 in

235 1529 390 1610 bospitio
405 1529 559 1611 quodam
572 1539 675 1596 extra
694 1528 868 1597 Mutinam
887 1530 1127 1611 divertissent,
1151 1529 1320 1613 postridie
1343 1528 1467 1595 habitu

237 1637 387 1716 urbano,
403 1637 506 1718 quasi
520 1636 799 1717 deambulantes,
821 1636 995 1703 Mutinam
1008 1638 1163 1717 ingressi
1178 1647 1272 1702 suut.
1293 1635 1365 1701 Sed
1384 1652 1467 1701 cum

237 1743 274 1807 id
288 1751 411 1825 postea
426 1744 561 1808 nobiles
574 1744 729 1825 quidam,
747 1744 875 1827 quibus
888 1744 1052 1809 sanitatis
1069 1762 1156 1809 cura
1167 1743 1358 1807 commissa
1373 1752 1464 1821 erat,

236 1849 504 1930 intellexissent,
520 1850 718 1931 Collegium
732 1852 902 1915 adeuntes
919 1861 955 1915 et
969 1852 1067 1917 duris
1081 1850 1201 1914 verbis
1214 1858 1358 1913 nostros
1372 1849 1476 1923 cxcix

237 1956 394 2037 pientes,
426 1955 605 2038 Jusserunt
636 1958 674 2022 Ρ.
700 1957 934 2023 Franciscum
962 1958 1135 2023 Palmium
1163 1966 1265 2031 extra
1292 1956 1467 2022 Mutinam

238 2064 373 2144 egredi.
395 2064 487 2128 Aliis
506 2074 624 2129 autem
644 2062 884 2145 injunxerunt,
907 2074 946 2128 ut
964 2065 1061 2129 domi
1076 2080 1116 2129 se
1141 2062 1375 2143 continerent,
1399 2078 1466 2126 nec

237 2173 315 2237 sine
329 2170 489 2252 ipsorum
502 2170 644 2236 licentia
664 2172 930 2253 egrederentur.

295 2277 368 2365 664.
410 2277 578 2343 Vicarius
592 2278 719 2343 deinde
732 2278 770 2343 P.
788 2277 1000 2360 Philippum,
1013 2278 1248 2342 Mutinensem
1263 2273 1464 2355 Rectorem,

239 2384 397 2464 vocavit,
412 2384 514 2465 eique
529 2383 618 2449 dixit
631 2400 721 2465 opus
732 2402 810 2449 esse
825 2384 871 2449 ad
885 2384 1120 2465 mitigandam
1130 2384 1271 2447 illorum
1281 2382 1464 2447 homiuum

237 2490 471 2569 iracundiam,
487 2501 527 2555 ut
541 2491 577 2555 in
591 2491 703 2573 ipsius
718 2491 881 2556 cubiculo
896 2491 943 2556 ad
957 2490 1065 2555 horas
1080 2491 1215 2570 aliquot
1228 2504 1465 2553 commorare·

238 2611 308 2677 tur,
321 2596 434 2662 donec
447 2616 469 2661 a
481 2595 631 2677 prandio
642 2597 804 2663 homines
817 2599 897 2663 illos
908 2598 1127 2677 conveniret,
1144 2606 1184 2661 ut
1193 2596 1245 2660 eis
1256 2595 1375 2660 dicere
1385 2612 1466 2677 pos·

236 2715 292 2772 set
305 2705 400 2787 quod
413 2721 495 2770 eum
510 2705 605 2770 domi
618 2722 704 2772 suae
719 2708 756 2770 in
770 2706 932 2770 custodia
947 2704 1133 2781 retinebam
1155 2703 1220 2768 sed
1240 2702 1361 2767 statim
1377 2703 1466 2768 ami·

238 2829 302 2878 cus
315 2821 436 2877 noster
450 2811 622 2876 Hercules
635 2811 798 2893 Purinus,
815 2813 950 2876 nobiles
963 2813 1043 2877 11103
1061 2813 1246 2889 allocutus,
1263 2809 1465 2873 libertatern

238 2918 382 2984 Rectori
396 2917 523 2982 eodem
536 2917 592 2982 die
612 2918 815 2999 impetravit

295 3023 368 3088 665.
410 3023 628 3090 intellectum
642 3032 696 3088 est
710 3034 828 3090 autem
843 3023 937 3105 quod
949 3034 1022 3088 tres
1033 3023 1094 3102 iili,
1107 3023 1167 3106 qui
1182 3024 1248 3088 has
1259 3021 1467 3103 tragoedias

235 3132 437 3196 excitarunt
455 3140 642 3212 praetextu
656 3132 836 3210 sanitatis,
858 3149 931 3194 non
949 3132 1064 3194 solum
1080 3129 1186 3194 alieni
1205 3129 1386 3210 anostris,
1403 3129 1465 3192 sed

235 3240 275 3303 iu
294 3238 361 3302 fide
382 3239 489 3302 etiam
511 3255 637 3318 parum
658 3237 787 3302 sinceri
807 3237 1033 3302 haberentur.
1058 3236 1114 3301 Ex
1128 3235 1184 3300 his
1202 3247 1321 3300 tamen
1347 3235 1468 3300 doceri

235 3344 350 3410 nostri
372 3353 562 3426 potuerunt
576 3362 648 3409 non
661 3343 765 3410 facile
780 3345 896 3409 edicta
912 3345 1068 3409 civitatis
1083 3342 1286 3424 transgredi
1301 3351 1467 3424 oportere

234 3453 273 3516 in
286 3451 353 3531 1111,
370 3467 462 3534 quae
476 3451 669 3515 secundum
686 3451 859 3516 rationem
874 3451 1132 3532 praescribunt.

297 3555 369 3622 666.
412 3555 483 3623 Sub
503 3557 641 3623 initium
659 3555 877 3638 Septembris
897 3575 1003 3622 casus
1021 3557 1176 3639 quidam,
1192 3567 1230 3621 ut
1249 3556 1466 3638 inopinatuS,

236 3666 288 3728 ita
312 3664 419 3729 etiam
442 3664 593 3728 acerbus
614 3666 745 3729 nostris
763 3664 1045 3729 Bononiensibus
1068 3665 1210 3728 accidit.
1237 3661 1469 3728 Sebastianus

236 3771 308 3847 ilie,
324 3771 536 3853 cognomine
548 3763 924 3850 Meghensis,'natione
943 3772 1059 3851 gallus
1074 3769 1098 3847 ⁸,
1114 3771 1175 3852 qui
1188 3769 1366 3834 secundae
1380 3770 1469 3834 clas·

187 4026 194 4040 ·
280 4011 289 4044 ¹
319 4011 431 4066 Propter
440 4019 539 4066 peatern
550 4011 659 4068 scilicet,
668 4023 733 4067 quae
744 4012 770 4058 in
780 4011 863 4056 varila
874 4010 966 4057 italiae
976 4011 1041 4057 iocia
1048 4013 1097 4056 boc
1106 4022 1175 4056 auno
1186 4012 1367 4067 graasabatur.

279 4080 292 4115 ¹
322 4081 386 4128 Vide
396 4094 485 4134 11111,
495 4089 550 4135 t.u.
560 4094 620 4138 pag.
632 4083 664 4137 to,
679 4095 704 4128 n.
718 4083 752 4138 2⁹,
764 4091 790 4128 et
804 4094 864 4140 pag.
880 4082 929 4137 351,
944 4095 970 4128 1.
984 4083 1034 4138 388;
1049 4083 1092 4128 nbi
1104 4083 1182 4138 huius
1195 4080 1311 4127 Floriani
1327 4093 1469 4137 cognomen

238 4151 317 4196 Roit's
325 4154 461 4208 perspicue
473 4153 609 4198 admodum
620 4165 635 4198 a
646 4153 752 4198 Poianci
764 4155 872 4199 librario
882 4154 1008 4209 scriptum
1019 4160 1045 4197 et
1055 4164 1102 4198 nos
1112 4151 1330 4207 transcripsimus
1340 4159 1366 4196 et
1377 4152 1468 4197 eadem

235 4221 422 4280 perspicuitate
439 4223 522 4269 denuo
536 4225 693 4280 conspicitur
707 4225 784 4279 inira,
799 4237 824 4270 n.
838 4225 886 4270 902.
902 4225 952 4270 ilic
966 4232 1055 4270 autem
1068 4231 1179 4280 apparet
1194 4234 1287 4268 nomen
1303 4225 1372 4277 ruia,
1385 4224 1469 4277 Rutu·

234 4295 297 4340 iicet
307 4305 356 4340 non
368 4296 407 4340 ita
416 4296 559 4350 perspicua
570 4306 630 4340 111
639 4297 765 4352 scriptum
774 4295 879 4342 videtur
890 4299 954 4341 ntia.
965 4296 1000 4341 Et
1010 4296 1149 4352 tequidem
1163 4306 1227 4339 vere
1238 4305 1383 4350 cognomen
1395 4297 1469 4340 Rue'e

234 4367 373 4421 hispanum
380 4373 421 4411 111
431 4378 481 4412 non
491 4367 622 4422 rotonum
634 4367 771 4414 Florianus
781 4375 868 4413 autem
877 4369 926 4413 iste
934 4368 1047 4414 Polonus
1056 4374 1116 4413 1111
1126 4380 1139 4411 1
1152 4365 1292 4412 Varsovia.
1301 4367 1386 4422 Quare
1393 4369 1469 4413 reati·

237 4438 361 4484 tuendum
372 4439 452 4484 etiam
462 4439 504 4484 hic
514 4439 692 4485 existimamus
703 4451 844 4495 cognomen
855 4439 940 4485 Roir's.

278 4509 291 4539 i
318 4508 347 4554 P.
357 4507 516 4555 Franciecna
531 4509 655 4556 Palatina.

278 4581 291 4614 ⁴
316 4579 364 4626 liic
376 4581 419 4626 lile
428 4583 518 4637 procui
528 4582 605 4627 dubio
614 4589 663 4638 111,
674 4585 717 4638 qul
729 4584 852 4630 l.⁰“anno
863 4585 923 4638 taba,
934 4583 992 4637 Jau.
1003 4585 1022 4628 l.
1032 4583 1102 4629 dedit
1113 4595 1141 4629 ae
1152 4595 1209 4629 cum
1224 4583 1283 4628 11111
1298 4591 1410 4640 quatuor
1420 4585 1468 4628 rub

237 4657 302 4696 roto
312 4651 438 4699 societati
447 4651 535 4706 Jeau...
546 4665 603 4698 cum
613 4665 709 4710 magua
720 4657 857 4703 devotione
868 4663 893 4700 11
909 4657 1049 4701 alacritate
1064 4657 1091 4701 in
1101 4655 1212 4702 camera
1226 4666 1307 4700 aurea
1316 4655 1470 4710 (Coloniae),
