3642 5350
345 430 402 494 898
805 434 935 495 Canon.
955 433 1032 494 Soc.
1054 433 1124 508 Jss.
1178 449 1181 458 ’

348 578 471 659 etiam,
488 580 549 660 qui
571 581 607 644 in
626 583 751 647 eadem
773 582 926 647 ecclesia
941 583 1141 662 portionem
1160 581 1315 645 habebat
1335 589 1415 662 post
1435 597 1586 662 genera·

348 686 419 750 lem
445 686 657 768 portionem,
683 689 833 754 arbitrio
855 688 1046 753 Societatis
1060 705 1099 750 se
1114 687 1301 765 commisit,
1324 687 1493 768 quidquid
1513 688 1581 769 ipsi

348 790 552 874 injungeret
563 794 735 860 facturus.

409 899 502 965 2579.
546 899 708 981 Quatuor
722 902 783 966 alii
798 902 982 967 Concham
996 900 1096 966 missi
1107 899 1259 979 fuerant,
1271 899 1331 980 qui
1342 899 1581 964 valetudinem

348 1014 531 1087 curantes,
547 1006 616 1072 hnc
631 1017 768 1074 aestate
783 1009 820 1074 in
835 1007 1047 1089 quibusdam
1060 1006 1269 1085 lutheranis,
1293 1007 1353 1087 qui
1372 1006 1418 1069 ab
1436 1005 1581 1088 Inquisi-

348 1113 487 1180 toribus
512 1114 560 1180 ad
583 1116 838 1196 poenitentiam
857 1115 1006 1180 admissi
1030 1114 1183 1190 fuerant,
1209 1113 1435 1192 instruendis,
1460 1113 1582 1178 utilem

348 1238 497 1302 operam
512 1221 772 1303 impenderunt.

410 1325 503 1392 2580.
547 1328 651 1393 Alius
665 1330 821 1411 quidam,
836 1329 1050 1394 Madridium
1067 1328 1207 1406 missus,
1223 1345 1295 1392 non
1309 1329 1523 1393 mediocrem
1537 1343 1590 1391 ex

351 1449 394 1498 eo
409 1435 542 1514 populo
555 1434 713 1500 fructum
730 1436 933 1516 colligeba13
949 1446 985 1499 et
998 1436 1163 1517 quamvis
1177 1443 1322 1516 propter
1344 1435 1459 1498 edicta
1479 1452 1583 1516 quae·

352 1540 435 1605 dam
450 1541 725 1625 Archiepiscopi
742 1542 751 1575 ¹
767 1553 802 1608 et
817 1542 1205 1608 excommunicationes
1220 1551 1344 1606 contra
1355 1542 1512 1606 fautores
1522 1539 1585 1606 So·

352 1647 494 1712 cietatis
507 1659 653 1714 nostrae
668 1649 927 1731 impediebatur
947 1651 1027 1731 pius
1048 1648 1124 1731 eJus
1143 1659 1308 1727 conatus;
1328 1648 1447 1712 effecit
1466 1657 1589 1712 tamen

352 1755 477 1820 divina
491 1756 729 1837 providentia,
746 1768 784 1822 ut
798 1767 963 1837 coeptum
978 1773 1078 1838 opus,
1095 1754 1392 1836 quemadmodum
1407 1765 1590 1836 coeperat,

355 1863 490 1928 utiliter
504 1874 790 1945 prosequeretur.

413 1969 505 2034 2581.
551 1970 672 2036 Mense
686 1971 886 2054 Septembri
896 1969 972 2053 jam
986 1970 1061 2036 lere
1075 1989 1198 2036 ornnes
1209 1971 1400 2050 redierant,
1413 1981 1448 2034 et
1460 1987 1585 2051 oppor-

354 2085 449 2156 tune,
466 2095 584 2142 cuma
601 2079 732 2157 multis,
749 2079 987 2159 spiritualium
1002 2079 1254 2142 exercitiorum
1270 2078 1405 2159 gratia,
1423 2086 1586 2158 expecta·

354 2193 489 2247 rentur.
506 2183 639 2248 Docuit
650 2194 768 2249 autem
781 2185 1000 2266 experientia
1013 2186 1203 2249 multorum
1215 2202 1388 2249 annorum
1402 2185 1438 2249 in
1451 2193 1593 2248 aestate

354 2306 426 2355 non
440 2291 622 2372 expedire,
638 2302 677 2355 ut
691 2293 790 2356 multi
806 2309 853 2356 ex
866 2293 1000 2357 nostris
1016 2291 1193 2373 Compluti
1207 2303 1403 2373 manerent,
1416 2293 1485 2356 nisi
1496 2309 1588 2356 mor·

354 2397 411 2462 bis
424 2398 587 2479 plurimis
601 2410 636 2462 et
651 2400 810 2463 molestis
825 2400 951 2463 vexari
967 2401 1117 2478 vellent;
1138 2409 1173 2462 et
1194 2400 1242 2464 ita
1266 2400 1423 2464 omnium
1441 2400 1595 2464 faculta-

355 2513 432 2569 tum
446 2506 616 2570 lectiones
630 2506 667 2570 in
682 2515 818 2570 aestate
832 2505 1013 2586 Compluti
1028 2515 1180 2584 cessant,
1198 2516 1231 2570 et
1246 2505 1322 2586 ejus
1337 2488 1596 2571 Universitatis

357 2612 564 2679 scholastici
578 2614 648 2679 alio
664 2614 863 2679 concedunt
882 2630 994 2695 usque
1016 2614 1062 2679 ad
1081 2624 1307 2695 autumnum;
1331 2631 1411 2680 cum
1430 2615 1518 2697 ipsis
1538 2623 1588 2680 ta-

357 2736 439 2785 men
465 2723 767 2803 complutensibus
791 2738 951 2802 semper,
979 2722 1040 2802 qui
1064 2740 1109 2785 ex
1130 2722 1263 2786 nostris
1282 2723 1319 2785 in
1340 2722 1498 2803 Collegio
1517 2740 1588 2786 ma·

357 2837 454 2906 nent,
470 2830 694 2893 exercendae
709 2828 898 2894 charitatis
913 2828 1140 2894 occasionem
1153 2830 1295 2893 habent.

416 2932 509 2999 2582.
551 2934 687 3001 Nobilis
701 2937 771 3013 ille,
788 2952 893 3017 quem
914 2934 1021 3015 paulo
1042 2944 1124 2998 ante
1148 2934 1302 2999 diximus
1325 2934 1349 3013 ¹,
1371 2935 1414 2997 ad
1435 2932 1596 2999 Societa—

358 3049 430 3105 tem
443 3042 602 3106 animum
616 3042 803 3123 adjecisse,
819 3041 1080 3122 primogenitus
1095 3049 1184 3119 erat,
1198 3050 1233 3105 et
1245 3042 1338 3122 patri
1353 3058 1418 3104 suo
1433 3040 1469 3104 in
1483 3038 1596 3121 majo-

358 3147 485 3226 ricatu,
502 3165 607 3229 quem
622 3158 764 3224 vocant,
782 3163 1027 3225 successurus,
1046 3147 1105 3228 qui
1125 3163 1350 3228 summopere
1370 3164 1450 3211 eum
1473 3146 1592 3227 dilige·

359 3252 437 3331 bat;
467 3262 503 3317 et
530 3254 614 3335 quia
641 3272 858 3336 propensum
886 3253 932 3318 ad
962 3253 1081 3318 studia
1111 3270 1191 3317 eum
1220 3270 1298 3317 esse
1324 3254 1598 3331 observaverat,

360 3362 490 3425 timens
509 3360 568 3425 ille
588 3380 632 3425 ne
652 3362 863 3442 religionem
878 3360 1138 3440 ingrederetur,
1156 3378 1177 3422 a
1193 3359 1319 3423 studiis
1338 3378 1418 3424 eum
1436 3376 1594 3423 remove-

360 3476 430 3547 rat;
444 3468 567 3532 sedne
581 3469 633 3532 sic
653 3468 794 3550 quidem
813 3470 1040 3531 vocationem
1062 3465 1132 3530 Dei
1153 3466 1323 3547 impedire
1342 3467 1472 3547 potuit,
1492 3476 1528 3529 et
1549 3467 1599 3529 ad

360 3572 400 3638 P.
417 3573 650 3640 Franciscum
664 3576 848 3656 Borgiam,
864 3574 1042 3639 Simancis
1056 3573 1273 3654 probandus,
1291 3574 1421 3637 missus
1434 3582 1499 3637 est.

420 3681 514 3747 2583.
556 3682 785 3763 Aedilicium,
814 3684 850 3746 in
875 3681 1035 3761 Collegio
1060 3680 1282 3759 inchoatum,
1306 3681 1343 3743 in
1365 3680 1434 3744 hac
1459 3688 1596 3743 aestate

361 3790 542 3869 prosecuti
560 3800 644 3855 sunt
668 3792 782 3855 nostri
806 3790 1011 3870 diligenter,
1038 3788 1204 3869 quamvis
1227 3800 1420 3868 paupertas
1445 3786 1598 3867 Collegii

361 3914 435 3960 non
449 3898 638 3962 mediocris
653 3907 742 3977 erat,
759 3896 822 3961 sed
838 3896 960 3961 divina
975 3896 1116 3963 bonitas
1130 3896 1242 3959 variis
1256 3894 1372 3959 modis
1383 3896 1457 3959 suis
1468 3895 1595 3959 subve-

362 4003 493 4068 niebat.

423 4111 468 4175 Et
482 4112 572 4176 haec
587 4112 631 4175 de
646 4110 805 4187 Collegio
822 4110 1079 4190 complutensi.

407 4457 416 4491 Ι
444 4457 552 4510 Joannlo
561 4456 689 4501 Martlnez
700 4455 832 4511 Guljarro,
842 4456 885 4509 qul
896 4456 976 4508 vulgo
987 4452 1105 4507 siliceum
1116 4456 1147 4497 de
1160 4465 1209 4509 qno
1221 4454 1285 4499 satis
1293 4454 1376 4498 multa
1385 4454 1411 4498 ln
1419 4452 1602 4508 superlorlbue

368 4530 421 4572 vol.
432 4536 459 4574 et
471 4528 566 4573 cartas
575 4528 609 4572 de
620 4526 676 4571 San
692 4526 803 4581 Ignncio
812 4527 883 4570 dicta
893 4532 962 4570 sunt.
974 4524 1044 4577 Quae
1055 4536 1118 4569 vero
1134 4526 1175 4569 hic
1192 4526 1298 4579 attinglt
1314 4524 1455 4579 Polancus,
1473 4524 1554 4567 babeo
1571 4524 1601 4568 in

368 4598 492 4643 Litterae
502 4598 739 4652 Quadrimestres,
747 4604 766 4641 t.
775 4609 811 4651 rv,
822 4608 884 4652 pag.
893 4597 943 4641 5¹2⁴.

407 4672 419 4703 ⁸
446 4670 540 4727 Supra,
551 4682 574 4716 n.
585 4670 650 4715 asto.
