3642 5350
797 417 926 479 Cnaou.
945 416 1021 477 Soc.
1041 417 1111 491 Jas.

339 565 402 628 stri
426 574 567 644 praesto
583 572 695 627 erant.
713 561 825 644 Maj0r
841 564 961 643 itaque
976 536 1183 627 et'crebrior
1194 560 1385 624 lectionum
1397 574 1482 621 usus
1495 568 1570 621 tarn

339 670 545 751 Scripturas
569 687 675 752 quam
691 687 838 733 casuum
859 670 1110 748 conscientiae,
1127 679 1164 733 ut
1185 668 1349 745 diximus,
1367 664 1461 729 eoin
1477 674 1571 728 tem·

339 779 397 859 plo
413 785 500 841 erat.

398 883 468 947 309.
513 883 552 947 ln
572 885 793 949 xenodochio
815 886 956 949 interim
976 894 1011 947 et
1033 884 1112 947 aliis
1126 882 1215 945 locis
1233 878 1308 961 ejus
1323 880 1443 960 oppidi
1459 896 1570 959 saepe

339 1008 360 1053 a
375 987 546 1053 fratribus
561 992 787 1055 scholasticis
803 993 999 1055 conciones
1013 989 1246 1054 habebantur.

398 1096 467 1161 310.
513 1096 661 1177 Propria
683 1099 810 1162 messis
831 1100 952 1179 templi
967 1098 1161 1161 Lauretani
1176 1098 1212 1160 in
1232 1093 1428 1157 ministerio
1451 1108 1574 1156 sacra·

337 1216 537 1267 mentorum
552 1216 640 1284 erat;
666 1223 749 1269 nam
768 1217 882 1271 totum
906 1206 980 1269 fere
995 1204 1133 1285 pondus
1147 1201 1409 1266 confessionum
1426 1199 1567 1262 audien-

337 1311 463 1374 darum
478 1310 514 1373 in
536 1311 703 1374 humeros
720 1324 926 1377 nostrorum
946 1312 1130 1391 vergebat,
1147 1328 1228 1373 cum
1248 1308 1355 1389 pauci
1369 1316 1487 1369 essent
1510 1306 1572 1386 qul

337 1434 409 1481 non
424 1418 567 1480 mallent
582 1418 713 1481 nostris
728 1436 834 1499 quam
850 1420 929 1481 aliis
947 1416 1116 1493 confiteri;
1136 1426 1172 1479 et
1191 1418 1384 1479 multorum
1396 1414 1570 1476 bonorum

337 1541 382 1587 ex
402 1523 682 1587 confessionibus
701 1526 992 1605 consequentium
1016 1524 1227 1604 praesertim
1246 1538 1333 1601 erga
1358 1519 1569 1602 peregrinos

337 1648 382 1693 ex
398 1641 623 1693 sacramento
638 1630 872 1696 confessionis
890 1632 1054 1711 prodibat
1075 1630 1238 1709 occasio;
1254 1629 1314 1709 qui
1332 1628 1426 1691 enim
1446 1627 1503 1689 vel
1525 1642 1573 1689 ex

338 1736 482 1817 propria
508 1738 727 1816 experientia
752 1742 880 1803 velex
907 1738 1003 1802 fama
1029 1739 1179 1819 permoti
1206 1756 1252 1800 ex
1277 1736 1389 1799 variis
1413 1734 1502 1797 locis
1525 1748 1568 1795 ac

337 1844 446 1907 etiam
460 1844 664 1923 regionibus
690 1844 896 1910 adnostros
918 1846 1166 1923 convolabant,
1193 1845 1270 1908 sive
1285 1841 1462 1924 principes
1485 1841 1572 1917 viri,

338 1950 569 2013 ecclesiastici
587 1960 621 2013 et
636 1953 849 2030 saeculares,
869 1954 946 2016 sive
961 1951 1097 2033 plebeji,
1111 1961 1146 2015 et
1161 1950 1302 2033 quidem
1317 1949 1499 2028 utriusque
1513 1963 1567 2010 se·

341 2074 423 2135 xus,
451 2055 596 2121 vivendi
620 2058 794 2122 rationem
823 2059 868 2122 ad
894 2060 1140 2140 perfectiorem
1173 2056 1241 2121 Dei
1266 2056 1399 2119 cultum
1427 2064 1461 2117 et
1491 2070 1574 2134 pro-

337 2162 453 2243 prium
473 2162 670 2242 profectum
685 2164 855 2244 majorem
870 2177 904 2229 et
925 2167 971 2229 ad
986 2182 1131 2229 suorum
1152 2164 1347 2228 officiorum
1362 2171 1498 2225 rectam
1509 2161 1568 2223 ad·

337 2268 634 2333 ministrationem
647 2272 825 2351 petebant.
841 2272 886 2335 Et
902 2273 1114 2336 cernebatur
1133 2273 1170 2335 in
1182 2272 1269 2352 ipsis
1284 2268 1572 2332 confessionibus

338 2377 514 2439 maximus
540 2378 739 2443 animorum
761 2391 877 2443 motus
906 2382 964 2443 vel
994 2390 1142 2460 peccata
1175 2378 1378 2441 deflentium
1403 2377 1461 2438 vel
1481 2375 1569 2437 vitia

337 2484 587 2547 detestantium
612 2487 671 2548 vel
695 2486 977 2550 emendationem
1002 2486 1277 2566 proponentium
1299 2500 1342 2547 ac
1363 2482 1570 2564 promitten-

338 2590 435 2667 tium;
462 2592 594 2654 nostris
613 2601 730 2656 autem
749 2594 886 2672 gratias
905 2611 951 2656 ex
968 2594 1086 2656 animo
1106 2593 1261 2673 agebant
1275 2600 1310 2653 et
1324 2607 1470 2653 munera
1487 2588 1574 2651 offe--

338 2697 473 2776 rebant;
502 2699 564 2761 sed
584 2716 705 2762 cuma
732 2703 864 2764 nostris
891 2719 963 2764 non
994 2701 1273 2778 admitterentur,
1304 2699 1363 2761 alii
1391 2713 1500 2776 aegre
1525 2713 1570 2758 ea

338 2804 547 2883 retinebant,
575 2806 634 2869 alii
658 2799 850 2871 liberaliter
871 2808 1088 2890 pauperibus
1109 2807 1384 2886 elargiebantur,
1406 2817 1572 2884 praescr·

338 2911 401 2973 tim
415 2911 444 2973 si
460 2910 754 2990 significationem
771 2915 926 2995 aliquam
946 2933 968 2977 a
993 2915 1124 2978 nostris
1143 2914 1271 2977 elicere
1293 2912 1490 2993 potuissent
1510 2927 1570 2972 eo-

337 3032 416 3080 rum
430 3017 556 3097 quibus
571 3019 715 3098 elargiri
728 3021 922 3101 expediret.
939 3019 977 3086 Si
992 3031 1109 3084 autem
1125 3019 1346 3097 contingeret
1361 3014 1565 3095 hujusmodi

338 3123 497 3186 homines
522 3124 567 3187 ad
592 3123 760 3190 Sanctam
785 3125 940 3191 Domum
964 3128 1090 3207 redire,
1123 3143 1254 3206 magna
1282 3125 1464 3205 diligentia
1489 3140 1568 3203 pro·

338 3229 454 3308 prium
479 3229 735 3296 confessarium
760 3236 991 3314 quaerebant,
1019 3245 1053 3298 et
1078 3243 1248 3314 acceptae
1270 3232 1409 3312 gratiae
1437 3245 1572 3309 magna

339 3347 551 3416 argumenta
571 3355 656 3418 prae
679 3357 717 3402 se
732 3339 903 3419 ferebant,
928 3341 979 3403 illi
994 3340 1201 3421 praesertim
1217 3339 1277 3420 qui
1292 3357 1313 3401 a
1328 3338 1461 3401 nostris
1481 3337 1569 3398 bene

339 3443 484 3506 vivendi
519 3444 731 3510 documenta
756 3448 866 3511 verbo
891 3458 953 3511 aut
980 3447 1114 3527 scripto
1140 3455 1365 3526 acceperant,
1389 3444 1493 3523 cujus
1516 3443 1568 3505 rei
1673 3452 1676 3456 ’

338 3551 455 3628 gratia
480 3568 526 3614 ex
550 3553 796 3618 remotissimis
827 3556 934 3618 etlam
957 3555 1046 3618 locis
1074 3553 1196 3617 venire
1228 3553 1275 3616 ad
1304 3562 1446 3615 nostros
1470 3549 1566 3613 soliti

339 3667 452 3719 crant.
478 3657 523 3720 Et
543 3659 603 3738 qui
623 3661 861 3724 conscientiae
886 3661 1062 3742 scrupulis
1087 3670 1147 3723 aut
1167 3659 1385 3723 aflictionum
1413 3657 1569 3738 pondere

339 3765 600 3845 premebantur,
624 3783 682 3830 res
701 3785 785 3830 suas
809 3769 996 3832 interiores
1017 3785 1099 3832 cum
1118 3777 1250 3830 nostrrs
1265 3764 1480 3846 conferendo
1496 3775 1532 3826 et
1546 3781 1573 3827 a

339 3869 493 3934 Domino
519 3873 687 3936 auxilium
712 3874 920 3954 accipiendo
942 3875 1122 3956 tranquilli
1148 3884 1182 3938 et
1208 3873 1384 3953 spirituali
1409 3871 1568 3934 consola·

339 3977 434 4040 tione
450 3977 582 4057 perfusi
596 3979 738 4044 domum
754 3983 928 4060 redibant,
949 3991 983 4045 et
1003 3992 1190 4062 acceptum
1211 3978 1372 4043 ferebant
1387 3977 1572 4057 suffragiis

340 4083 438 4146 Bam
451 4083 575 4148 Matris
591 4085 668 4164 Dei,
685 4087 901 4168 quodetiam
922 4089 956 4152 in
971 4087 1198 4168 gravissimis
1217 4103 1364 4149 casuum
1384 4086 1566 4148 conscien-

339 4191 411 4252 tiae
430 4189 693 4256 difficultatibus
713 4211 791 4257 sese
812 4194 962 4257 feliciter
980 4193 1148 4275 expedire
1172 4204 1206 4256 et
1227 4191 1486 4272 poenitentibus
1505 4209 1571 4271 op*

339 4305 490 4377 portune
505 4300 691 4363 consulere
706 4311 881 4381 poterant.

399 4401 470 4465 311.
514 4402 614 4482 Quae
637 4416 754 4470 autem
773 4425 819 4470 ex
843 4407 1124 4470 confessionibus
1143 4406 1236 4469 boua
1256 4405 1425 4486 consequi
1441 4406 1573 4483 solent,

338 4509 375 4572 in
396 4508 464 4573 hac
484 4505 617 4576 Sancta
632 4511 747 4577 Domo
767 4512 905 4576 abunde
925 4513 1245 4595 consequebantur,
1266 4511 1466 4593 cuiusmodi
1482 4523 1573 4574 sunt

337 4618 587 4698 eleemosynae
606 4619 732 4698 factae,
753 4620 996 4685 restitutiones
1009 4621 1244 4699 necessariae,
1264 4638 1373 4702 paces
1387 4621 1480 4684 inter
1495 4617 1568 4682 dis-
