3642 5350
346 359 405 431 ’168
808 367 944 431 Caron-
957 368 1034 430 Soc,
1059 368 1131 443 jos.

345 503 678 597 dendi'cupiditate',
703 506 797 598 quod
822 511 1050 582 corraserant
1078 523 1152 581 tota
1181 511 1415 594 hebdomada,
1439 510 1574 581 'diebus

345 622 859 705 sestistudendodissipabant.
1495 639 1497 646 ·

348 738 352 773 ³
395 722 477 795 616.
518 728 610 795 Huic
620 722 823 812 'pernicioso
838 740 873 797 et
888 726 1088 798 inveterato
1106 729 1234 797 morbo
1253 727 1364 813 aliqui
1378 750 1424 796 ex
1443 730 1576 797 nostris

347 836 518 903 iratribus
539 838 733 904 remedium
760 839 928 905 adhibere
952 840 1146 922 cupientes,
1168 856 1233 921 per
1258 838 1358 906 varia
1376 838 1476 903 urbis
1495 832 1576 903 loca

348 936 471 1011 diebus
484 944 584 1012 iestis
600 964 622 1010 a
636 946 786 1030 prandio
795 947 875 1013 'bini
889 942 1147 1028 discurrebant,
1162 955 1198 1011 et
1216 948 1393 1011 aleatores
1406 964 1452 1010 ac
1464 946 1577 1012 variis

217 1116 227 1133 ,
346 1050 439 1119 ludis
463 1062 658 1135 occupatos
681 1055 920 1121 admonebant
943 1074 987 1120 ac
1009 1054 1325 1137 reprehendebant
1351 1062 1387 1119 et
1408 1051 1575 1137 quamvis

347 1161 546 1227 maledictis
560 1153 737 1228 interdum
751 1180 794 1228 uc
809 1164 983 1229 conviciis
996 1162 1233 1243 afficerentur,
1248 1178 1320 1227 non
1340 1170 1460 1227 tamen
1469 1162 1576 1226 'omit-

347 1268 468 1333 tebant
483 1268 669 1334 charitatis
683 1269 847 1349 officium,
862 1281 898 1337 et
912 1270 1032 1351 gladio
1046 1270 1146 1335 verbi
1160 1268 1229 1335 Dei
1242 1266 1350 1351 saepe
1372 1264 1576 1350 hujusmodi

347 1375 507 1442 homines
525 1375 572 1441 ad
592 1376 793 1461 hujusmodi
819 1378 923 1444 ludos
946 1378 1133 1443 inchoatos
1155 1377 1469 1459 interrumpendos.
1482 1394 1576 1443 corn·

247 1473 251 1481 ’
345 1483 534 1565 pellebant;
550 1492 586 1549 et
595 1476 742 1551 domum
752 1485 952 1566 redeuntes,
965 1483 1165 1565 hujusmodi
1176 1486 1374 1550 aleatorum
1388 1494 1576 1550 catervam

345 1606 467 1656 secum
488 1590 720 1672 adducebant,
744 1592 804 1657 ubi
824 1608 886 1657 eos
907 1586 954 1656 ad
975 1591 1236 1657 consessionem
1261 1591 1508 1673 hortabantur,
1539 1603 1576 1657 et

348 1690 738 1781 quam'vit'uperandus
757 1709 852 1765 esset
876 1716 999 1764 eorum
1023 1701 1060 1765 io
1083 1695 1237 1765 ludendo
1260 1699 1393 1764 abusus
1415 1699 1577 1764 ostende·

348 1806 445 1885 baut,
468 1814 504 1871 et
522 1806 652 1888 singuli
671 1808 807 1890 aliquos
821 1824 868 1872 ex
891 1807 943 1872 eis
966 1807 1155 1888 eligebant,
1182 1807 1309 1890 quibus
1327 1807 1424 1872 viam
1443 1806 1577 1873 Christi

348 1914 538 1995 aperirent.
553 1912 627 1979 Nec
641 1913 678 1979 id
691 1913 836 1994 frustra3
856 1932 940 1980 nam
958 1914 1113 1995 plurimi,
1135 1915 1295 1979 moribus
1308 1915 1345 1979 in
1359 1915 1485 1980 melius
1503 1931 1577 1979 ntu-

270 2080 272 2085 .
348 2016 444 2100 tatis,
459 2020 572 2087 vitam
587 2019 789 2087 christianis
799 2015 949 2103 ¹dignam
958 2021 1192 2087 ‘instituerunt
1202 2020 1255 2102 et,
1271 2018 1408 2087 diurnis
1422 2021 1576 2103 negotiis

349 2126 539 2210 expeditio,
562 2128 627 2195 sub
648 2146 837 2211 vesperam
857 2129 904 2193 ad
923 2129 1120 2211 Collegium
1137 2138 1299 2194 nostrum
1311 2129 1515 2208 veniebant,
1537 2138 1579 2195 ut

350 2228 588 2301 christianam
594 2236 804 2318 doctrinam,
817 2234 918 2318 cuius
929 2236 1072 2301 omnino
1083 2236 1200 2317 ignari
1214 2244 1328 2316 erant,
1341 2235 1578 2301 addiscerent.

349 2342 421 2408 Alii
435 2336 555 2421 autem
574 2336 620 2409 e'x
638 2343 695 2409 his
715 2344 905 2421 lusoribus,
927 2354 1073 2409 nostros
1090 2343 1259 2423 timendo,
1282 2342 1413 2409 aludis
1428 2342 1580 2409 abstine·

346 2450 445 2529 bant,
461 2443 496 2516 e't
511 2449 632 2516 videre
646 2459 724 2516 erat
737 2452 829 2532 loca,
843 2450 945 2533 prius
955 2448 1156 2533 hujusmodi
1167 2448 1368 2515 hominibus
1377 2450 1579 2517 ludentibus

350 2556 493 2637 referta,
510 2557 554 2621 ab
570 2558 640 2623 illis
654 2557 855 2625 hominibus
868 2558 1010 2625 deserta
1024 2575 1115 2640 esse;
1134 2567 1170 2623 et
1184 2558 1216 2623 si
1229 2558 1338 2640 aliqui
1351 2566 1471 2623 tamen
1484 2557 1580 2624 lude·

349 2665 447 2746 bant,
464 2683 546 2733 cum
560 2666 673 2733 nostri
689 2664 735 2731 ad
748 2685 812 2732 eos
826 2666 1049 2748 accederent,
1066 2665 1148 2732 inde
1162 2665 1356 2747 rugiebant.

408 2773 482 2837 617.
524 2773 571 2839 Et
583 2775 666 2857 qnia
684 2791 757 2840 non
778 2783 916 2840 tantum
936 2774 1004 2840 hoc
1025 2773 1183 2840 infimum
1206 2789 1320 2855 genus
1339 2773 1578 2864 hominumiu

345 2880 429 2948 iudo
447 2875 657 2964 peccabant,
680 2881 788 2947 immo
808 2883 922 2947 etalii
941 2899 987 2948 ex
1014 2881 1228 2964 primoribus
1249 2882 1402 2963 civibus,
1425 2899 1580 2964 quorum

347 2990 549 3071 exemplum
565 2990 625 3055 isti
639 2989 766 3073 plebeji
780 2991 913 3056 nostris
934 2989 1158 3071 objiciebant;
1181 3007 1288 3072 saepo
1308 2989 1402 3054 enim
1416 2991 1453 3054 in
1467 2990 1579 3072 publi

349 3097 404 3162 cis
417 3097 630 3180 quibusdam
643 3098 743 3180 lociS,
760 3115 850 3182 quas
864 3099 989 3179 logias
1010 3099 1201 3178 vocabant,
1222 3106 1258 3164 et
1280 3099 1349 3180 ipsi
1368 3097 1462 3162 ludis
1475 3114 1581 3163 vaca·

346 3205 445 3285 bant;
462 3205 617 3287 experiri
631 3207 821 3271 voluerunt
835 3205 871 3269 hi
885 3205 1011 3271 Patres
1026 3222 1072 3271 an
1086 3215 1121 3271 et
1135 3205 1187 3271 illi
1207 3206 1253 3270 ab
1274 3203 1477 3287 hujusmodi
1490 3205 1581 3270 vitio

348 3321 494 3394 possent
514 3303 691 3395 revocari;
715 3322 750 3377 et
770 3314 935 3396 quamvis
954 3313 1094 3378 difficile
1106 3313 1214 3379 initio
1234 3313 1429 3393 videretur,
1448 3311 1517 3378 Dei
1531 3321 1584 3377 ta«

347 3437 429 3486 men
443 3421 564 3502 gratia
579 3417 785 3501 adjuvante,
801 3420 958 3487 fructum
974 3421 1127 3503 aliquem
1141 3437 1233 3486 suae·
1242 3421 1448 3502 diligentiae
1461 3429 1497 3485 et
1510 3421 1582 3502 pie·

346 3528 434 3594 tatis
463 3527 576 3594 nostri
604 3528 847 3609 reportabant;
877 3529 986 3610 aliqui
1013 3529 1108 3594 enim
1134 3520 1180 3593 eir
1208 3517 1409 3608 hujusmodi
1444 3527 1583 3594 civibus

347 3635 470 3701 ludum
484 3634 743 3717 relinquebant,
761 3636 822 3700 alii
841 3635 991 3701 libenter
1010 3636 1158 3701 verbum
1180 3634 1259 3714 Dei,
1282 3634 1377 3718 quod
1397 3625 1582 3700 eisdem'in

349 3743 437 3809 locis
457 3761 478 3808 a
497 3744 629 3808 nostris
649 3742 922 3825 proponebatur,
943 3743 1145 3820 audiebant;
1166 3753 1203 3809 et
1222 3743 1313 3808 haec
1333 3759 1422 3808 cura
1447 3733 1583 3807 nostro·

351 3869 431 3918 rum
446 3852 491 3917 ab
505 3851 667 3916 omnibus
680 3867 896 3932 magnopere
910 3851 1144 3935 probabatur,
1155 3861 1191 3917 et
1202 3851 1423 3933 potissimum
1439 3851 1484 3916 ab
1501 3851 1581 3932 ipso

348 3959 448 4025 Duce
463 3968 499 4024 et
513 3959 689 4025 totautbe
703 3957 880 4042 frequenti
893 3975 1056 4023 sermone
1070 3959 1106 4023 id
1122 3958 1451 4025 circumferebatur.
1510 3951 1513 3971 ²

409 4066 484 4132 618.
526 4067 565 4132 In
581 4065 809 4148 hospitalium
823 4066 1106 4131 consolationem
1116 4073 1151 4132 et
1162 4064 1383 4132 infirmorum
1398 4055 1584 4149 spirituale

353 4174 525 4240 auxilium
540 4182 575 4238 et
589 4171 855 4238 exhortationes
874 4181 909 4237 et
930 4171 1120 4238 familiaria
1140 4174 1315 4256 colloquia
1335 4173 1468 4240 utiliter
1483 4192 1505 4240 a
1519 4186 1583 4240 no·-

356 4283 442 4347 stris
456 4281 690 4348 habebantur.

413 4388 485 4454 619.
528 4387 619 4455 Cum
633 4397 752 4454 autem
766 4398 891 4471 portus
912 4388 971 4453 ille
990 4389 1241 4454 celeberrimus
1260 4390 1318 4466 sit,
1339 4389 1524 4471 facilisque
1548 4391 1584 4455 in

350 4496 565 4582 Hispaniam
579 4497 761 4578 transitus,
777 4497 878 4565 multi
892 4495 1047 4579 quotidie
1063 4497 1204 4579 hispani
1215 4495 1262 4563 ad
1274 4497 1473 4594 Collegium
1484 4491 1584 4565 acc'e·

351 4605 493 4692 debant,
521 4604 557 4674 iu
582 4605 689 4676 rebus
711 4604 965 4693 spiritualibus,
989 4613 1027 4674 ct
1052 4605 1228 4675 interdum
1257 4606 1294 4675 iu
1322 4605 1391 4690 bis,
1422 4623 1514 4694 quae
1537 4606 1583 4676 ad
