3642 5350
345 400 400 459 432
612 462 615 469 ,
805 396 933 459 Canos.
955 394 1031 456 Soc.
1052 397 1121 470 Jes.

347 544 549 621 conciones,
570 552 604 606 et
624 542 767 607 domum
788 544 896 605 etiam
919 542 965 605 ad
990 541 1214 605 invisendum
1229 540 1267 604 Ρ.
1294 539 1581 621 Ribadeneyram

348 650 525 714 veniebat.

408 754 495 821 1856.
540 756 629 822 Cum
665 756 807 837 quidam
836 757 944 820 etiam
969 755 1201 819 concionator
1225 755 1409 837 hispanus,
1441 755 1579 819 ordinis

347 864 405 930 S.ti
428 862 617 943 Dominici,
634 865 760 928 horam
775 881 881 927 unam
897 872 980 927 ante
994 862 1030 925 P.
1048 861 1332 944 Ribadeneyram
1347 864 1581 927 concionatus

348 982 413 1051 est,
428 982 615 1053 postquam
627 970 807 1035 laudasset
823 970 899 1051 ejus
912 971 1114 1049 conciones
1128 968 1379 1034 descendensa
1394 980 1578 1050 suggestu,

349 1080 423 1144 suis
438 1078 658 1143 auditoribus
673 1078 772 1141 dixit:
790 1094 915 1141 eamus
934 1078 1038 1141 simul
1060 1094 1184 1140 omnes
1199 1077 1244 1141 ad
1264 1077 1476 1141 audiendam
1498 1094 1581 1140 con·

350 1188 489 1250 cionem
504 1186 597 1249 illius
616 1185 749 1261 PatriS,
775 1186 834 1265 qui
848 1186 958 1248 latine
974 1185 1217 1263 concionatum
1234 1194 1268 1247 et
1282 1185 1333 1247 ita
1345 1200 1467 1248 omnes
1481 1202 1581 1264 prae·

350 1293 463 1357 dictos
488 1290 668 1356 auditores
693 1291 739 1355 ad
764 1308 844 1354 eum
863 1290 1027 1369 deduxit;
1056 1308 1099 1354 ac
1121 1290 1216 1354 domi
1237 1291 1345 1355 etiam
1363 1309 1444 1355 cum
1464 1290 1585 1354 multis

350 1400 429 1464 aliis
440 1400 600 1480 hispanis
614 1397 776 1462 eumdem
787 1399 958 1461 salutavit
969 1407 1004 1461 et
1017 1414 1157 1461 omnem
1171 1416 1271 1462 suam
1285 1415 1432 1479 operam
1442 1397 1582 1461 obtulit.

412 1504 500 1569 1857.
544 1505 673 1570 Scribit
698 1506 733 1569 id
759 1504 797 1567 Ρ.
823 1503 1038 1569 Bernardus:
1062 1506 1125 1568 vix
1147 1504 1244 1569 credi
1263 1522 1367 1586 posse
1390 1515 1523 1586 quanta
1545 1505 1582 1567 in

351 1614 506 1677 omnium
523 1612 649 1676 animis
665 1612 854 1676 admiratio
875 1621 1083 1675 cerneretur
1106 1610 1127 1676 ¹.
1150 1612 1269 1694 Aliqui
1284 1614 1485 1692 exemplum
1500 1629 1582 1675 con·

351 1722 492 1785 cionum
507 1720 614 1784 etiam
629 1738 675 1783 ex
689 1719 866 1798 theologis
881 1719 1083 1799 cupiebant.
1102 1719 1175 1784 Alii
1191 1720 1444 1801 imprimendas
1463 1735 1583 1783 cense-

352 1829 447 1893 bant.
475 1826 596 1907 Aliqui
617 1826 761 1891 modum
783 1835 817 1889 et
838 1826 1001 1889 ordinem
1025 1825 1227 1906 hujusmodi
1252 1828 1462 1891 concionum
1488 1826 1583 1889 addi·

350 1952 452 2001 scere
471 1934 688 2007 nitebantur3
708 1934 767 1997 alii
782 1932 828 1996 ad
849 1934 1062 1998 imitandum
1078 1934 1349 2014 diligentissime
1365 1952 1445 1998 eum
1464 1933 1581 1996 obser·

352 2041 498 2106 vabant.

414 2146 501 2212 1858.
546 2146 635 2211 Cum
659 2156 777 2211 autem
802 2148 927 2213 eodem
955 2158 1114 2229 tempore
1139 2147 1178 2211 P.
1205 2148 1386 2213 Adrianus
1410 2148 1583 2212 flandrica

351 2258 474 2335 lingua
503 2254 774 2318 concionaretur
809 2272 890 2319 cum
919 2255 1181 2333 satisfactione,
1212 2256 1320 2318 immo
1348 2254 1583 2319 admiratione

352 2364 555 2439 multorum,
579 2360 638 2443 qui
663 2360 732 2425 hoc
757 2362 792 2424 in
819 2362 897 2442 ipso
922 2363 1095 2426 talentum
1117 2380 1188 2425 non
1210 2363 1456 2443 expectabant;
1478 2362 1585 2426 Pater

353 2482 471 2533 autem
483 2467 687 2532 Bernardus
698 2470 839 2547 gallice,
852 2478 886 2532 et
898 2469 936 2532 P.
950 2469 1199 2550 Ribadeneyra
1213 2471 1321 2533 latine
1333 2470 1583 2533 concionaren-

352 2587 421 2655 tur;
439 2594 508 2640 non
530 2576 637 2657 pauci
661 2576 731 2639 hoc
744 2574 887 2641 fervore
914 2578 1126 2640 concionum
1157 2578 1194 2641 in
1218 2576 1330 2639 variis
1344 2577 1476 2656 linguis
1489 2593 1584 2645 come

352 2686 451 2762 moti,
467 2684 580 2764 lepide
596 2683 759 2748 dicebant
777 2683 948 2767 Spiritum
964 2697 1128 2750 sanctum
1145 2685 1370 2749 descendisse
1381 2686 1416 2748 in
1428 2694 1581 2763 nostroS,

352 2793 412 2874 qui
439 2790 483 2854 ad
511 2790 790 2871 praedicandam
818 2794 1007 2857 veritatem
1037 2795 1132 2857 circa
1161 2793 1252 2857 festa
1280 2793 1441 2857 natalitia
1470 2793 1584 2872 uariis

350 2899 482 2979 linguis
497 2914 557 2960 eos
572 2898 778 2978 impelleret,
795 2909 829 2962 et
851 2898 1076 2964 adducebant
1090 2903 1290 2981 exemplum
1313 2899 1582 2980 Apostolorum,

353 3006 412 3089 qui
427 3004 624 3068 absconditi
638 3003 790 3084 fuerant,
808 3006 921 3070 donec
942 3007 1111 3089 Spiritum
1133 3018 1296 3072 sanctum
1311 3010 1525 3088 acciperent,
1549 3017 1585 3070 et

353 3112 480 3176 deinde
498 3111 677 3174 ferventer
699 3113 906 3179 concionari
922 3125 1124 3195 coeperant.
1142 3116 1186 3179 Et
1208 3117 1260 3180 sic
1276 3125 1418 3179 nostros
1438 3114 1585 3178 latuisse

353 3217 505 3284 Lovanii
516 3227 550 3280 et
559 3217 736 3282 humiliter
748 3220 783 3282 in
795 3220 1077 3285 confessionibus
1090 3221 1276 3286 audiendis
1286 3221 1396 3285 fuisse
1408 3231 1584 3300 versatos,

355 3335 389 3389 ct
415 3335 498 3387 tunc
523 3325 656 3404 impetu
677 3323 690 3356 ¹
714 3324 866 3408 Spiritus
889 3329 927 3391 in
952 3329 1106 3392 medium
1129 3329 1175 3393 ad
1196 3328 1482 3392 concionandum
1506 3345 1585 3409 pro·

356 3433 474 3496 diisse.

418 3537 505 3601 1859.
550 3537 624 3602 Nec
648 3540 718 3603 alia
743 3541 930 3606 videbatur
954 3543 1047 3607 ratio
1073 3544 1156 3607 iniri
1175 3560 1281 3625 posse
1296 3543 1514 3607 commodior
1539 3543 1586 3606 ad

354 3645 736 3712 Societatemnostram
744 3648 1053 3730 manifestandam,
1067 3667 1175 3732 quam
1184 3651 1286 3729 haec,
1297 3669 1387 3732 quae
1400 3669 1421 3713 a
1432 3648 1471 3713 Ρ.
1483 3650 1584 3730 lgna·

355 3753 404 3816 tio
419 3751 484 3816 fuit
498 3752 629 3815 nostris
643 3753 855 3833 significata:
880 3756 986 3820 fiebat
1007 3759 1101 3821 enim
1122 3766 1161 3820 ut
1176 3757 1437 3839 quodammodo
1455 3758 1527 3821 alia
1541 3757 1587 3822 de

355 3876 394 3922 re
409 3859 561 3922 Lovanii
576 3876 646 3922 non
662 3871 839 3942 ageretur,
857 3881 963 3944 quam
981 3862 1024 3927 de
1040 3863 1190 3944 jesuitiS,
1208 3875 1242 3928 et
1262 3883 1384 3928 rumor
1400 3863 1587 3928 Bruxellas

356 3966 403 4030 ad
418 3965 554 4030 curiam
567 3965 794 4047 Imperatoris
809 3987 851 4032 ac
867 3970 976 4050 Regis
991 3972 1168 4051 pervenit;
1185 3983 1219 4036 et
1239 3973 1339 4036 multi
1361 3989 1406 4034 ex
1427 3972 1586 4051 primori·

355 4076 438 4152 buS,
456 4073 546 4136 inter
561 4090 649 4154 quos
664 4084 741 4138 erat
762 4073 932 4154 ErassuS,
949 4077 1084 4157 primus
1105 4075 1326 4142 Secretarius
1346 4077 1587 4158 Imperatoris

356 4181 451 4246 serio
468 4181 641 4244 curabant
652 4191 690 4244 ut
702 4180 740 4244 Ρ.
753 4181 1004 4263 Ribadeneyra
1014 4183 1092 4264 ipso
1104 4185 1160 4249 die
1172 4185 1393 4266 Epiphaniae
1405 4185 1589 4265 hispanice

398 4421 406 4454 ¹
435 4421 502 4466 Vide
512 4421 561 4465 hae
571 4422 687 4477 altasque
699 4423 824 4468 Bernerdl
835 4423 942 4470 Oliverll
954 4426 1058 4470 litteras
1069 4427 1095 4471 ln
1104 4426 1187 4471 citato
1196 4438 1274 4482 opere
1289 4428 1385 4471 Carras
1394 4429 1428 4472 de
1443 4428 1499 4472 Son
1509 4427 1590 4482 lgna-

357 4493 407 4543 ct'o,
416 4498 434 4536 t.
444 4502 480 4547 vt,
490 4504 550 4547 pag.
560 4493 657 4540 bol-563.
670 4493 815 4546 Decnuacu.
826 4497 843 4540 1.
854 4508 886 4547 c.‚
895 4509 955 4552 pag.
967 4499 992 4541 16
1002 4499 1015 4528 ⁸
1025 4499 1104 4543 allum
1114 4499 1191 4543 affert
1201 4499 1315 4554 ejusdem
1326 4499 1442 4552 Ollverll,
1450 4502 1590 4555 pluresque

356 4576 403 4620 per
412 4571 495 4608 totum
506 4576 569 4618 opus
580 4566 660 4619 ipsius
671 4564 847 4612 Riradeneira
857 4569 890 4612 ad
901 4568 1032 4623 ignatium
1042 4570 1127 4616 detes.

397 4637 408 4669 ¹
437 4635 482 4681 Me.
494 4638 635 4690 impetum.
