3642 5350
339 370 390 431 12⁴
785 372 916 434 Canon.
942 372 1019 433 Soc.
1044 374 1115 472 Jus.

334 518 378 581 lis
400 520 420 582 ¹.
444 519 488 582 Et
508 520 590 600 quia
609 521 767 584 nondum
789 528 1026 601 praeparatus
1049 529 1126 583 erat
1150 520 1202 583 eis
1222 522 1323 584 locus
1347 520 1565 600 designatus,

334 626 427 705 quod
455 626 628 707 reliquum
657 638 733 690 erat
762 626 865 707 hujus
894 628 1027 691 mensis
1053 627 1181 708 partim
1205 627 1299 708 apud
1326 625 1564 708 Cardinalem,

334 734 463 811 partim
493 735 528 797 in
561 735 666 798 domo
700 735 853 815 quadam
888 736 1162 815 canonicorum,
1198 745 1403 814 exegerunt.
1438 734 1566 799 Statim

335 848 452 904 autem
476 860 521 905 ex
545 842 742 906 diversorio
766 843 812 905 ad
837 842 1062 906 cardinalem
1087 860 1148 905 eos
1174 842 1318 906 deduxit
1343 842 1563 906 Licentiatus

333 947 535 1027 Mercante,
566 951 647 1031 qui,
678 953 841 1031 quamvis
870 967 978 1029 aegre
1007 949 1197 1014 admodum
1226 951 1355 1013 tulerat
1381 966 1561 1013 recessum

334 1052 372 1118 P.
389 1053 605 1120 Salmeronis
621 1061 643 1135 ²,
660 1058 860 1121 humaniter
876 1066 994 1120 tamen
1008 1067 1076 1120 'eos
1091 1058 1246 1137 excepit,
1264 1067 1299 1120 et
1313 1073 1481 1137 magnam
1496 1058 1564 1120 lae-

334 1163 448 1227 titiam
463 1165 563 1227 vultu
578 1174 612 1227 et
627 1165 746 1227 verbis
761 1182 804 1227 ex
820 1182 942 1227 eorum
959 1165 1114 1227 adventu
1136 1182 1174 1227 se
1194 1165 1330 1244 cepisse
1350 1164 1514 1242 ostendit;
1531 1174 1565 1226 et

337 1270 431 1333 bono
448 1272 565 1334 animo
581 1289 659 1335 esse
671 1270 786 1351 jussit,
803 1281 837 1334 et
855 1272 942 1335 nihil
957 1272 1008 1333 eis
1028 1270 1229 1335 defuturum
1247 1272 1419 1351 promisit.
1443 1271 1564 1335 Licen-

334 1370 443 1441 tiatus
455 1378 636 1442 Mercante
648 1379 860 1460 praedictus
872 1391 1052 1459 tamquam
1064 1396 1155 1443 unus
1166 1397 1211 1442 ex
1223 1380 1364 1457 nostris,
1375 1396 1564 1458 suamope·

333 1502 411 1548 ram
431 1484 550 1549 futuro
573 1486 721 1565 collegio
742 1504 872 1565 magna
894 1504 974 1549 cum
996 1487 1170 1549 charitate
1191 1486 1407 1567 praestabat;
1428 1496 1562 1549 etcum

338 1602 480 1656 caetera
496 1594 738 1673 supellectilia,
754 1604 839 1673 puta
856 1595 978 1670 lectos,
996 1611 1140 1656 scamna
1156 1602 1190 1656 et
1209 1591 1409 1672 hujusmodi
1424 1609 1564 1671 compa-

334 1710 460 1779 rasset,
476 1701 582 1763 etiam
594 1702 714 1780 libros³
727 1719 815 1781 quos
829 1700 996 1777 habebat,
1010 1701 1154 1764 cumeis
1169 1701 1301 1779 divisit3
1315 1699 1480 1781 quamvis
1493 1716 1564 1762 non

333 1806 550 1871 existimavit
565 1809 734 1871 lectiones
753 1826 830 1871 esse
859 1808 1078 1871 inchoandas
1098 1808 1211 1871 donec
1227 1807 1272 1871 ad
1287 1810 1414 1888 locum,
1431 1806 1490 1886 qui
1504 1823 1563 1887 pa·

334 1914 490 1991 rahatur,
505 1915 701 1995 migrarent
715 1914 738 1973 ³.

393 2021 464 2083 455.
506 2022 705 2085 inviserant
720 2034 849 2101 autern,
868 2033 948 2103 post
964 2022 1202 2101 Cardinalem‚
1217 2021 1409 2086 Dominum
1419 2022 1563 2087 Franci·

333 2146 432 2193 scum
455 2129 693 2210 Villanovam‚
717 2132 778 2211 qui
799 2130 1054 2211 Neapolitanus
1073 2128 1215 2209 Regens
1232 2128 1347 2193 iuerat
1365 2132 1387 2211 ⁴,
1409 2148 1561 2210 magnae

332 2418 364 2450 en
375 2406 451 2451 Sene.
466 2406 540 2451 hitto.
556 2408 714 2465 Hieronymo
729 2408 853 2453 Ruhloles
871 2410 905 2453 ha
916 2408 1050 2453 estudiado
1061 2414 1152 2452 cuatro
1162 2408 1265 2452 aliosde
1277 2409 1399 2462 teologia,
1410 2420 1473 2462 poco
1483 2412 1564 2453 maso

333 2490 428 2531 menos,
440 2491 487 2534 que
499 2493 531 2525 no
542 2492 644 2525 usamos
655 2487 775 2525 nosotros
787 2482 903 2525 estudrar
914 2484 970 2525 mas
980 2493 1011 2523 en
1023 2482 1061 2524 las
1071 2470 1197 2524 escuelaess
1205 2480 1241 2523 Es
1248 2490 1359 2533 persona
1369 2481 1564 2536 muyejemplar

332 2562 409 2606 yque
425 2552 536 2606 siempre
548 2553 582 2596 ha
594 2552 660 2596 dado
670 2565 731 2609 muy
743 2554 808 2595 buen
821 2554 884 2597 odor
896 2554 927 2596 de
941 2556 972 2603 sl,
987 2559 1130 2608 ymuestra
1147 2554 1229 2595 buena
1244 2552 1336 2606 gracia
1350 2563 1381 2595 en
1396 2554 1420 2595 el
1435 2553 1563 2609 predicar,

334 2633 434 2678 cunque
444 2625 470 2667 la
481 2626 575 2679 longua
586 2625 694 2669 italiana
706 2637 737 2667 no
748 2627 773 2669 la
784 2633 862 2679 tenga
874 2626 999 2680 per-secta:
1010 2628 1068 2668 sera
1080 2626 1170 2678 hucne,
1180 2635 1251 2667 como
1262 2635 1385 2675 creemoe.
1396 2636 1444 2680 que
1453 2625 1564 2668 comien·

332 2706 360 2737 ce
372 2699 513 2741 aessortar
523 2702 537 2741 o
548 2698 668 2751 predicar
679 2709 710 2740 en
721 2700 746 2741 la
758 2698 848 2751 iglesia
857 2711 904 2752 que
913 2709 941 2740 se
949 2699 1074 2751 deputare
1084 2709 1149 2750 para
1159 2698 1183 2740 el
1194 2696 1317 2750 Collegio,
1327 2709 1345 2753 y
1355 2697 1473 2751 despues,
1484 2697 1506 2740 si
1517 2708 1560 2750 pa-

331 2767 437 2822 reciere¹
449 2770 474 2812 lo
484 2769 566 2822 podra
575 2770 655 2814 hacer
666 2770 747 2812 donde
759 2770 871 2824 quierem
882 2781 947 2824 para
958 2782 988 2813 eu
999 2772 1038 2812 ias
1049 2771 1164 2812 careeles
1173 2781 1191 2824 y
1201 2769 1345 2822 hospitales
1354 2781 1373 2824 y
1381 2769 1562 2820 monasterius,

331 2841 370 2882 asi
381 2840 405 2882 el
416 2851 487 2882 como
498 2843 522 2883 el
532 2849 590 2884 otro
600 2853 648 2894 que
658 2841 757 2884 venor-a
769 2843 799 2884 de
811 2841 831 2884 F
834 2843 950 2886 lorencia
960 2845 1020 2885 sera
1030 2842 1107 2885 harto
1117 2840 1285 2895 suliclente‚y
1296 2851 1346 2884 auu
1355 2851 1415 2884 ereo
1423 2851 1488 2894 para
1497 2852 1562 2884 mas.

331 2909 474 2966 Ayudaran
487 2913 599 2956 tambien
608 2925 638 2956 en
650 2913 809 2956 confesiones
821 2926 836 2969 y
847 2925 878 2956 en
890 2915 929 2957 las
937 2921 1015 2956 otras
1026 2915 1103 2956 obras
1115 2913 1180 2967 pias.
1190 2924 1239 2966 que
1249 2911 1320 2956 luere
1328 2920 1466 2957 menester.
1477 2911 1563 2957 Delos

331 2989 402 3025 otros
412 2983 458 3026 dos
470 2986 494 3026 el
505 2995 553 3027 uno
564 2995 591 3026 se
603 2985 682 3027 llama
693 2983 776 3027 Pedro
787 2984 876 3038 Regio,
887 2998 904 3041 y
917 2997 945 3028 es
956 2987 1042 3034 noble.
1054 2985 1084 3026 de
1096 2983 1224 3036 Palermo,
1235 2984 1294 3038 yha
1304 2985 1370 3028 leido
1378 2984 1564 3030 humanldades

331 3065 362 3097 en
374 3054 470 3098 Perosa
479 3059 534 3098 mas
545 3057 575 3100 de
584 3057 629 3098 dos
637 3061 700 3098 anos
709 3070 725 3111 y
733 3058 812 3110 podra
824 3058 878 3099 ieet·
888 3057 987 3111 griego.
998 3058 1019 3099 si
1030 3057 1074 3100 ahi
1083 3056 1154 3099 fuere
1162 3063 1324 3111 menester,y
1332 3057 1564 3100 tamblenenseitar

331 3129 357 3171 la
368 3127 488 3171 doctrina
499 3128 625 3171 cristiana
636 3141 652 3184 y
663 3129 770 3171 atender
781 3131 877 3172 atotras
888 3131 965 3173 obras
983 3128 1048 3182 pias.
1059 3129 1090 3172 El
1106 3137 1163 3172 otro
1173 3140 1201 3171 se
1212 3130 1291 3172 llama
1304 3127 1402 3171 Hector
1416 3127 1531 3172 Lionello
1546 3142 1564 3184 y

258 3223 263 3235 ·
329 3203 390 3242 sera
400 3199 533 3242 sufietente
544 3211 609 3253 para
620 3201 674 3242 leer
685 3201 835 3254 cualquiera
847 3213 908 3244 cosa
920 3203 951 3244 de
965 3201 1123 3244 humauidad
1138 3213 1155 3256 y
1170 3212 1221 3244 auu
1237 3201 1268 3243 de
1284 3199 1405 3243 retorica.
1419 3199 1472 3243 Son
1487 3200 1561 3244 todos

331 3272 394 3314 ellos
411 3281 472 3327 muy
489 3272 619 3324 probados
635 3284 666 3315 en
683 3274 708 3316 la
724 3273 811 3316 virtud
826 3287 842 3329 y
857 3274 940 3316 daran
953 3274 1063 3327 siempre
1079 3276 1144 3316 ouen
1157 3273 1267 3327 eiemplo
1279 3285 1297 3327 y
1309 3271 1460 3316 edificacion
1474 3283 1521 3316 con
1537 3275 1563 3316 ln

331 3342 420 3387 divina
430 3344 545 3397 gracia...
557 3344 605 3386 ih*
615 3345 722 3398 Aprilis.

372 3416 381 3446 ¹
411 3415 458 3467 Qui
469 3415 551 3459 Roma
561 3416 631 3460 missi
648 3423 716 3468 sunt,
733 3417 803 3460 Urhe
821 3425 988 3461 excesserunt
1002 3418 1193 3472 decimaquinta
1208 3418 1248 3461 dle
1265 3417 1442 3471 Aprilis-Ex
1457 3417 1489 3461 ils
1503 3419 1561 3470 duo.

330 3485 428 3530 Hector
438 3485 576 3531 Leouellus
586 3495 612 3530 et
624 3488 717 3531 Petrus
729 3489 824 3542 Regius
835 3491 904 3531 *mas
914 3491 1060 3540 mancehos,
1077 3500 1123 3531 son
1137 3489 1239 3532 habiles
1253 3499 1319 3541 para
1330 3490 1441 3531 euseilar
1457 3489 1482 3531 la
1498 3490 1556 3532 doc·

331 3560 399 3603 trina
411 3559 536 3602 cristiana
547 3572 564 3615 y
575 3561 627 3604 leer
639 3562 703 3604 latin
714 3573 731 3616 y
742 3561 855 3614 ortega„
866 3561 985 3614 ignatius
1005 3563 1068 3605 ibid.

369 3631 382 3662 ¹
408 3631 448 3674 Ex
460 3630 566 3674 Paionia
576 3631 677 3674 rediens
690 3633 716 3675 P.
726 3631 869 3684 Saimeron.
881 3632 962 3686 Senis,
976 3635 1082 3688 jubente
1092 3633 1203 3687 ignatio,
1218 3633 1372 3677 substiterat
1387 3642 1413 3677 et
1429 3634 1562 3677 conciona-

331 3709 372 3746 tus
383 3704 477 3746 iuerat.
487 3701 555 3746 'Vide
566 3714 653 3757 supra¹
665 3715 724 3758 pag.
736 3705 770 3756 22.
782 3717 806 3748 n.
817 3706 851 3758 δός
863 3711 888 3748 et
900 3705 996 3749 Curias
1005 3707 1038 3749 de
1049 3705 1104 3747 San
1114 3705 1233 3757 Ignacio,
1243 3712 1262 3749 t.
1272 3717 1310 3754 vt.
1319 3717 1379 3760 pag.
1393 3706 1431 3749 197
1441 3713 1466 3749 et
1478 3707 1524 3758 1983
1535 3714 1561 3749 et

331 3775 484 3826 Queruntur,
496 3775 567 3816 Hist.
579 3775 635 3818 Soc.
645 3775 732 3830 Jesn„
744 3777 786 3820 lib.
798 3788 852 3826 xvi.
863 3789 887 3820 n.
897 3777 912 3819 5
921 3777 1095 3820 -Revocatus
1106 3783 1192 3820 tamen
1203 3777 1311 3821 Romam
1321 3778 1369 3821 luit
1381 3780 1414 3820 ab
1424 3777 1562 3832 ipsolyna·

330 3847 375 3901 tio,
387 3846 519 3890 Pontificis
528 3847 603 3890 Pauli
615 3847 650 3890 IV
663 3855 765 3902 rogatu,
778 3850 855 3892 citius
868 3860 946 3904 quam
956 3849 1032 3893 amici
1047 3861 1168 3893 senenses
1183 3849 1334 3893 voluissent.
1350 3850 1445 3892 Curias
1459 3849 1492 3892 de
1507 3849 1561 3891 San

329 3917 448 3970 Ignacio,
459 3925 477 3962 t.
487 3930 522 3966 vt.
533 3931 593 3974 pag.
604 3919 650 3962 ‘2¹23

370 3990 381 4022 ³
410 3991 500 4046 Huius,
516 3991 612 4045 ignatii
628 3999 654 4035 et
673 3991 812 4036 Societatls
828 3992 915 4044 amici,
930 4003 1022 4036 nomeu
1038 3993 1149 4035 nondum
1163 3992 1280 4045 reperire
1295 3992 1430 4036 valuimus.
1442 3991 1563 4036 Interfuit

330 4063 431 4117 quidem
443 4062 562 4106 Concilio
572 4063 723 4108 Tridentino
735 4067 781 4107 sub
793 4065 840 4108 Pio
851 4065 887 4108 IV
899 4072 928 4108 ut
939 4064 1138 4119 Archiepiscopi
1148 4063 1290 4118 Burgensis
1299 4071 1462 4117 procurator,
1472 4073 1564 4107 verum

331 4145 356 4177 tn
368 4133 496 4188 catalogo
505 4145 603 4188 eorum,
615 4136 657 4190 qul
669 4135 855 4190 interfuerunt,
867 4135 1047 4180 Marchantus
1062 4137 1151 4179 doctor
1165 4135 1302 4187 theologus
1316 4135 1473 4190 appellatur.
1486 4134 1564 4188 Supe-

330 4206 384 4250 rius
395 4208 483 4258 etiam,
493 4219 553 4260 pag.
564 4207 599 4258 21,
611 4219 634 4250 n.
644 4209 679 4260 fit,
690 4219 705 4251 a
717 4207 832 4252 Polanco
843 4208 939 4252 <licitur
948 4211 1043 4263 postea
1055 4207 1221 4262 Episcopum
1237 4207 1281 4250 sed
1297 4208 1393 4250 nullum
1403 4206 1451 4249 hoc
1462 4207 1562 4250 nomine

330 4277 482 4321 Marciano
492 4280 534 4321 vel
545 4277 684 4334 Mercante
696 4279 853 4334 Episcopum
865 4291 910 4334 per
921 4280 1025 4325 Italiam
1043 4288 1089 4323 aut
1106 4279 1259 4334 Hispaniam
1274 4285 1332 4323 tota
1346 4279 1395 4322 hae
1410 4279 1507 4322 saeculi
1518 4289 1564 4320 xvr

329 4355 414 4404 parte,
425 4361 475 4403 qua
485 4348 629 4404 Episcopus
641 4352 661 4393 is
672 4363 728 4394 esse
739 4352 835 4400 debuit.
852 4353 1006 4395 invenimus.
1017 4351 1087 4394 Idem
1099 4357 1185 4395 autem
1196 4350 1314 4394 evenisse
1329 4350 1433 4392 videtur
1448 4348 1565 4393 Orlandi·

329 4433 370 4473 no,
388 4423 429 4475 qui
448 4421 484 4464 ita
501 4422 604 4464 scribit:
623 4422 707 4465 “inter
724 4431 851 4474 caeteros.
870 4425 913 4478 qui
928 4424 1036 4477 collegii
1053 4424 1128 4467 initia
1143 4424 1240 4470 iot-ere,
1258 4422 1352 4465 nobilis
1369 4421 1500 4475 Hispanus
1515 4421 1563 4464 luit

330 4493 449 4537 licentiae
461 4493 542 4544 gradu
555 4494 661 4547 insignis
672 4494 827 4538 ilareinntes
838 4499 962 4547 nomine...
973 4495 1043 4538 Hist.
1056 4496 1111 4539 Soc.
1121 4495 1188 4550 Jes„
1198 4495 1242 4537 lib.
1254 4505 1307 4545 xvi.
1320 4506 1343 4536 n.
1353 4495 1374 4536 7.

369 4565 380 4596 ⁴
409 4563 474 4608 Vide
485 4575 572 4619 supra,
584 4571 602 4609 t.
614 4575 650 4618 ιιι,
662 4577 688 4608 ιν
700 4573 725 4609 et
737 4579 762 4620 v,
774 4569 928 4620 praesertim
939 4579 1002 4611 vero
1011 4575 1029 4610 t.
1039 4577 1077 4622 tn,
1087 4579 1148 4622 pag.
1161 4567 1206 4620 188,
1217 4573 1304 4610 annot.
1317 4566 1359 4618 i.⁸;
1375 4571 1400 4608 et
1418 4564 1514 4608 Curias
1528 4565 1562 4608 de

339 4639 391 4682 San
404 4637 523 4692 ignatio,
535 4644 556 4682 t.
566 4651 583 4681 v
594 4647 618 4681 et
631 4650 666 4682 vi.
