3642 5350
796 439 862 499 Au.
882 438 953 498 1556
1402 439 1408 520 J
1437 433 1492 494 633

255 585 353 666 giosi
373 585 531 666 ejusdem
546 584 682 650 ordinis
694 586 731 650 in
745 585 895 667 publicis
910 585 1141 649 concionibus
1152 581 1366 648 Societatem
1381 581 1490 646 nomi·

264 694 396 772 nando,
416 703 542 758 contra
568 694 766 758 calumnias
791 711 870 758 eam
894 692 1142 770 defendebant,
1168 700 1203 754 et
1228 691 1288 754 alii
1313 691 1421 755 etiam
1445 705 1491 753 ex

261 801 342 866 aliis
359 800 542 865 ordinibus
554 810 576 866 ¹.

319 908 411 972 2726.
456 907 574 973 Primo
591 928 688 986 vere,
704 911 797 974 male
811 909 933 973 valere
948 909 1065 988 coepit
1079 906 1116 970 Ρ.
1133 905 1269 983 Araoz,
1287 914 1321 968 et
1335 904 1382 968 ad
1401 903 1489 967 nati·

257 1033 344 1080 vum
359 1023 478 1080 aerem
492 1018 699 1097 provinciae
712 1017 942 1099 Guipuzcuae
956 1032 1037 1080 eum
1052 1014 1261 1078 mittendum
1275 1012 1487 1076 sentiebant.

256 1121 361 1187 Prius
375 1131 494 1187 tamen
508 1123 684 1189 Simancis
698 1123 940 1189 valetudinem
954 1119 965 1152 ¹
980 1139 1192 1202 recuperare
1209 1119 1359 1199 curavit;
1376 1128 1411 1182 et
1427 1119 1490 1182 vix

255 1231 329 1295 alio
344 1247 501 1312 unquam
515 1240 674 1313 tempore
695 1251 738 1296 ea
757 1232 857 1296 curia
877 1239 938 1293 aut
958 1230 1083 1293 melius
1102 1229 1145 1292 de
1168 1227 1346 1291 Societate
1366 1234 1490 1290 nostra

257 1339 384 1416 sensit,
402 1348 465 1402 aut
480 1340 595 1420 magis
610 1340 656 1404 ad
671 1357 750 1404 eam
765 1339 894 1404 allecta
907 1337 984 1402 fuit.
1473 1311 1487 1337 ⁸

318 1444 411 1509 2727.
455 1444 545 1511 Cum
559 1447 729 1511 nuncium
744 1447 861 1510 obitus
876 1445 914 1508 P.
933 1443 1061 1524 ignatii
1080 1445 1116 1508 in
1136 1443 1348 1524 Hispaniam
1366 1457 1489 1522 perve-

256 1551 379 1631 nisset,
395 1561 430 1633 et
443 1554 652 1617 nominatim
666 1553 808 1618 Patrem
821 1552 943 1616 Araoz
963 1551 1090 1633 aliquis
1109 1568 1155 1615 ex
1174 1551 1306 1614 nostris
1326 1549 1488 1613 hortatus

256 1667 362 1738 esset,
379 1669 417 1723 ut
432 1658 712 1741 Congregationi
726 1661 868 1725 omnino
887 1661 1059 1724 interesse
1079 1667 1236 1736 curaret,
1258 1656 1325 1720 sibi
1345 1655 1487 1736 quidem

257 1783 438 1846 nunquam
462 1768 499 1830 in
524 1777 678 1832 mentem
703 1768 844 1832 venisse
863 1767 1023 1848 scripsit,
1045 1775 1083 1830 ut
1101 1765 1133 1828 ei
1153 1764 1278 1830 adesse
1297 1763 1486 1842 desineret,

254 1872 483 1937 nihilominus
497 1875 534 1938 P.
551 1873 783 1939 Franciscum
798 1875 966 1956 Borgiam
977 1889 1193 1955 propensum
1202 1889 1274 1935 non
1287 1888 1377 1949 esse,
1388 1878 1427 1933 ut
1440 1870 1486 1933 ad

257 1997 336 2044 eam
352 1981 500 2060 veniret,
518 1983 548 2045 si
563 1981 698 2045 Rornae
713 1983 965 2058 celebraretur,
989 1980 1182 2045 admonuit.
1204 1979 1247 2043 Et
1266 1979 1345 2042 ideo
1360 1995 1485 2059 propo-

254 2087 325 2150 suit
347 2087 440 2152 idem
455 2087 493 2152 P.
510 2087 630 2152 Araoz
645 2089 881 2166 Avenionem,
897 2107 989 2170 quae
1004 2089 1133 2152 civitas
1148 2085 1328 2150 Pontificis
1342 2086 1439 2148 velut
1450 2084 1486 2146 in

257 2193 408 2258 confinio
428 2213 553 2260 earum
568 2197 836 2276 provinciarum
850 2210 916 2275 est,
932 2198 969 2260 in
984 2195 1109 2276 quibus
1124 2211 1252 2274 sparsa
1272 2202 1350 2256 erat
1370 2190 1486 2257 Socie-

252 2309 321 2364 tas,
338 2300 382 2365 Et
397 2302 449 2366 sic
464 2303 544 2366 aliis
558 2303 667 2367 etiam
686 2303 874 2367 videbatur
894 2311 1039 2383 propter
1057 2302 1203 2366 bellicos
1222 2301 1405 2378 tumultus
1426 2297 1486 2379 qui

253 2406 406 2472 Romam
429 2427 472 2472 eo
496 2419 655 2490 ternpore
669 2410 894 2474 infestabant:
918 2411 978 2474 alii
992 2409 1127 2487 Nizam,
1148 2409 1209 2471 alii
1224 2405 1388 2472 Genuam
1409 2422 1485 2486 pro·

256 2516 448 2595 ponebant.
1393 2497 1403 2518 ⁹

314 2621 406 2689 2728.
450 2622 523 2689 Sub
538 2633 758 2704 autumnum,
780 2624 961 2689 decretum
977 2623 1172 2706 parisiense
1188 2622 1233 2687 ad
1253 2622 1389 2686 curiam
1409 2635 1484 2701 per·

254 2732 368 2809 venit,
388 2740 423 2794 et
442 2732 478 2795 in
497 2749 541 2795 ea
560 2729 735 2811 fervebat,
757 2750 838 2797 cum
853 2734 961 2796 etiam
976 2731 1174 2812 Imperator
1188 2729 1336 2794 Carolus
1355 2738 1391 2793 et
1409 2726 1485 2807 ejus

253 2854 367 2917 soror,
384 2837 521 2918 Regina
535 2838 662 2918 Maria,
683 2856 810 2918 parurn
829 2838 948 2903 allecti
968 2840 1004 2903 in
1023 2837 1252 2917 Societatem,
1275 2846 1313 2901 ut
1336 2852 1483 2917 appare·

252 2944 325 3022 bat,
342 2946 377 3008 in
393 2945 604 3026 Hispaniam
618 2946 800 3010 venissent
815 2964 861 3009 ex
874 2946 1080 3010 Brabantia.
1096 2946 1170 3010 Nec
1185 2945 1269 3026 quid
1288 2944 1486 3024 Imperator

251 3052 499 3117 dissimulabat
513 3051 749 3135 ‘quibusdam
764 3054 927 3117 indictis
944 3053 1013 3134 Qui
1024 3052 1194 3117 Societati
1204 3061 1347 3117 nostrae
1359 3067 1486 3132 parum

249 3168 354 3223 erant
370 3159 514 3237 addicti,
530 3162 627 3223 nacti
641 3160 735 3224 hanc
750 3160 987 3235 occasionem,
1004 3160 1148 3224 liberius
1162 3169 1288 3224 contra
1303 3159 1418 3239 ipsam
1435 3160 1483 3222 lo·

249 3267 467 3347 quebantur;
500 3276 534 3330 et
559 3267 668 3349 aliqui
692 3267 801 3331 etiam
825 3268 1141 3332 obmurmurabant
1166 3267 1262 3348 quod
1287 3266 1485 3347 prohibitus

253 3381 347 3437 esset
360 3374 544 3454 ingressus
559 3371 788 3455 [nostrorum]
804 3376 841 3438 in
856 3374 1000 3439 domum
1015 3375 1190 3455 Principis
1204 3374 1376 3458 Joannae:
1389 3374 1485 3454 quod

256 3479 338 3543 licet
359 3497 484 3544 verum
502 3497 575 3543 non
594 3489 698 3560 esset,
721 3483 804 3562 quia
824 3478 979 3564 [tamen]
998 3498 1146 3562 prorsus
1166 3482 1282 3545 rarius
1305 3480 1350 3544 ad
1369 3482 1484 3562 ipsam

255 3587 367 3649 nostri
383 3586 612 3667 accedebant,
629 3596 663 3651 et
675 3587 734 3651 illa
746 3589 855 3653 etiam
866 3589 904 3651 P.
917 3589 1124 3668 Francisco,
1138 3589 1287 3668 absenti,
1301 3589 1388 3651 nihil
1398 3588 1484 3651 sori·

253 3703 375 3775 pserat
389 3711 454 3774 pro
469 3712 533 3759 suo
548 3712 659 3773 more;
680 3696 855 3776 suspicari
875 3698 954 3777 quis
974 3704 1115 3777 poterat
1135 3694 1268 3778 aliquid
1287 3695 1373 3759 novi
1392 3694 1483 3759 acci·

252 3799 360 3880 disse;
377 3810 412 3864 et
426 3799 506 3865 ideo
520 3802 722 3882 praesentia
737 3800 775 3865 Ρ.
793 3800 914 3866 Araoz
928 3804 964 3866 in
979 3804 1079 3867 curia
1101 3804 1216 3882 magis
1234 3802 1302 3883 ipsi
1321 3818 1482 3866 necessa·

254 3908 308 3971 ria
323 3906 512 3972 videbatur
527 3917 562 3972 et
577 3909 656 3972 aliis
671 3910 899 3989 quibusdam;
916 3910 1081 3992 quamvis
1100 3908 1136 3972 P.
1158 3909 1342 3973 Francisci
1360 3915 1372 3948 ⁴
1393 3910 1484 3973 haec

252 4023 331 4078 erat
343 4016 519 4079 sententia
532 4026 569 4079 ut
581 4016 618 4078 in
628 4016 799 4099 Januario
811 4018 991 4098 sequentis
1004 4018 1088 4081 anni
1098 4018 1215 4082 itineri
1226 4035 1264 4081 se
1277 4018 1415 4096 darent,
1424 4018 1484 4097 qui

252 4119 403 4186 Romam
419 4124 560 4186 venturi
575 4133 690 4203 erant,
706 4142 787 4187 cum
802 4133 922 4189 tamen
936 4135 1077 4205 tempus
1090 4126 1265 4207 hyemale,
1282 4124 1483 4189 hominibus

294 4328 303 4360 ¹
330 4326 403 4371 Inter
414 4330 569 4383 praecipuos
579 4328 719 4374 Socletatis
728 4336 854 4385 patronos
864 4333 1038 4377 numerandus
1048 4339 1088 4377 est
1099 4332 1127 4376 P.
1141 4332 1182 4376 Fr.
1191 4332 1341 4377 Ludovlcns
1351 4333 1383 4376 de
1391 4330 1485 4376 Eutra-

249 4398 292 4451 da,
302 4396 332 4442 0.
343 4398 369 4442 S.
380 4398 467 4455 Berm,
478 4401 552 4455 cujus
562 4401 788 4455 eloquentissimas
799 4406 926 4460 epistolas
938 4404 1019 4449 babes
1030 4404 1056 4449 ln
1067 4404 1164 4449 Carras
1173 4406 1207 4449 de
1218 4404 1274 4448 San
1289 4404 1415 4458 renarro,
1425 4412 1445 4449 t.
1463 4416 1482 4448 11

247 4468 419 4523 paz-5095&

291 4542 302 4573 ¹
329 4541 376 4586 lte.
387 4544 511 4587 eandem.

291 4612 304 4645 ⁸
329 4612 375 4659 Ma.
387 4614 588 4659 dissimularet.

290 4684 304 4718 ⁴
331 4686 453 4741 Borglre.
