3642 5350
332 409 387 470 536
791 409 919 471 Canon.
939 411 1016 471 Soc.
1035 411 1107 484 Jas.

332 555 408 637 ejus
421 555 590 621 Vicarius
605 558 785 637 generalis
800 574 864 638 per
876 575 961 621 suos
976 558 1159 622 ministros
1173 559 1343 639 intimari,
1356 567 1392 622 et
1406 559 1459 623 sic
1469 558 1565 622 vide·

333 665 463 727 bantur
477 673 511 728 et
526 665 694 746 amplecti
708 681 855 729 causam
866 675 1028 730 nostram
1043 674 1078 729 et
1092 667 1126 730 ei
1139 665 1274 730 favere.

392 769 484 834 2320.
527 769 720 852 Supererat
736 771 852 836 adhuc
869 772 1120 852 apprehensio,
1137 791 1243 854 quam
1258 782 1391 837 vocant
1406 779 1477 854 per
1497 772 1563 853 ju·

332 876 471 940 stitae'am
486 877 694 956 Aragoniae
711 876 733 957 ¹,
750 877 859 956 facta,
876 877 912 942 id
927 877 1113 958 flagitante
1124 879 1308 960 parochia,
1320 881 1357 944 in
1372 897 1441 961 qua
1453 878 1563 944 Colle·

332 983 382 1062 gii
397 985 487 1048 situs
506 995 598 1062 erat,
615 993 650 1048 et
664 985 713 1048 ita
729 985 820 1050 nihil
834 983 1025 1049 aedificare
1048 985 1178 1049 licebat
1193 997 1338 1067 propter
1357 985 1565 1066 Aragoniae

330 1089 423 1170 Jura,
440 1092 554 1156 donec
569 1093 655 1157 illud
670 1092 962 1174 impedimentum
976 1093 1171 1158 tolleretur.

393 1197 484 1262 2321.
530 1199 620 1263 Cum
635 1209 782 1280 urgeret
796 1199 968 1280 Princeps
982 1199 1133 1283 Joanna,
1149 1210 1188 1263 ut
1207 1198 1375 1265 Vicarius
1387 1201 1567 1280 generalis

333 1305 604 1387 Archiepiscopi
629 1307 675 1370 ad
695 1323 797 1370 suam
819 1307 956 1371 curiam
979 1309 1134 1386 veniret,
1157 1307 1252 1388 quod
1270 1307 1509 1371 irreverenter
1526 1323 1566 1370 se

332 1411 513 1476 habuisset
528 1429 614 1493 erga
627 1413 766 1493 regiam
781 1412 1021 1493 Majestatem,
1043 1412 1144 1494 cujus
1158 1413 1258 1478 vices
1273 1413 1338 1478 1).ει
1351 1413 1491 1498 Joanna
1505 1429 1586 1494 gen

332 1518 448 1597 rebat,
466 1537 545 1583 curn
561 1521 745 1599 negotium
759 1519 949 1584 Societatis
964 1519 1247 1602 Archiepiscopo
1268 1529 1341 1585 tam
1363 1521 1456 1584 serio
1472 1535 1563 1583 com-

333 1626 530 1706 mendavit;
556 1635 595 1690 ut
618 1627 655 1690 in
679 1628 773 1691 bono
794 1629 929 1692 malum
948 1627 1172 1707 vinceretur,
1194 1636 1234 1692 ut
1253 1627 1567 1707 congererentur⁸

334 1733 509 1798 carbones
524 1749 631 1813 super
647 1742 755 1821 caput
778 1751 912 1812 eorum,
931 1735 1009 1814 ipse
1028 1733 1067 1796 P.
1087 1733 1197 1814 RoJ'as
1212 1735 1258 1799 ad
1277 1734 1414 1799 curiam
1432 1751 1470 1797 se
1484 1751 1566 1796 con·

333 1841 423 1918 tulit,
440 1850 480 1904 ut
495 1841 677 1921 mitigaret
691 1841 894 1922 Principem
910 1841 1099 1925 Joannam,
1113 1852 1160 1922 et,
1176 1851 1214 1906 ut
1225 1841 1410 1906 desisteret
1424 1841 1470 1904 ab
1484 1857 1565 1904 evo·

333 1949 448 2012 cando
467 1948 615 2012 Vicario
636 1948 925 2030 Archiepiscopi‚
952 1950 1168 2029 persuadere
1193 1949 1227 2014 ei
1254 1957 1454 2027 conaretur,
1485 1965 1564 2011 cum

333 2055 408 2136 Jam
427 2057 515 2119 satis
536 2056 689 2120 demisse
710 2073 749 2118 se
771 2064 913 2136 gereret
934 2055 1139 2137 praedictus
1158 2056 1328 2120 Vicarius
1346 2064 1382 2119 et
1403 2071 1565 2136 compen·

336 2179 418 2225 sare
432 2163 524 2226 velle
536 2164 740 2243 praeterita,
758 2163 890 2227 nostris
904 2163 1071 2243 favendo,
1092 2163 1283 2227 videretur.

394 2267 486 2334 2322.
530 2269 703 2348 Quamvis
724 2279 842 2334 autem
862 2269 1066 2334 Vallisoleti
1084 2270 1290 2350 aliquandiu
1317 2271 1353 2334 in
1371 2271 1441 2332 hoc
1458 2285 1566 2347 nego·

331 2377 381 2438 tio
410 2377 467 2440 ille
495 2378 692 2442 elaboravit
720 2379 786 2442 sub
814 2377 921 2442 finem
948 2378 1033 2440 anni
1060 2379 1243 2457 praeteriti
1277 2377 1565 2457 quinquagesimi

332 2483 457 2563 quinti,
473 2485 617 2565 scripsit
631 2485 724 2548 bona
741 2486 882 2566 quidem
897 2485 1009 2549 verba
1024 2484 1091 2548 sibi
1106 2484 1196 2563 dari,
1213 2485 1275 2548 sed
1290 2501 1381 2564 quac
1403 2483 1564 2562 curabat,

334 2590 494 2655 obtinere
508 2609 546 2655 se
561 2592 706 2656 minime
721 2609 827 2673 posse
841 2591 864 2656 ³.
888 2592 926 2655 Id
951 2601 1069 2656 tamen
1090 2601 1304 2655 consecutus
1329 2600 1393 2671 est,
1410 2591 1504 2672 quod
1529 2591 1566 2655 in

333 2699 432 2761 curia
447 2696 757 2778 Caesaraugustae
773 2700 842 2763 hoc
857 2700 968 2781 ipsius
984 2698 1138 2764 officium
1149 2702 1297 2763 multum
1308 2698 1566 2763 aedificationis

334 2804 506 2883 praebuit.
516 2804 586 2869 Sed
595 2806 847 2871 cumrediisset
856 2804 1230 2885 CaesaraugustamP.
1241 2805 1360 2887 RojaS,
1373 2823 1412 2869 re
1422 2805 1563 2885 inlecta,

333 2911 438 2975 facile
462 2912 612 2991 intelligi
631 2914 744 2993 potuit
760 2913 1033 2993 Archiepiscopi
1059 2914 1212 2993 animus,
1240 2914 1300 2994 qui
1314 2913 1471 2977 exterius
1492 2914 1563 2993 qui-

332 3020 413 3082 dem
423 3019 706 3083 benevolentiam
718 3022 819 3084 vultu
833 3038 875 3083 ac
888 3020 1008 3083 verbis
1020 3020 1242 3099 ostendebat,
1269 3020 1564 3101 quemadmodum

331 3123 409 3203 ejus
432 3126 615 3201 VicariuS,
643 3127 766 3191 Abbas
790 3127 981 3205 Veruelae;
1008 3125 1071 3190 sed
1098 3144 1137 3189 re
1166 3126 1245 3207 ipsa
1270 3127 1402 3190 nostris
1421 3126 1564 3191 minime

331 3231 494 3295 fauturos
518 3250 597 3297 esse
616 3234 704 3297 satis
718 3233 981 3313 significarunt,
997 3234 1080 3296 licet
1096 3234 1274 3313 quaedam
1288 3234 1418 3313 gravia
1433 3234 1566 3297 incom-

333 3339 438 3402 moda
450 3339 554 3403 facile
567 3340 739 3419 impedire
753 3341 965 3420 potuissent.

393 3446 484 3510 2323.
526 3446 604 3509 Hoc
642 3449 767 3511 eodem
805 3458 964 3529 tempore
1003 3447 1199 3512 monachus
1241 3448 1387 3527 quidam
1429 3448 1565 3511 ordinis

332 3554 392 3618 Sll
410 3552 630 3635 Hieronymi,
645 3556 704 3635 qui
715 3554 887 3633 Tridenti,
898 3554 1049 3618 Concilii
1061 3564 1233 3635 tempore,
1247 3554 1486 3618 confessarius
1497 3552 1563 3617 Ar·

333 3660 551 3742 chiepiscopi
566 3660 747 3725 Granatae
771 3663 903 3740 fuerat,
926 3678 1007 3725 cum
1027 3640 1301 3725 concionaretur
1319 3659 1562 3740 Caesaraugu-

333 3778 420 3847 stae,
437 3777 509 3832 tam
526 3770 633 3831 multa
655 3778 779 3831 contra
800 3768 1036 3849 frequentiam
1060 3779 1366 3832 sacramentorum
1381 3777 1415 3830 et
1437 3779 1563 3831 contra

331 3874 544 3939 Societatem
560 3886 719 3938 nostram
733 3876 833 3955 dixit,
849 3884 887 3938 ut
899 3877 1117 3939 concitatam
1138 3874 1253 3939 denuo
1274 3875 1459 3938 civitatem
1482 3891 1560 3937 con·

331 3994 385 4045 tra
401 3994 544 4047 nostros
556 3982 778 4061 relinqueret,
799 3993 833 4045 et
853 3982 981 4046 timore
1000 4001 1043 4046 ac
1063 3982 1242 4062 scrupulis
1263 3982 1386 4061 plenos
1401 3998 1479 4060 eos,
1503 3983 1564 4061 qui

330 4099 534 4153 nostrorum
549 4107 656 4169 opera
673 4089 874 4154 utebantur.
891 4090 1122 4153 Adversariis
1137 4099 1256 4153 autem
1279 4104 1448 4167 magnam
1462 4106 1564 4151 occa-

373 4369 381 4399 l
413 4368 480 4411 Vide
490 4379 577 4421 supra,
589 4374 608 4411 t.
620 4378 645 4421 v,
656 4368 775 4421 pagam,
787 4380 811 4411 n.
826 4366 884 4421 loll,
896 4374 923 4410 et
933 4374 1021 4413 annot.
1029 4367 1051 4411 3.

372 4442 385 4473 ⁸
413 4442 455 4484 Ar>
465 4440 529 4483 Rou.
542 4438 631 4493 x11,20.
642 4438 734 4483 2l.-1n
746 4450 793 4482 me.
804 4447 893 4484 eutem
905 4450 956 4483 non
966 4440 1031 4483 aetla
1041 4439 1199 4493 persplcltur
1215 4438 1275 4493 quid
1291 4438 1416 4491 scriptum
1431 4438 1475 4489 εἰς
1492 4436 1565 4480 vidc-

332 4519 375 4556 tur
386 4517 472 4556 tamen
484 4512 696 4556 contererentur.

372 4584 384 4617 ὅ
411 4584 477 4627 Vlde
495 4584 570 4636 lnlra,
589 4596 612 4627 n.
629 4582 684 4626 2698
700 4590 726 4629 et
742 4594 807 4638 neq,
824 4584 867 4627 ubl
886 4584 953 4627 haec
972 4582 1076 4627 uberius
1091 4582 1240 4636 clariusque
1255 4580 1427 4635 explicantur,
1444 4583 1562 4633 etquare

333 4654 458 4710 Princeps
467 4655 565 4707 Joanna
578 4656 669 4699 merito
680 4654 779 4699 infensa
789 4654 877 4699 luerlt.
