3642 5350
772 394 835 460 An.
858 392 929 459 1556
1409 389 1464 457 839

232 554 326 627 cant,
342 544 453 628 quiin
468 544 625 628 Collegio
639 546 731 611 inter
749 546 838 611 alios
853 544 1044 610 infidelium
1058 544 1151 609 filios
1171 544 1461 610 instituebantur.

231 654 321 721 Cum
334 664 453 719 autem
467 653 513 719 ad
528 672 642 719 annos
661 654 862 737 quindecim
883 664 945 717 aut
964 652 1144 718 sexdecim
1170 650 1178 683 ¹
1202 652 1462 733 pervenissent,

232 758 401 845 [volebat]
420 770 458 827 ut
478 776 523 826 ex
536 760 708 842 eorlegio,
724 762 873 826 honesta
888 754 1008 842 aliqua
1028 758 1230 824 conditione
1249 758 1336 839 ipsis
1355 775 1462 840 quae-

233 868 313 949 sita,
330 868 540 949 dimitteret;
561 878 596 934 et
612 868 803 935 verisimile
818 877 884 948 est,
906 867 1038 951 aliquid
1053 867 1169 947 ipsum
1184 866 1401 930 intellexisse
1416 883 1462 930 ex

232 976 301 1041 illis
315 977 445 1057 pueris,
461 992 550 1057 quos
565 992 685 1041 secum
701 973 910 1049 adducebat.
927 975 984 1038 vel
1000 974 1072 1039 alia
1086 974 1237 1051 ratione,
1254 973 1347 1037 unde
1362 973 1462 1037 intel-

233 1082 357 1163 ligeret
372 1099 444 1148 non
456 1083 625 1164 expedire
640 1082 809 1148 Societati
823 1091 863 1147 ut
876 1079 1078 1162 huiusmodi
1097 1097 1227 1163 pucros
1242 1082 1301 1145 vel
1311 1077 1463 1160 juvenes

232 1190 269 1254 iu
283 1189 497 1255 Societatem
511 1190 727 1270 admitteret,
744 1191 802 1255 vel
816 1190 853 1253 iu
868 1189 1027 1271 Collegio
1046 1189 1227 1253 retineret.

291 1296 336 1363 Et
350 1297 440 1363 haec
454 1296 499 1361 de
512 1296 702 1363 Provincia
717 1296 838 1362 Indiae
851 1297 923 1361 sint
937 1296 1034 1362 dicta
1049 1296 1070 1359 ¹.

271 1541 281 1574 ¹
309 1539 355 1586 lie.
367 1538 431 1586 Cum
442 1544 533 1588 nutem
544 1540 674 1586 isaacio
684 1540 768 1585 annis
774 1541 976 1596 pervenissent.

271 1610 283 1645 ί
309 1612 424 1669 Explicit
435 1613 476 1657 bls
485 1613 574 1658 verbis
585 1612 729 1657 chronicon
744 1612 888 1657 societatis
902 1610 981 1667 Jessr.
995 1611 1062 1668 quod
1078 1623 1125 1667 per
1139 1620 1230 1669 pertes
1244 1614 1270 1658 1ιι
1285 1615 1462 1670 superioribus

232 1684 411 1739 voluminibus,
422 1692 499 1739 prout
507 1696 550 1729 res
567 1683 676 1739 serebat,
691 1684 809 1729 breviter
823 1683 1016 1739 descripsimus.
1031 1682 1104 1729 Nunc
1120 1696 1193 1740 vere,
1203 1694 1241 1740 ut,
1258 1698 1324 1741 quee
1335 1687 1464 1733 hactenns

231 1755 285 1799 unis
294 1756 357 1801 locis
365 1767 413 1812 per
423 1763 506 1801 toturn
516 1767 580 1810 opus
589 1767 682 1812 upum
692 1762 759 1811 sunt,
770 1754 873 1801 inclitus
883 1756 993 1812 reperiri
1004 1764 1108 1811 queunt.
1119 1766 1175 1801 reru
1185 1768 1236 1802 non
1247 1758 1364 1803 inutilem
1379 1758 1463 1803 iectu·

231 1836 275 1872 ros
284 1836 396 1872 neeesse
406 1828 592 1882 existimus.
602 1827 624 1872 el
634 1829 738 1877 lumin
749 1827 840 1884 qnibns
852 1826 976 1873 chronici
984 1828 1173 1883 deecrlptiones
1181 1831 1356 1886 continentur,
1368 1840 1463 1875 excuso

228 1897 285 1953 lem
300 1910 387 1955 opere.
402 1899 485 1945 denno
499 1898 774 1945 indicaverim-lit
789 1898 892 1955 quidem
905 1899 990 1955 initio,
999 1906 1018 1945 t.
1032 1910 1050 1954 ι,
1062 1911 1123 1956 με.
1133 1900 1197 1955 5-8,
1207 1902 1239 1945 tie
1248 1903 1335 1958 operi·
1345 1908 1465 1954 auctore.

231 1969 330 2024 Joenue
340 1970 371 2015 tle
381 1969 503 2025 Polsnco.
513 1970 732 2026 praefulserunt
743 1971 774 2015 de
785 1972 942 2021 muneribus.
951 1971 1043 2026 quibus
1054 1971 1109 2026 lpse
1119 1972 1222 2017 iunctus
1232 1973 1259 2017 in
1269 1972 1402 2019 societate
1411 1980 1464 2026 eet,

231 2047 259 2086 et
269 2042 300 2087 de
310 2042 412 2097 uotitln,
420 2053 498 2098 quern
509 2044 632 2097 habebnt,
643 2043 774 2088 hominnm
782 2053 813 2087 ne
822 2052 917 2095 rerum,
925 2049 953 2087 ut
962 2042 1104 2089 Societntis
1111 2044 1247 2090 binum
1254 2045 1464 2091 littetiemnnde·

231 2121 280 2161 ret.
291 2113 433 2160 Praeterea
443 2126 536 2170 scopus
547 2117 580 2160 ub
590 2124 697 2160 sectore
709 2118 832 2168 intentus,
841 2115 910 2160 ratio
920 2116 947 2160 in
955 2115 1091 2161 scribendo
1103 2116 1230 2163 Chronico
1243 2122 1366 2173 serente,
1375 2128 1464 2161 rerum

232 2186 365 2243 dispositio
375 2198 406 2233 ec
417 2188 567 2233 distributio
577 2186 602 2233 ln
612 2189 688 2242 plnrn
698 2186 838 2241 volnmlns;
850 2187 937 2235 omnin
949 2188 1015 2232 heec
1023 2188 1049 2233 in
1059 2189 1209 2234 uuiversum
1218 2189 1398 2243 delibavimus.
1407 2190 1464 2233 loeo

231 2260 314 2304 eltuto
323 2259 405 2304 nostrl
417 2264 435 2304 t.
446 2270 464 2314 ι,
479 2270 539 2314 ρει.
549 2258 613 2306 6-8.

272 2329 352 2375 Porro
363 2331 487 2376 Chronici
496 2342 542 2375 nus.
551 2332 693 2386 volumine,
702 2332 728 2375 lu
739 2340 804 2387 quse
817 2336 899 2375 totum
910 2329 1016 2376 Polsncl
1028 2342 1092 2388 opus
1103 2332 1276 2387 dlttribuitur,
1286 2334 1351 2378 ituec
1361 2339 1430 2378 eunt:

272 2405 299 2457 a)
326 2402 408 2449 Fonte
420 2404 453 2457 16,
469 2416 485 2449 ιι
499 2403 599 2459 reliquo
609 2414 687 2458 opere
697 2408 829 2457 apertu.
843 2414 909 2458 quse
927 2401 1018 2449 Vltsnr
1034 2404 1083 2449 sti.
1100 2404 1196 2461 lgustli
1210 2414 1237 2451 et
1252 2405 1391 2451 Societetie
1404 2404 1465 2459 Jeen

231 2476 306 2521 lnltls
321 2474 556 2521 enutriunt-liner
570 2474 641 2529 tolie,
658 2488 675 2519 e
689 2473 802 2519 Polnnco
816 2476 890 2520 noris
906 2475 981 2519 curis
996 2477 1142 2532 emendate,
1158 2476 1291 2533 descripte
1307 2478 1397 2530 heus.
1414 2482 1433 2523 t.
1448 2488 1467 2534 ι,

233 2558 293 2604 pez.
304 2547 325 2601 7,
338 2547 408 2592 edite
418 2559 434 2592 ιι
445 2549 518 2593 nobis
528 2552 547 2592 t.
558 2558 574 2601 ι,
585 2558 644 2603 Pet·
657 2547 733 2591 9-71.

271 2620 297 2670 b)
325 2618 453 2665 Vononen
464 2632 510 2665 niu.
520 2622 548 2665 in
559 2619 690 2676 4.⁰-·lioc‚
699 2619 760 2664 lieet
768 2620 898 2676 posterius
906 2622 1125 2677 quamsequentin
1134 2622 1409 2666 volumlnnenretuus
1417 2622 1463 2676 uit,

231 2695 304 2747 prius
313 2700 400 2738 temen
410 2700 450 2738 est
460 2693 550 2738 ordine
560 2693 689 2748 temporie·
699 2704 743 2738 res
757 2693 824 2737 eninr
838 2699 986 2747 pertrectat
1000 2696 1034 2738 eb
1048 2705 1116 2739 enno
1132 2694 1184 2738 1517
1200 2695 1234 2740 sd
1251 2694 1310 2748 1519,
1326 2695 1434 2749 ideoque
1445 2706 1462 2738 ιι

231 2765 305 2810 nobis
316 2765 497 2822 praepositum.
503 2763 691 2811 -Deecribltur
702 2771 719 2809 t.
731 2775 747 2820 ι,
758 2775 818 2820 ραι.
828 2763 900 2808 tono:
912 2767 1060 2810 continetur
1069 2766 1095 2810 in
1105 2773 1195 2811 nostro
1206 2773 1225 2809 t.
1234 2777 1252 2818 ι,
1264 2777 1323 2821 ραι.
1331 2765 1417 2810 mii.

271 2839 295 2893 c)
322 2837 396 2883 Hunc
406 2838 499 2882 librum
514 2838 543 2882 in
557 2837 597 2882 4.·
611 2847 671 2882 tntu
685 2837 739 2882 elin
754 2839 805 2881 vol.
821 2848 867 2881 nis⁴
885 2837 914 2880 in
925 2837 996 2892 solio
1012 2839 1112 2882 minori
1127 2837 1461 2893 consequuntnrel'motr

232 2909 324 2956 borum
338 2910 400 2965 vol..
414 2909 481 2966 quod
496 2920 541 2954 res
555 2915 643 2965 gestes
658 2911 691 2954 eb
706 2920 772 2954 enno
790 2909 842 2953 1519
859 2909 893 2952 ed
910 2909 959 2952 1551
976 2910 1168 2965 complectitur,
1181 2911 1340 2965 descriptum
1355 2915 1396 2954 eet
1411 2914 1430 2953 t.
1448 2920 1465 2964 ι,

231 2993 292 3038 ρας.
301 2981 348 3036 Μς
359 2981 466 3038 explicit
476 2981 576 3026 veroin
586 2987 675 3026 nostro
685 2987 705 3027 t.
716 2992 743 3036 ιι,
754 2992 814 3036 ρει.
825 2981 873 3026 ili.

272 3053 408 3098 smuttuuu
418 3054 469 3098 vol.
480 3063 536 3108 rus..
546 3053 614 3110 quod
624 3063 667 3098 ree
676 3053 791 3098 continet
801 3054 836 3097 nb
851 3064 919 3098 enno
934 3053 988 3098 tuot
1005 3055 1039 3098 ed
1054 3055 1114 3104 1564.
1131 3055 1290 3110 descriptum
1306 3056 1387 3101 beben
1403 3062 1422 3101 t.
1438 3066 1465 3111 ιι,

231 3137 290 3182 pne.
300 3127 349 3180 ⁴¹⁹3
361 3125 460 3170 nnitun
470 3135 543 3181 vero,
555 3131 574 3170 t.
584 3135 620 3169 ιν.
631 3135 692 3181 pap.
708 3125 757 3169 ⁶77.

271 3196 387 3242 Τιιιτιιιιι
396 3197 505 3253 denique
516 3199 566 3242 vol.
578 3208 634 3252 rus..
646 3197 714 3253 quod
724 3197 861 3242 historiam
872 3196 1013 3244 Societntlt
1023 3200 1057 3242 eb
1065 3209 1133 3244 nuno
1142 3198 1196 3244 lito
1204 3199 1238 3244 etl
1251 3199 1303 3244 ibbo
1312 3208 1412 3252 narrat,
1421 3200 1464 3244 de·

231 3270 355 3314 scribitur
365 3275 384 3314 t.
395 3282 422 3323 v,
432 3279 493 3324 pne.
501 3269 523 3324 ὃς
534 3280 601 3314 nunc
611 3270 717 3313 taudem
727 3269 868 3324 nilquendo
878 3269 1151 3326 absolvitur.-ntqne
1162 3271 1227 3316 lueet
1237 3271 1268 3314 de
1281 3273 1368 3327 operis
1382 3271 1465 3326 ipsine

232 3342 415 3398 incriptione.

272 3414 314 3460 An
324 3420 426 3470 tempus
435 3422 523 3460 nutem
532 3416 600 3470 qnod
610 3415 714 3468 attinet,
725 3424 775 3469 qno
787 3413 932 3459 chronicon
942 3415 1068 3472 scripturn
1078 3423 1128 3468 est.
1139 3427 1171 3458 ex
1181 3415 1237 3471 lpso
1248 3414 1361 3460 Polsneo
1375 3414 1463 3470 colligi

232 3493 327 3544 potest,
337 3493 348 3531 t
363 3499 381 3543 ι,
391 3499 452 3544 png.
461 3487 482 3542 7,
493 3499 518 3532 u.
527 3488 549 3540 2.
559 3487 622 3532 illud
633 3487 783 3532 inchoatum
792 3487 894 3542 quidem
905 3488 994 3536 inisse.
1004 3487 1060 3533 Sto.
1070 3487 1173 3542 ignatio
1180 3489 1265 3532 edbuc
1273 3490 1299 3532 in
1308 3488 1378 3532 vivis
1385 3499 1464 3543 ezen-

233 3567 269 3615 ιο,
284 3559 462 3604 continuatum
480 3569 541 3603 vero
558 3568 653 3613 magun
670 3569 702 3604 ex
718 3565 800 3613 perte,
817 3565 843 3603 et
860 3560 1016 3608 absolutum.
1032 3559 1247 3616 quemadmodum
1268 3559 1388 3612 diximus,
1407 3565 1428 3603 t.
1446 3569 1464 3609 ι,

233 3642 293 3687 pet.
302 3631 338 3686 77,
348 3637 435 3676 annot.
448 3633 467 3686 1,
477 3631 648 3685 “temporibus
659 3629 787 3675 Evererdl
797 3629 962 3686 Mercuriani,
970 3631 1026 3686 lunt
1040 3631 1186 3686 Praepositi
1201 3629 1346 3683 Generalis.
1364 3640 1393 3676 ιιι
1409 3632 1467 3686 pls·

234 3703 367 3748 ulssimum
377 3710 416 3748 est
426 3713 456 3748 ex
466 3713 532 3747 euno
543 3701 596 3746 toti
605 3701 633 3756 [t.
645 3713 661 3754 ι,
671 3713 731 3756 pag.
741 3701 824 3754 illisu.
834 3701 893 3756 7591,
904 3704 976 3758 cujus
989 3703 1134 3759 Preepoeiti
1146 3705 1242 3747 mentio
1253 3701 1304 3758 nn„
