3642 5350
743 446 802 511 Art.
824 436 894 511 lota
1382 434 1438 511 337

273 592 360 663 1379.
404 592 568 662 Habebat
580 605 698 663 autem
709 608 828 680 empta
840 597 1118 680 domusputeum
1129 613 1244 678 aquae
1256 597 1438 678 optimum;

211 715 247 771 et
259 708 365 789 paulo
380 704 495 786 majus
509 705 674 785 pretium,
687 722 795 786 quam
809 705 983 770 creditum
999 703 1099 768 initio
1113 703 1241 784 fuerat,
1258 720 1323 784 pro
1334 703 1440 768 domo

213 814 281 878 hac
295 813 387 878 solvi
400 812 567 892 oportuit;
583 814 646 877 sed
660 812 880 877 commodius
891 812 1004 876 nostri
1015 810 1177 876 habitare
1188 820 1393 903 coeperunt,
1406 820 1441 876 et

213 922 250 986 in
273 917 466 1001 praedictis
490 919 696 984 ministeriis
721 937 808 984 sane
832 928 971 983 etcum
994 934 1125 998 magna
1149 918 1441 1000 populiutilitate

214 1027 422 1110 pergebant.

277 1133 365 1198 1380.
408 1133 454 1199 Et
468 1134 632 1215 quamvis
646 1150 704 1197 res
723 1142 817 1214 esset
837 1133 943 1197 valde
957 1150 1064 1213 nova,
1085 1133 1338 1198 assuescebant
1357 1133 1443 1199 nihi
1470 1164 1475 1176 ι

215 1241 367 1307 lominus
393 1240 439 1307 ad
462 1241 682 1322 frequentem
707 1257 809 1306 usum
834 1250 1157 1320 sacramentorum,
1181 1258 1272 1323 quae
1293 1260 1339 1306 ex
1358 1243 1444 1305 assi-
1548 1270 1552 1277 ·

216 1351 285 1415 duo
301 1349 423 1415 auditu
437 1357 472 1414 et
486 1348 658 1413 concione
672 1348 856 1413 doctrinae
870 1348 1087 1412 christianae
1099 1349 1323 1429 sequebatur.
1395 1389 1398 1400 =

278 1455 366 1520 1381.
411 1453 499 1521 Cum
515 1456 580 1520 sub
595 1454 700 1519 finem
713 1455 809 1538 Junii
824 1453 861 1519 P.
879 1454 1057 1519 Antonius
1070 1454 1275 1520 Messanam
1288 1456 1451 1532 venisset-

217 1564 264 1630 ad
276 1562 544 1646 professionem,
561 1572 600 1627 ut
616 1562 769 1627 diximus
786 1560 807 1640 ¹,
823 1562 1065 1643 emittendam,
1081 1562 1119 1626 in
1135 1562 1296 1647 morbum
1311 1563 1446 1641 incidit;
1469 1617 1473 1623 .

218 1671 298 1736 ideo
313 1687 384 1735 non
399 1678 481 1734 ante
496 1669 602 1734 finem
615 1669 713 1753 Julii,
734 1686 816 1734 cum
832 1668 907 1749 jam
926 1669 1179 1748 convaluisset,
1199 1669 1374 1736 Catanam
1394 1689 1448 1736 re·

220 1778 295 1858 diit,
312 1777 371 1842 ubi
387 1776 529 1842 Patrem
548 1774 743 1841 Sancbium
761 1794 842 1841 cum
862 1776 969 1840 sociis
982 1776 1126 1840 minime
1141 1777 1277 1841 otiosos
1296 1778 1445 1858 invenlt;

221 1885 356 1951 namin
375 1884 605 1949 concionibus
627 1892 662 1949 et
683 1883 965 1948 confessionibus
984 1884 1234 1965 primariorum
1247 1882 1324 1965 ejus
1332 1886 1446 1965 urbis,

223 1994 308 2059 etin
323 1992 504 2058 morituris
515 1990 684 2073 juvandis
699 1991 884 2072 perutilem
895 2008 1042 2072 operam
1052 1999 1087 2055 et
1097 1990 1236 2056 civibus
1247 2004 1450 2074 pergratam

225 2102 383 2165 navabat
398 2098 421 2159 ⁸.

287 2207 375 2273 1382.
418 2206 476 2271 Ab
503 2206 769 2287 aegrotantibus
794 2216 915 2271 autem
938 2208 1065 2271 vocari
1084 2210 1199 2273 nostri
1222 2208 1451 2289 incipiebant,

225 2315 320 2397 quod
334 2314 433 2379 initio
447 2331 519 2379 non
532 2314 702 2393 fecerant,
719 2314 813 2395 quod
824 2314 1069 2379 existimarent
1084 2325 1226 2381 nostros
1237 2325 1340 2381 extra
1351 2332 1454 2380 suam

227 2423 415 2489 ecclesiam
430 2420 673 2487 confessiones
687 2438 758 2485 non
773 2422 908 2500 audire,
925 2439 968 2486 eo
986 2423 1082 2504 quod
1101 2424 1173 2487 alia
1193 2433 1419 2489 sacramenta
1433 2440 1455 2487 a
1546 2449 1551 2459 ·

226 2530 360 2595 nostris
373 2528 578 2606 ministrari,
595 2538 737 2609 praeter
752 2529 1037 2594 communionem
1052 2540 1087 2594 et
1099 2530 1372 2611 confessionem,
1385 2549 1457 2595 non

227 2638 407 2718 videbant;
423 2645 458 2702 et
473 2638 642 2703 tamenin
661 2636 812 2701 ecclesia
830 2646 955 2701 nostra
974 2645 1009 2703 et
1029 2638 1226 2721 baptismus
1240 2648 1276 2704 et
1295 2648 1458 2705 extrema

229 2747 350 2811 unctio
374 2755 409 2810 et
433 2743 698 2809 matrimonium
717 2744 910 2808 ministrari
927 2745 1128 2809 hominibus
1148 2747 1297 2827 solebat,
1320 2747 1459 2812 Catane

230 2854 323 2919 enim
337 2854 452 2917 nullas
466 2852 572 2916 habet
587 2851 776 2932 parochias
790 2849 818 2929 ³,
839 2861 875 2914 et
894 2852 944 2916 ita
964 2853 1001 2916 in
1022 2854 1186 2918 omnibus
1200 2854 1363 2919 ecclesiis
1383 2871 1461 2936 pre·

231 2960 365 3042 sbyteri
386 2959 504 3024 omnia
520 2967 746 3024 sacramenta
761 2958 1025 3039 ministrabant,
1042 2969 1078 3024 et
1096 2959 1177 3026 ideo
1196 2979 1218 3025 a
1236 2961 1370 3026 nostris
1392 2947 1461 3027 boc

231 3070 347 3150 ipsum
361 3067 605 3149 expetebatur,
621 3065 786 3146 quamvis
801 3065 877 3130 sine
893 3067 1094 3132 animarum
1109 3085 1209 3133 cura.

296 3173 383 3238 1383.
428 3172 531 3254 Quod
554 3173 586 3237 si
606 3173 675 3237 hoc
700 3191 828 3238 munus
849 3175 1075 3240 ministrandi
1097 3184 1325 3242 sacramenta
1349 3177 1464 3242 nostri

233 3283 475 3359 admisissent,
504 3290 577 3345 tota
603 3279 732 3344 civitas
757 3281 804 3344 ad
823 3297 886 3344 eos
899 3291 1052 3347 ventura
1067 3282 1291 3348 credebatur.
1309 3285 1465 3366 Optabat

234 3391 344 3455 etiam
358 3389 556 3470 Episcopus
574 3396 613 3452 ut
631 3387 745 3451 nostri
764 3389 832 3451 hoc
853 3404 943 3452 onus
961 3389 1133 3469 subirent,
1149 3391 1213 3455 sed
1232 3391 1270 3456 P.
1287 3391 1466 3456 Antonius

236 3499 344 3562 talem
359 3513 432 3562 non
443 3513 522 3560 esse
537 3495 828 3560 consuetudinem
844 3494 1032 3560 Societatls
1046 3497 1230 3578 respondit
1244 3499 1281 3562 in
1296 3499 1376 3562 aliis
1390 3499 1466 3564 Col·

238 3605 352 3685 legiis;
372 3615 407 3669 et
426 3613 500 3668 tres
518 3603 579 3667 alii
599 3604 656 3666 vel
682 3611 834 3684 quatuor
855 3603 1009 3683 operarii
1034 3607 1229 3669 necessarii
1254 3606 1413 3686 fuissent,
1437 3606 1468 3670 si

239 3713 359 3777 omnia
373 3721 598 3776 sacramenta
614 3711 659 3774 ab
674 3710 725 3774 eis
740 3708 890 3774 fuissent
901 3709 1195 3793 administranda;
1211 3722 1247 3777 et
1261 3723 1300 3778 ut
1314 3715 1468 3794 singula·

240 3838 316 3886 rem
330 3821 485 3900 gratiam
503 3818 702 3901 Episcopus
721 3825 756 3881 et
775 3817 945 3882 Vicarius
967 3819 1036 3885 hoc
1057 3839 1079 3884 a
1099 3819 1137 3885 P.
1154 3820 1294 3902 Ignatio
1315 3822 1469 3902 postula·

239 3929 336 4006 bant;
351 3928 415 3992 sed
429 3919 579 4006 litterae,
593 3926 708 4007 prima
719 3924 874 4006 Augusti
885 3927 932 3990 ad
947 3945 1027 3991 eum
1037 3928 1205 4009 scriptae,
1218 3929 1255 3992 in
1270 3929 1376 3993 terris
1390 3945 1470 3993 eum

241 4052 313 4100 non
329 4035 553 4100 invenerunt.

283 4281 293 4314 Ι
321 4278 414 4336 Supra,
425 4289 485 4334 pez.
495 4277 544 4332 276,
556 4288 580 4324 1.
592 4277 652 4323 11118.

281 4353 294 4386 ¹
320 4351 367 4398 lle.
379 4354 538 4397 novaverat.

282 4424 295 4458 ⁸
320 4423 440 4479 lutellfae
453 4434 502 4479 qno
517 4429 634 4478 tempore
649 4421 776 4467 Polancue
790 4422 920 4466 scribebat
936 4421 1041 4467 nuliam
1056 4433 1113 4467 esee
1123 4422 1293 4478 parochiam,
1307 4425 1348 4470 cul
1363 4430 1437 4470 certa
1447 4431 1473 4472 et

244 4495 350 4542 dedulte
359 4497 432 4541 urble
441 4495 514 4550 regio
524 4494 603 4539 fuerit
618 4493 755 4538 attrlbuta:
770 4504 830 4538 nam
845 4506 878 4538 ex
889 4493 987 4538 Roccru
997 4493 1082 4548 Ριιιι,
1099 4494 1258 4539 Cataneneie
1273 4495 1412 4542 Ecclesiae
1421 4496 1474 4541 No·

245 4566 468 4622 1111111111.ὀῆ
483 4565 562 4610 ¹'Sunt
572 4565 698 4620 [tempore
712 4565 814 4620 quidem
829 4565 919 4620 lpetar]
936 4563 1053 4610 Catum
1068 4563 1130 4610 vul
1145 4565 1280 4612 Ecclesiae
1299 4568 1475 4624 parochiales,

246 4651 312 4697 ques
321 4639 531 4684 Sacramentelee
541 4638 684 4694 appellant,
694 4636 761 4692 quod
771 4637 796 4682 11
807 4637 845 4682 111
855 4637 941 4682 omnia
957 4636 1128 4684 Sacramenta
1138 4649 1154 4684 1
1164 4640 1327 4696 presbyteri·
1336 4642 1476 4687 saeculari·

247 4707 542 4764 bneedmlnletrantur,

392 4798 429 4862 T.
451 4815 490 4860 vr.
1266 4815 1300 4860 aa
