3642 5350
786 426 850 485 An.
872 424 942 485 1556
1426 369 1490 479 427⁸

249 574 342 637 sium
356 584 562 655 perspectos
576 572 615 637 P.
631 573 838 638 Leonardus
854 572 1019 637 habebat.
1035 571 1138 635 Multi
1152 570 1259 635 etiam
1270 571 1479 651 praeclarae
1507 574 1511 583 “

250 680 378 745 indolis
399 678 565 761 J'uvenes,
591 681 722 762 partim
747 680 893 745 admissi
917 679 954 743 in
977 678 1207 757 Societatem,
1233 677 1382 758 partim,
1408 677 1478 739 boc

250 787 366 868 ipsum
381 789 615 868 postulanteS,
632 786 706 867 ejus
721 786 837 851 Patris
857 786 1006 851 consilio
1025 784 1172 866 regendi
1186 794 1221 849 et
1239 783 1478 849 conservandi

250 902 362 957 erunt.

314 998 401 1065 1839.
445 999 581 1065 Domus
606 1002 713 1065 etiam
737 1002 814 1065 sine
832 1002 912 1065 ullis
934 1000 1103 1064 reditibus
1131 1009 1208 1064 erat
1232 997 1476 1076 sustentanda,

250 1124 315 1169 nec
332 1124 353 1169 a
368 1107 562 1171 coloniensi
577 1108 722 1172 civitate
742 1108 935 1189 quidquam
955 1109 1117 1188 accipere
1136 1105 1362 1185 expediebat,
1384 1122 1476 1185 quae

251 1222 391 1277 nostros
405 1232 450 1277 ex
465 1215 678 1295 patrimonio
694 1216 816 1279 vivere
830 1214 1082 1293 arbitrabatur,
1098 1231 1165 1278 nec
1177 1213 1280 1277 facile
1291 1212 1405 1275 videri
1416 1228 1476 1292 po·

249 1329 360 1399 terat,
381 1321 438 1384 cui
457 1324 563 1385 talem
585 1339 708 1385 curam
725 1320 763 1385 P.
784 1321 992 1386 Leonardus
1014 1330 1133 1401 posset
1157 1320 1387 1383 committere.
1407 1317 1476 1382 Ac·

250 1428 357 1490 cessit
381 1426 506 1491 deinde
529 1428 693 1493 debilitas
715 1428 962 1509 aegritudinis,
984 1445 1076 1509 quae
1094 1445 1165 1491 non
1185 1429 1299 1491 solum
1317 1427 1476 1489 laborem

249 1532 385 1597 itineris
409 1534 636 1615 impediebat,
663 1535 725 1599 sed
749 1535 856 1599 etiam
882 1535 977 1599 domi
1000 1533 1178 1598 fulcienda
1202 1546 1280 1597 erat
1304 1532 1475 1614 peculiari

251 1642 366 1706 victus
380 1644 533 1727 ratione3
551 1642 611 1706 sed
627 1652 795 1723 cum‚t0to
810 1642 878 1705 hoc
894 1659 988 1704 anno
1007 1640 1157 1704 Romam
1176 1640 1390 1703 veniendum
1404 1656 1477 1703 non

250 1758 355 1828 esset,
372 1750 526 1813 cessavit
541 1752 735 1813 necessitas
749 1766 919 1830 praesens
933 1748 1173 1829 profectionis.

313 1854 400 1920 1840.
444 1856 483 1920 In
508 1856 668 1937 sequenti
691 1866 826 1935 tamen,
855 1866 892 1919 ut
918 1856 1111 1933 videbitur,
1131 1854 1282 1918 Romam
1300 1854 1409 1917 venit.
1432 1854 1478 1917 Et

251 1962 340 2026 haec
355 1962 398 2027 de
412 1963 615 2028 Coloniensi
629 1964 801 2043 Collegio.

313 2068 401 2133 1841.
445 2068 648 2150 Adjubgam
663 2082 792 2149 tamen,
805 2070 901 2150 quod
913 2088 1034 2134 rumor
1045 2070 1114 2133 hoc
1125 2088 1221 2133 anno
1230 2070 1264 2133 in
1277 2088 1320 2133 ea
1331 2070 1478 2132 civitate

250 2192 396 2257 sparsus
410 2178 487 2257 suit,
500 2178 543 2241 de
559 2177 711 2260 quodam
726 2178 833 2258 fonte,
846 2178 886 2241 28
902 2176 911 2209 ¹
926 2180 1134 2242 milliaribus
1148 2178 1295 2243 Colonia
1310 2178 1476 2255 distante,

249 2282 305 2364 (de
319 2302 389 2365 quo
404 2266 657 2365 Suffraganeus
667 2285 702 2348 in
714 2284 854 2366 publico
866 2295 1038 2366 suggestu
1051 2286 1264 2350 mentionem
1274 2284 1369 2364 fecit)
1381 2284 1476 2364 quod

248 2398 320 2454 tres
335 2392 433 2454 caeci
447 2392 667 2455 colonienses
683 2392 727 2456 ad
740 2409 820 2455 eum
833 2392 1012 2456 venisseut
1023 2411 1085 2474 spe
1096 2393 1213 2457 visum
1227 2392 1474 2473 recuperandi,

249 2506 284 2560 et
297 2497 343 2562 ad
358 2496 393 2560 id
409 2498 589 2562 orationes
604 2498 805 2562 auditorum
824 2495 1078 2579 Suffraganeus
1093 2499 1311 2579 postulabat;
1327 2516 1410 2562 nam
1429 2500 1476 2561 le·

251 2621 377 2685 prosos
392 2605 566 2686 mundari,
580 2622 709 2668 caecos
723 2604 926 2684 illuminari,
938 2605 1066 2669 surdos
1078 2605 1235 2669 auditum
1249 2623 1475 2687 recuperare,

248 2723 282 2775 et
297 2711 438 2775 demum
454 2729 577 2776 omnes
591 2714 782 2792 languores
797 2712 845 2776 ibi
861 2713 980 2776 curari
999 2712 1188 2776 ferebatur.
1207 2712 1251 2775 Et
1270 2713 1349 2792 plus
1367 2729 1475 2792 quam

249 2818 342 2882 mille
357 2820 518 2884 homines
532 2819 680 2900 putabat
694 2819 732 2882 P.
747 2819 954 2884 Leonardus
968 2819 1014 2884 ad
1027 2819 1160 2882 iontem
1175 2819 1271 2882 illurn
1286 2818 1474 2901 confluere.

249 2923 317 2989 Sed
343 2942 423 2990 cum
445 2938 542 2990 certa
562 2944 601 2989 se
621 2928 836 3008 scripturum
860 2927 1089 3006 polliceretur
1113 2934 1191 3006 post
1222 2925 1374 2989 reditum
1398 2943 1475 2988 cae·

250 3048 374 3096 corum
394 3042 429 3096 et
448 3033 598 3096 aliorum
620 3033 896 3113 aegrotantium,
917 3033 1193 3114 necquidquam
1218 3032 1370 3112 amplius
1390 3032 1475 3095 scri·

249 3139 370 3219 pserit,
387 3139 579 3203 verisimile
594 3150 729 3202 estnon
742 3139 872 3218 omnia,
886 3156 976 3220 quae
988 3140 1234 3220 sperabantur,
1247 3139 1474 3204 successisse.

287 3415 295 3449 ⁴
325 3416 383 3460 Non
392 3424 465 3460 certo
475 3417 557 3461 statui
568 3423 654 3470 potest
670 3429 702 3460 an
713 3416 849 3470 legendum
864 3417 898 3460 sit
913 3415 949 3460 28
959 3417 1001 3460 vel
1016 3417 1061 3460 25:
1072 3427 1118 3459 nos
1127 3417 1194 3471 quod
1204 3417 1363 3472 probabilius
1371 3416 1477 3460 videtur

245 3485 403 3541 rcrlpslmue.
