3642 5350
324 381 383 447 tto
786 380 1100 463 tantustantus.
1181 341 1186 350 Ι

389 531 462 598 803;
505 529 832 617 Valdepropensus
846 544 925 600 erat
942 534 979 599 P.
996 534 1160 599 Andreas
1171 530 1218 599 ad
1232 530 1479 599 stabiliendum
1491 529 1556 597 Ar·

330 650 461 721 gemae
476 642 686 723 Collegium,
701 655 738 708 et
751 653 897 725 propter
910 644 1085 708 vilitatem
1100 658 1218 707 rerum
1233 641 1278 705 ad
1290 642 1423 705 victum
1437 656 1555 705 neces·

330 749 507 815 seriarum
525 763 597 815 non
615 752 756 831 maguis
775 768 858 815 cum
876 751 1047 815 reditibus
1066 768 1171 832 posse
1192 758 1392 814 sustentare
1413 757 1556 813 nosses

330 856 556 922 existimabat
568 878 578 937 ,·
608 876 689 923 cum
718 859 928 940 praesertim
958 867 1147 940 utcumque
1179 856 1555 939 suppellectilibus‘iu·

331 965 456 1028 structi
477 975 607 1046 essent,
630 982 721 1048 quae
742 966 788 1031 ad
812 977 965 1048 quatuor
984 968 1042 1030 vel
1060 966 1213 1048 quinque
1235 980 1280 1029 ex
1299 964 1431 1029 nostris
1454 973 1555 1029 eraut

331 1072 547 1137 necessaria.
1320 1081 1324 1088 '

389 1177 461 1243 804.
504 1180 707 1262 Antequam
734 1183 916 1247 recederet
944 1183 1105 1263 Argenta
1134 1180 1171 1245 P.
1203 1179 1555 1260 Andreas,·domum

330 1287 473 1350 omnino
488 1289 672 1353 emendam
685 1291 846 1369 curabat;
858 1300 892 1354 et
907 1290 1051 1370 quidam
1066 1290 1201 1353 amicus
1212 1288 1373 1352 ducentis
1384 1290 1503 1351 aureis
1513 1285 1556 1349 de

330 1392 484 1474 quadam
497 1394 646 1460 emenda
660 1398 840 1477 convenit,
861 1407 896 1461 et
916 1405 1137 1461 contractum
1152 1395 1346 1477 stipulavit.
1363 1393 1468 1457 Pater
1483 1393 1557 1475 qul·

329 1500 411 1565 dem
433 1501 641 1567 Pelletarius
662 1522 684 1567 a
708 1503 747 1569 P.
773 1505 912 1585 ignatio
938 1513 1137 1585 acceperat,
1163 1520 1245 1567 cnm
1269 1502 1385 1566 adhue
1406 1502 1554 1578 viveret,

328 1606 533 1675 facultatem
556 1610 697 1675 domum
719 1612 858 1676 emendi
888 1613 908 1689 ⁸,
933 1613 962 1676 si
986 1612 1118 1676 nostris
1135 1610 1321 1690 Argentae
1343 1607 1556 1673 manendum

330 1724 419 1793 erat;
435 1725 469 1780 et
485 1719 535 1782 ita
550 1734 621 1781 non
637 1718 853 1783 contradixit
867 1719 1038 1799 emptioni
1050 1718 1124 1798 jam
1137 1717 1264 1782 dictae.
1356 1762 1360 1769 ·

389 1822 463 1889 805.
505 1823 750 1890 Communitas
774 1826 852 1907 ipsa
876 1826 1061 1906 Argentae
1080 1842 1164 1889 suos
1188 1826 1267 1889 illos
1288 1823 1476 1903 sexaginta
1497 1838 1555 1887 au·

332 1946 415 1994 reos
432 1930 456 2011 ¹,
477 1943 538 1995 aut
553 1934 658 2013 paulo
672 1934 825 2014 amplius
839 1934 1050 2015 applicabat.
1071 1932 1115 1997 Et
1131 1931 1332 1997 Cardinalis
1347 1928 1407 1994 SA*
1427 1929 1557 2009 Angeli

322 2038 524 2105 subsidium
545 2038 711 2104 frumenti
730 2051 766 2105 et
788 2041 861 2104 uini
881 2042 1029 2105 daturus
1048 2049 1136 2104 erat.
1159 2040 1297 2119 Agrum
1311 2038 1556 2118 etiam'quem·

330 2144 425 2225 dam,
442 2144 625 2226 Argentae
649 2148 818 2228 vicinum,
838 2167 860 2212 a
880 2147 981 2211 Duce
1001 2166 1039 2211 se
1059 2147 1259 2211 habiturum
1275 2154 1354 2227 post
1373 2142 1557 2225 cujusdam

331 2252 427 2315 senis
441 2264 589 2318 mortem
605 2256 784 2336 sperabat;
799 2266 834 2320 ct
848 2256 989 2321 iuterim
1008 2274 1073 2320 sex
1093 2272 1197 2336 posse
1217 2255 1262 2318 de¹
1276 2252 1408 2317 nostris
1423 2260 1558 2315 susten·

333 2360 403 2423 tari
416 2359 545 2441 ajebar3
566 2372 603 2425 et
617 2363 707 2427 inter
722 2364 811 2427 alias
825 2380 966 2443 causas,
982 2372 1127 2445 propter
1141 2378 1230 2444 quas
1253 2361 1493 2442 Argentenses
1507 2376 1559 2423 re·
1611 2416 1616 2423 .

332 2466 445 2530 tinere
460 2466 497 2531 P.
516 2469 695 2533 Andream
710 2471 910 2551 cupiebant,
928 2472 1016 2535 haec
1035 2480 1123 2549 erat,
1140 2479 1177 2532 ut
1193 2477 1311 2550 empta
1326 2468 1452 2533 domus
1466 2465 1559 2530 aedi·

336 2572 437 2637 ficari
450 2583 485 2638 et
500 2577 621 2639 ornari
642 2588 773 2657 posset,
797 2594 880 2641 nam
900 2577 976 2659 eius
990 2578 1261 2659 propensionem
1279 2575 1368 2639 bene
1385 2582 1559 2638 noverant

333 2681 379 2745 ad
394 2700 454 2746 res
467 2681 653 2749 societatis
669 2685 852 2766 Argentae
866 2686 1106 2750 stabiliendas

392 2787 465 2854 806.
507 2790 577 2856 Sed
591 2791 630 2856 P.
643 2793 802 2875 Baptista
819 2793 939 2859 Velati
958 2793 1059 2858 aliter
1074 2793 1258 2872 sentiebat,
1279 2799 1314 2856 et
1333 2809 1405 2856 non
1425 2805 1559 2872 paucos

321 2913 413 2961 esse
431 2897 586 2980 scripsit,
606 2899 666 2980 qui
687 2901 900 2982 emptionem
921 2900 1065 2964 interire
1087 2901 1228 2979 vellent,
1250 2899 1354 2963 sicuti
1373 2905 1407 2962 et
1426 2897 1480 2962 bis
1499 2896 1558 2961 im·

332 3003 529 3085 pedieraut,
544 3023 625 3070 cum
639 3007 729 3070 alios
742 3008 831 3072 situs
846 3019 965 3072 essent
980 3008 1093 3071 nostri
1104 3007 1267 3088 empturi;
1285 3015 1319 3070 et
1329 3006 1409 3070 ideo
1421 3014 1558 3069 secreto

335 3113 601 3192 transigebatur
621 3114 711 3178 haec
733 3115 857 3179 ultima
878 3116 1022 3196 emptio,
1044 3114 1145 3195 cuius
1170 3123 1392 3178 contractum
1419 3127 1562 3193 suspen·

334 3218 418 3283 dere
432 3218 470 3284 P.
487 3219 648 3302 Baptista
664 3222 855 3301 nitebatur,
871 3222 984 3286 donee
999 3222 1212 3286 sententiam
1227 3238 1329 3287 suam
1341 3219 1379 3284 P.
1394 3219 1562 3285 Vicarius

334 3327 479 3408 Laynez
499 3327 681 3393 scriberet.
704 3328 742 3393 Si
762 3339 880 3394 tamen
902 3340 1053 3410 quatuor
1074 3338 1135 3391 aut
1160 3329 1314 3410 quinque
1338 3327 1440 3391 annis
1465 3343 1561 3390 man·

334 3451 418 3498 sura
443 3445 540 3499 esset
563 3433 725 3500 Societas
748 3436 944 3516 Argentae,
972 3437 1140 3517 expedire
1165 3437 1298 3518 etipse
1321 3433 1502 3515 judicabat
1523 3441 1562 3497 ut

322 3541 466 3623 emptio
498 3541 749 3621 conficeretur;
786 3553 821 3608 et
851 3544 919 3608 hoc
948 3545 984 3607 in
1016 3552 1109 3607 statu
1140 3561 1261 3607 mense
1289 3541 1479 3606 Decembri
1504 3557 1561 3604 res

335 3659 568 3730 argentenses
588 3649 627 3714 P.
654 3649 838 3729 Andreas,
864 3652 1057 3716 Lauretum
1084 3653 1323 3734 prolecturus,
1349 3648 1500 3730 reliquit,
1526 3657 1561 3712 et

337 3755 548 3822 Ravennam
572 3758 730 3838 venienS,
757 3757 993 3839 Suffraganeo
1018 3757 1280 3823 commendavit
1298 3757 1337 3822 P.
1363 3756 1561 3838 Baptistam

336 3863 514 3929 Velatum.
1321 3868 1325 3874 '

398 3971 471 4034 807.
513 3971 590 4037 Non
610 3981 728 4038 tamen
749 3975 935 4040 videbatur
955 3976 1069 4041 cidem
1093 3975 1325 4054 Sullraganeo
1348 3989 1415 4036 nec
1439 3971 1563 4036 amicis

338 4079 462 4144 tandiu
483 4080 783 4162 supersedendum
805 4099 883 4146 esse
905 4102 927 4146 a
951 4083 1181 4147 concionibus
1205 4081 1243 4144 P.
1261 4081 1442 4161 Baptistae
1464 4095 1562 4160 prae·

340 4185 435 4252 dicto
449 4186 473 4268 ’ς
489 4197 524 4252 et
537 4188 587 4252 ita
601 4187 858 4271 suffraganeus
872 4191 1014 4272 scripsit
1030 4189 1176 4255 Vicario
1192 4187 1407 4270 Argentensi
1427 4195 1464 4252 ut
1483 4201 1563 4268 sug·

378 4507 388 4539 l
417 4503 485 4550 Vide
495 4516 586 4561 supra,
594 4512 613 4550 t.
623 4517 649 4562 v,
660 4518 720 4562 pag.
732 4507 779 4560 155,
789 4519 814 4551 n.
824 4507 866 4552 tte
874 4515 899 4552 ct
908 4521 968 4564 pag.
980 4509 1025 4563 1⁵⁶,
1035 4519 1059 4552 n.
1070 4505 1117 4552 ili.

378 4577 390 4611 ¹
419 4577 458 4623 De
468 4577 560 4633 quium
569 4588 657 4633 supra,
667 4585 686 4622 t.
697 4589 732 4633 rr,
743 4590 804 4633 pag.
813 4579 849 4634 84,
860 4591 884 4625 n.
896 4579 942 4626 152.

382 4650 394 4682 ⁸
420 4649 487 4694 Vide
496 4659 584 4705 cupra,
594 4660 654 4704 pag.
662 4649 708 4704 217,
719 4662 735 4694 n
750 4650 798 4697 m
