3642 5350
357 386 409 449 132
814 385 941 451 Canon.
962 390 1040 451 Soc.
1061 390 1131 463 Jns.

355 554 434 601 rum
459 538 609 601 alterum
628 546 743 601 mater
766 537 976 601 hortabatur
995 547 1033 600 ut
1053 537 1169 617 inopis
1190 537 1391 618 cujusdam,
1418 537 1479 617 qui
1504 552 1586 600 cum

355 644 569 725 gravissimo
589 643 745 707 familiae
766 645 977 708 detrimento
996 644 1031 707 in
1051 661 1233 708 carcerem
1253 641 1436 723 coniectus
1454 644 1584 723 fuerat,

355 752 454 815 vices
468 753 611 816 subiret.
629 752 674 815 Et
688 752 780 816 filius
802 753 943 832 quidem
963 769 1088 831 patere
1109 761 1256 832 paratus
1277 760 1353 815 erat
1373 761 1410 815 ut
1430 752 1585 815 charita·

354 873 426 924 tem
441 870 634 936 exerceret,
651 859 713 923 sed
729 860 966 925 confessarius
981 869 1132 923 matrem
1151 860 1265 939 ipsam
1287 859 1332 922 ab
1350 858 1420 923 hoc
1441 860 1585 940 pietatis

355 984 461 1048 opere
487 968 693 1031 dehortatus
718 976 788 1047 est;
815 968 941 1031 crebro
960 968 1053 1030 enim
1078 968 1113 1030 in
1139 966 1291 1030 ecclesia
1314 975 1438 1030 nostra
1463 983 1585 1030 sacra·

354 1084 472 1139 menta
487 1084 612 1139 sancta
628 1076 835 1155 accipiebat,
852 1075 887 1138 id
909 1084 974 1154 est,
991 1075 1141 1153 singulis
1155 1074 1341 1138 dominicis
1362 1074 1496 1139 diebus
1513 1072 1584 1139 Sed

354 1200 397 1246 eo
416 1183 552 1247 honore
572 1202 615 1247 ac
640 1184 840 1247 reverentia
859 1181 1035 1247 Senenses
1060 1191 1201 1246 nostros
1224 1182 1527 1263 prosequebantur
1547 1191 1583 1246 et

354 1291 404 1354 ita
419 1290 462 1354 de
476 1292 545 1355 illis
560 1292 759 1355 sentiebant
772 1300 811 1355 ut
825 1292 933 1354 etiam
947 1290 1081 1354 referre
1094 1291 1171 1353 sine
1186 1289 1401 1354 verecundia
1416 1307 1488 1353 non
1503 1307 1583 1370 pos·

354 1406 443 1478 sent;
460 1408 495 1463 et
510 1398 555 1462 ad
567 1416 689 1463 eorum
700 1400 941 1478 integritatem
955 1397 1174 1478 imitandam,
1190 1399 1287 1461 velut
1301 1399 1484 1479 speculum
1499 1407 1583 1462 ante

354 1508 487 1586 oculos,
503 1515 645 1570 nostros
663 1507 918 1587 proponebant.

413 1612 483 1678 484.
528 1614 629 1694 Quod
646 1624 764 1677 autem
777 1614 863 1677 nihil
878 1614 915 1677 in
929 1612 1210 1677 confessionibus
1224 1614 1341 1677 necin
1356 1614 1436 1677 aliis
1450 1613 1582 1677 nostris

352 1721 555 1785 ministeriis
569 1722 682 1785 nostri
696 1722 880 1801 exigerent
895 1738 960 1783 nec
975 1721 1132 1784 oblatum
1151 1721 1389 1801 admitterent,
1405 1737 1448 1784 eo
1465 1721 1582 1800 magis

352 1830 388 1892 in
403 1828 673 1893 admirationem
688 1847 749 1893 eos
764 1828 973 1906 adducebat,
990 1828 1085 1908 quod
1106 1829 1285 1892 insolitum
1299 1826 1401 1893 Senis
1416 1828 1452 1893 id
1474 1837 1580 1907 esset,

352 1937 515 2018 quodque
531 1938 687 2017 ipsorum
703 1937 820 2016 inopia
836 1934 968 1998 nostris
982 1943 1066 1997 nota
1080 1943 1157 1999 erut
1174 1935 1197 1999 ⁸:
1212 1936 1375 2016 quamvis
1389 1952 1459 1999 non
1471 1934 1582 1999 defuit

352 2044 495 2125 aliquiS,
512 2042 613 2124 cujus
636 2045 785 2125 pecunia
810 2050 959 2121 accepta
981 2059 1052 2105 non
1071 2043 1186 2108 tuerat
1208 2053 1288 2125 post
1308 2042 1579 2122 contessionem,

352 2148 424 2233 [qui
438 2151 567 2234 sciens]
584 2154 678 2235 quod
694 2154 789 2219 domi
803 2167 948 2221 nostrae
968 2166 1047 2220 octo
1062 2156 1275 2245 habitarent,
1291 2162 1325 2217 et
1340 2169 1447 2234 quarn
1463 2151 1581 2215 victus

349 2260 524 2324 rationem
545 2262 716 2326 haberent
735 2263 832 2342 (eam
852 2264 927 2328 iere
951 2281 1043 2345 quae
1070 2279 1133 2344 pro
1161 2273 1312 2344 quatuor
1338 2260 1452 2324 suerat
1477 2258 1578 2322 initio

349 2367 552 2448 instituta),
589 2370 898 2435 commiseratione
931 2380 1047 2435 motus
1077 2372 1205 2434 bonam
1238 2368 1403 2432 frumenti
1438 2366 1579 2447 copiam

349 2485 472 2556 postea
488 2476 534 2539 ad
549 2475 744 2558 Collegium
764 2480 910 2558 miserit,
932 2496 1039 2559 quam
1058 2489 1255 2561 opportune
1270 2475 1476 2551 admodum,
1497 2488 1580 2536 cum

349 2583 394 2647 ad
419 2602 547 2665 panem
573 2584 829 2650 conficiendum
854 2588 918 2649 vix
939 2584 1013 2665 jam
1038 2584 1231 2667 quidquam
1256 2584 1448 2663 haberent,
1477 2601 1578 2650 acce-

347 2701 486 2771 perunt.
536 2735 539 2744 ·

407 2799 478 2864 485.
521 2799 790 2867 Aedificationis
809 2803 915 2867 etiam
930 2803 1120 2882 plurimum
1141 2802 1341 2865 hominibus
1365 2801 1497 2866 dabant
1518 2804 1578 2867 ali·

347 2924 416 2987 qua
432 2909 574 2988 pietatis
589 2926 708 2990 opera,
725 2910 852 2990 quibus
865 2911 978 2973 nostri
1000 2920 1100 2973 erant
1113 2908 1250 2984 intenti,
1266 2918 1301 2972 et
1320 2926 1391 2972 non
1406 2927 1540 2989 paucos
1556 2929 1577 2974 a

346 3025 572 3095 peccatorum
587 3017 753 3096 vinculis,
775 3020 866 3082 alios
885 3027 1004 3081 autem
1027 3017 1135 3080 etiam
1157 3033 1179 3079 a
1205 3017 1387 3097 corporeis
1408 3017 1577 3081 liberatos

347 3139 455 3202 opera
475 3132 678 3188 nostrorum
696 3124 816 3204 fuisse,
834 3125 943 3188 libros
970 3125 1169 3188 haereticos
1184 3142 1206 3187 a
1220 3124 1340 3187 multis
1359 3125 1575 3204 combustos,

345 3239 380 3293 et
395 3231 506 3294 vitam
521 3231 557 3294 in
573 3232 696 3296 melius
708 3231 808 3311 juxta
824 3242 1027 3296 nostrorum
1043 3231 1190 3295 consilia
1206 3239 1469 3295 commutatam.

405 3335 476 3400 486.
519 3329 593 3402 Nec
614 3349 648 3401 et
669 3340 699 3403 si
720 3341 798 3420 quis
821 3339 1123 3403 obmurmurasset
1143 3337 1249 3417 (quod
1273 3337 1482 3418 quibusdam
1501 3355 1577 3418 pre·

346 3445 500 3526 sbyteris
514 3446 756 3510 saecularibus
771 3447 961 3527 aliquando
984 3446 1181 3524 accidebat)
1208 3462 1279 3509 nou
1298 3445 1420 3509 deerat
1437 3446 1498 3526 qui
1517 3463 1577 3509 no·

287 3575 296 3592 ·
346 3563 441 3617 stros
457 3554 621 3617 absentes
636 3553 875 3618 defendendos
891 3554 1098 3634 susciperet.
1114 3553 1414 3634 Archipresbyter
1428 3552 1504 3633 eJus
1519 3571 1576 3617 ur-

346 3661 410 3741 bis,
438 3661 612 3725 Dominus
639 3661 843 3726 Alexander
868 3660 1165 3739 Piccolomineus,
1191 3661 1248 3724 vir
1278 3670 1312 3724 et
1340 3659 1515 3740 probitate
1541 3668 1575 3723 et

347 3769 543 3833 eruditione
558 3770 676 3833 clarus
692 3779 726 3832 et
742 3785 894 3849 magnae
914 3769 1008 3849 apud
1023 3786 1107 3832 suos
1122 3769 1220 3832 cives
1240 3767 1473 3847 auctoritatis
1494 3784 1575 3831 cum

345 3877 492 3940 maximi
507 3877 674 3940 momenti
689 3893 768 3938 esse
780 3875 952 3956 juvenum
971 3877 1100 3939 bonam
1121 3876 1380 3938 institutionem
1402 3875 1511 3956 probe
1526 3875 1576 3939 in·

346 3985 531 4064 telligeret,
549 3986 592 4047 de
606 3983 812 4048 fundatione
827 3984 940 4047 nostri
956 3983 1104 4063 Collegii
1120 3983 1292 4046 sollicitus
1313 3991 1400 4061 erat,
1423 3993 1456 4045 et
1477 4000 1518 4045 ea
1539 3983 1575 4045 in

345 4109 384 4154 re
399 4092 584 4172 perutilem
599 4109 685 4155 suae
700 4091 839 4155 civitati
855 4108 1000 4172 operam
1015 4109 1054 4153 se
1068 4099 1251 4170 praestare
1267 4090 1503 4153 existimabat.

405 4197 475 4262 487.
519 4199 808 4263 concionabatur
835 4198 870 4262 in
899 4200 1031 4278 templo
1061 4208 1181 4261 nostro
1207 4198 1283 4278 ipso
1310 4197 1451 4278 quidem
1473 4196 1575 4260 initio

388 4435 558 4442 ....-.--,-..-

387 4589 394 4623 ¹
424 4589 474 4642 Slc;
484 4599 573 4632 verum
583 4587 678 4632 rectius
686 4589 753 4632 forte
760 4587 1067 4643 autemmonstruosi
1075 4588 1233 4632 scriberetur
1240 4589 1285 4633 alc:
1292 4588 1410 4644 quodque
1418 4585 1572 4644 ipsirtnoptn

344 4667 642 4710 nostrorumnotaerat.
931 4663 935 4672 ·
