3642 5350
370 391 427 450 528
829 389 957 452 Chaos.
977 389 1055 451 Soc.
1074 389 1144 464 Jas.

371 539 486 614 batur,
502 547 537 602 et
551 539 692 602 interim
712 537 757 601 ad
774 537 1033 602 habitationem
1055 545 1091 601 et
1109 554 1214 602 usum
1234 548 1437 604 nostrorum
1457 540 1601 605 domun·

371 646 472 710 culae
486 644 687 726 hujusmodi
702 645 1020 709 concinnabantur.

431 751 522 816 2286.
565 751 599 816 Is
617 761 736 816 tamen
756 762 833 815 erat
853 768 973 815 rerum
993 753 1240 832 temporalium
1258 763 1389 829 status,
1417 764 1456 820 ut
1475 757 1506 820 si
1525 766 1599 823 tum

370 863 513 941 domuS,
530 869 604 924 tunr
619 860 772 924 ecclesia
786 858 975 922 vendenda
989 856 1126 938 fuisset,
1142 861 1205 923 vix
1221 861 1266 923 ad
1280 861 1491 927 solutionem
1505 866 1600 930 aeris

371 969 476 1034 alieni
496 967 656 1032 sufficere
677 968 861 1048 potuisset.
888 965 966 1029 Hoc
986 981 1074 1045 ergo
1099 966 1136 1029 in
1160 975 1255 1031 statu
1272 966 1310 1032 P.
1333 967 1463 1033 Strada
1487 971 1598 1036 Colle·

370 1079 468 1156 glum
481 1075 568 1140 illud
582 1073 734 1155 reliquit,
751 1082 785 1137 et
801 1073 999 1150 constituit,
1020 1082 1059 1136 ut
1074 1073 1145 1137 duo
1159 1075 1364 1139 scholastici
1379 1077 1506 1141 ibidem
1522 1096 1597 1160 per·

369 1194 476 1266 petuo
491 1184 739 1259 retinerentur,
757 1176 816 1262 [et]
833 1180 878 1244 ad
890 1180 1007 1244 studia
1019 1179 1159 1260 publica
1175 1178 1252 1260 ejus
1265 1182 1363 1246 urbis
1374 1184 1597 1263 accederent,

369 1309 460 1373 quae
474 1287 593 1354 vicina
608 1288 695 1352 satis
707 1287 865 1368 Collegio
879 1297 1004 1351 nostro
1019 1295 1137 1362 erant;
1153 1286 1224 1366 ubi,
1240 1300 1489 1371 praeterquam
1505 1292 1597 1372 quod

369 1401 438 1481 ipsi
453 1400 490 1462 in
505 1399 631 1462 litteris
650 1393 822 1476 proficere
844 1403 1026 1476 poterant,
1052 1396 1142 1459 alios
1167 1397 1329 1476 exemplo
1358 1408 1393 1460 et
1412 1399 1599 1479 colloquiis

369 1508 510 1572 Christo
525 1504 734 1592 lucrifacere
749 1512 926 1584 poterant.

427 1612 506 1678 2287
511 1663 517 1677 .
561 1609 806 1677 Confessionis
821 1610 929 1673 etiam
943 1617 978 1672 et
990 1609 1240 1688 disputationis
1255 1610 1386 1689 gratia,
1402 1629 1524 1676 eorum
1539 1630 1597 1677 oc·

368 1722 522 1798 casionc,
536 1719 645 1802 aliqui
656 1716 806 1782 studiosi
815 1717 860 1780 ad
870 1725 1030 1780 nostrum
1041 1714 1239 1795 Collegium
1250 1717 1438 1782 dominicis
1448 1730 1484 1782 et
1495 1719 1596 1783 festis

366 1828 490 1893 diebus
504 1827 646 1892 venturi
661 1825 884 1889 videbantur.

424 1933 515 1999 2288.
558 1932 722 1998 Alterum
746 1941 865 1995 autem
889 1947 935 1994 ex
959 1930 1016 1993 his
1041 1929 1172 1994 nostris
1200 1930 1425 1996 scholasticis
1452 1932 1593 2014 Episco-

363 2061 429 2124 pus
443 2050 465 2118 ¹,
482 2043 632 2106 alterum
643 2057 730 2103 vero
742 2039 800 2119 pia
812 2037 988 2118 quaedam
998 2054 1151 2118 persona
1165 2054 1204 2100 se
1219 2047 1498 2104 sustentaturum
1512 2059 1591 2121 pro·

364 2151 521 2214 miserat.

423 2257 514 2322 2289.
557 2255 642 2320 Post
667 2253 743 2334 ejus
767 2269 948 2317 recessum
974 2262 1099 2317 auctus
1120 2262 1175 2317 est
1199 2271 1322 2318 eorum
1347 2271 1531 2331 numerus,
1558 2268 1594 2319 et

363 2366 499 2430 fructus
525 2359 690 2444 [eorum],
718 2362 776 2441 qui
807 2359 852 2423 ad
878 2359 1112 2424 christianam
1138 2359 1338 2425 doctrinam
1362 2363 1592 2427 accedebant.

362 2473 469 2536 Pater
488 2471 595 2535 etiam
618 2466 827 2533 Govieruo'
847 2467 921 2530 suis
941 2466 1183 2539 concionibus,
1200 2477 1235 2531 et
1250 2467 1414 2547 spiritum
1429 2479 1465 2532 et
1478 2470 1590 2534 erudi·

362 2581 494 2644 tionem
510 2595 580 2642 non
600 2575 814 2640 mediocrem
836 2591 924 2654 prae
939 2591 977 2636 se
995 2573 1127 2650 ferens,
1145 2574 1353 2640 satisfacere
1375 2593 1593 2656 magnopere

362 2686 703 2752 barchinonensibus
722 2684 849 2763 coepit.

421 2793 513 2859 2290.
557 2790 805 2857 Confitentium
820 2790 928 2853 etiam
942 2796 978 2851 et
993 2790 1331 2855 communicantium
1347 2808 1516 2855 numerus
1530 2811 1589 2857 au·

356 2903 526 2982 gebatur;
543 2916 665 2964 eorum
682 2906 810 2972 autem,
827 2895 886 2977 qui
903 2892 1074 2959 Societati
1089 2895 1210 2959 devoti
1225 2907 1260 2961 et
1274 2898 1406 2962 addicti
1422 2908 1539 2977 erant,
1555 2911 1591 2963 et

360 3010 535 3074 interdum
550 3006 782 3084 refrigescere
805 3003 982 3079 solebant,
1003 3020 1173 3068 numerus
1196 3006 1303 3068 etiam
1323 3016 1358 3069 et
1377 3006 1498 3070 fervor
1516 3024 1588 3071 cre·

360 3118 502 3191 scebat;
529 3126 564 3180 et
589 3116 740 3196 quinon
764 3113 853 3177 bene
879 3113 923 3176 de
945 3114 1078 3179 nostris
1103 3113 1321 3191 sentiebant,
1345 3113 1530 3177 mitescere
1544 3132 1589 3177 ac

360 3223 484 3286 melius
499 3224 542 3287 de
558 3224 662 3287 rebus
676 3222 808 3285 nostris
823 3222 955 3285 sentire
971 3240 1014 3285 ac
1029 3221 1124 3300 loqui
1139 3220 1355 3300 incipiebant
1369 3237 1376 3299 ;
1403 3228 1438 3284 et
1451 3221 1502 3284 illi
1515 3222 1589 3301 qui·

359 3330 457 3405 dem,
481 3329 540 3410 qui
560 3328 730 3393 ecclesiae
755 3328 794 3391 B.
815 3328 952 3391 Mariae
972 3328 1029 3391 del
1051 3326 1139 3391 Piuo
1161 3344 1284 3391 curam
1306 3328 1493 3408 gerebant,
1515 3344 1586 3391 non

359 3436 501 3500 omnino
517 3436 834 3500 contradictionem
849 3435 1101 3515 deposuerunt,
1118 3434 1180 3497 sed
1196 3433 1305 3513 Regis
1320 3434 1505 3514 cuiusdam
1519 3435 1587 3516 pri·

359 3544 528 3623 vilegium
553 3542 796 3617 ostendebant,
821 3560 891 3621 quo
914 3541 1121 3617 cavebatur,
1147 3557 1192 3602 ne
1213 3541 1366 3604 ecclesia
1391 3558 1485 3605 nova
1511 3542 1588 3605 sine

358 3650 513 3713 civitatis
536 3648 705 3713 facultate
730 3649 995 3726 institueretur;
1022 3648 1085 3711 sed
1111 3648 1472 3728 praeterquamquod
1493 3648 1585 3713 idem

357 3755 434 3820 Rex
459 3756 684 3837 privilegium
708 3754 904 3833 revocavit,
926 3764 965 3817 ut
986 3753 1200 3819 immunitati
1220 3754 1486 3818 ecclesiasticae
1504 3772 1585 3819 con·

356 3862 517 3939 trarium,
536 3862 664 3925 civitas
679 3878 781 3925 suum
796 3877 1010 3924 consensum
1024 3860 1070 3923 ad
1084 3868 1229 3923 nostrae
1240 3861 1412 3924 ecclesiae
1425 3860 1583 3927 aedifica-

356 3969 488 4033 tionem
503 3969 665 4047 dederat;
682 3978 716 4031 et
731 3968 781 4030 ita
797 3966 927 4047 frigida
942 3967 1030 4030 satis
1045 3966 1279 4031 contradictio
1304 3977 1397 4045 erat,
1421 3968 1587 4048 quamvis

355 4076 488 4157 aliquid
511 4077 622 4140 latere
649 4091 754 4156 posse
783 4075 847 4139 sub
876 4076 945 4138 hac
974 4074 1157 4154 tepiditate
1186 4074 1257 4138 litis
1286 4077 1399 4139 nostri
1428 4076 1586 4157 suspica·

356 4182 495 4247 bantur.

413 4289 505 4353 2291.
548 4286 761 4369 Supervenit
775 4286 813 4352 P.
830 4288 987 4372 Joannes
1002 4288 1165 4367 Cheralt,
1189 4286 1250 4368 qui
1276 4286 1586 4369 Caesaraugustae

366 4429 565 4443 -—-.—..-

395 4489 404 4522 ¹
433 4492 578 4548 Episcopus
588 4494 789 4539 Barcinonensis
799 4499 857 4538 erat
868 4492 980 4545 Jacobus
989 4490 1129 4547 Csssador,
1139 4492 1171 4535 de
1181 4501 1231 4545 quo
1242 4502 1319 4545 saepe
1329 4489 1354 4535 ln
1367 4490 1462 4536 cartas
1478 4492 1512 4538 de
1529 4492 1586 4537 San

354 4560 464 4615 Ignacr'o
474 4570 500 4607 et
511 4564 536 4608 ln
547 4566 724 4619 superiorlbus
734 4564 919 4610 voluminibus.

394 4634 406 4667 ¹
434 4632 462 4678 P.
472 4633 583 4680 llichael
593 4636 732 4682 Govlerno.
