3642 5350
361 355 420 414 590
822 355 950 416 Crraon.
972 353 1049 415 Soc.
1070 355 1140 428 Jus.

360 501 530 564 cietatem
544 501 698 582 ingressi
711 501 863 579 fuerant,
879 508 997 565 aetate
1011 501 1128 564 minor
1142 498 1272 579 luerat,
1286 507 1319 562 et
1336 497 1440 577 aliuS,
1453 497 1596 562 nomine

364 606 517 672 Michael
531 606 641 672 Perez
656 607 677 668 ¹.
694 607 767 672 Sub
781 607 920 672 initium
935 617 1053 672 antem
1067 607 1276 672 Decembris
1291 605 1474 686 praeteriti
1493 604 1596 669 Com·

362 716 500 794 plutum
513 714 617 779 rediit
630 715 668 780 P.
689 715 897 794 villanova,
920 711 1021 794 cujus
1041 724 1158 779 tamen
1177 713 1381 795 praesentia
1400 711 1459 776 diu
1483 709 1594 777 Colle·

358 821 462 900 giam
474 821 562 885 illud
574 821 645 886 frui
660 821 672 853 ¹
687 840 758 886 non
772 822 897 903 potuit;
913 820 1032 886 debuit
1043 821 1137 885 enim
1149 819 1331 885 Concham
1343 820 1389 884 ad
1401 818 1592 890 Ductorem

361 925 567 1008 Vergaram
582 929 771 1010 proficisci,
788 929 849 1010 qui
859 928 929 993 sibi
939 945 1011 992 uon
1024 927 1210 993 observari
1221 926 1395 1009 quaedam
1407 945 1429 990 a
1439 925 1477 989 Ρ.
1491 923 1591 1005 lgna·

364 1035 414 1098 tio
433 1052 605 1099 concessa
624 1037 855 1117 querebatur:
882 1035 1041 1116 hospites
1067 1035 1174 1099 etiam
1194 1042 1362 1098 externos
1381 1032 1531 1111 admitti,
1555 1042 1593 1096 ut

364 1139 409 1203 D.
426 1141 667 1223 Hieronymus
682 1143 726 1207 de
741 1142 879 1207 Vivero
895 1141 906 1174 ⁸
922 1160 1004 1206 cum
1018 1142 1175 1219 famulis3
1198 1140 1293 1222 quod
1307 1140 1450 1206 minime
1464 1140 1521 1202 ille
1535 1157 1594 1203 ex·

364 1249 487 1328 pedire
500 1248 695 1329 iudicabat.

425 1355 518 1420 2547.
561 1355 664 1437 Quod
679 1367 797 1422 autem
813 1359 940 1423 attinet
956 1357 1000 1420 ad
1017 1357 1219 1438 ingressum
1234 1356 1346 1436 ipsius
1360 1353 1372 1386 ⁴
1386 1355 1423 1418 in
1442 1354 1595 1419 Societa-

361 1471 445 1538 tem,
463 1464 661 1528 rationibus
672 1465 815 1546 quidem
827 1466 895 1541 ille,
909 1475 948 1529 ut
958 1464 994 1529 id
1006 1464 1152 1544 iaceret,
1166 1463 1460 1541 convincebatur;
1475 1473 1511 1525 et
1523 1478 1595 1525 non

362 1570 627 1636 solumiructus
638 1582 673 1636 et
683 1571 767 1636 iolia
779 1574 953 1636 bonorum
961 1573 1210 1652 temporalium
1222 1569 1284 1634 sed
1296 1571 1461 1634 arborem
1472 1569 1593 1648 etiam,

364 1679 401 1740 id
421 1687 489 1759 est,
511 1680 668 1760 seipsum
687 1679 765 1744 Deo
785 1679 1005 1744 offerendum
1029 1697 1107 1743 esse
1134 1678 1312 1742 censebat.
1335 1677 1454 1742 Aliam
1475 1685 1593 1740 tamen

364 1786 590 1850 vocationem
605 1804 687 1850 cum
701 1787 937 1868 propensione
951 1785 1100 1851 affectus
1114 1796 1149 1849 et
1164 1785 1339 1866 spirituali
1354 1785 1472 1865 aliquo
1486 1792 1592 1864 gustu

360 1910 436 1955 non
450 1893 643 1973 sentiebat,
663 1902 698 1957 et
719 1893 864 1975 optabat
884 1894 942 1958 ille
963 1893 1194 1958 vehementer
1213 1901 1365 1957 tractum
1384 1891 1478 1955 hunc
1498 1892 1591 1955 inse

360 1999 531 2078 experiri,
548 1999 644 2064 etad
660 2001 694 2064 id
709 2000 878 2064 inlocum
893 2001 1048 2081 aliquem
1063 2009 1239 2064 remotum
1255 2017 1275 2063 a
1289 2000 1441 2062 tumultu
1453 1998 1592 2062 secede·

364 2124 403 2169 ro
418 2108 593 2187 cupiebat,
611 2108 642 2172 si
657 2106 695 2171 P.
711 2106 852 2187 ignatio
867 2108 1062 2186 videretur,
1084 2125 1165 2173 cum
1184 2106 1358 2188 aliquibus
1376 2106 1420 2169 de
1438 2104 1592 2170 Societa-

364 2222 409 2288 te,
426 2223 466 2276 ut
479 2231 519 2278 se
533 2214 579 2278 ad
593 2215 814 2279 sentiendam
829 2214 895 2279 Dei
910 2216 1131 2280 voluntatem
1146 2215 1253 2278 etiam
1271 2215 1308 2277 in
1328 2213 1459 2277 aflectu
1478 2213 1592 2294 dispo·

360 2328 475 2401 neret;
490 2322 521 2386 si
535 2329 655 2386 tamen
669 2321 798 2386 ibidem
813 2323 881 2386 hoc
896 2342 917 2386 a
932 2322 1009 2387 Deo
1024 2340 1094 2386 non
1110 2322 1330 2401 obtinuisset,
1346 2330 1381 2384 et
1394 2319 1432 2384 P.
1454 2320 1593 2400 ignatio

267 2511 273 2521 ·
364 2428 482 2492 visum
497 2439 602 2509 esset,
619 2440 657 2493 ut
671 2427 834 2493 omnibus
847 2430 981 2494 relictis
995 2430 1073 2494 Deo
1087 2430 1124 2493 in
1140 2428 1317 2493 Societate
1331 2427 1495 2506 serviret,
1507 2445 1545 2491 se
1557 2426 1594 2490 id

362 2535 543 2600 iacturum
557 2553 637 2600 esse
651 2535 863 2601 affirmabat.

423 2641 515 2707 2548.
557 2641 702 2708 Interim
727 2644 784 2709 ille
809 2661 880 2707 non
906 2660 1032 2724 parum
1052 2646 1198 2708 moleste
1217 2643 1353 2707 ferebat
1375 2640 1470 2724 quod
1490 2649 1592 2705 extra

320 2800 323 2805 .
359 2750 588 2831 Complutum
599 2750 791 2816 Villanova
802 2752 1006 2833 placentino
1020 2751 1133 2817 officio
1145 2760 1340 2831 occupatus
1352 2748 1588 2813 distineretur:

363 2875 545 2938 nunquam
559 2868 679 2922 tamen
694 2859 916 2940 propositum
931 2858 1016 2923 illud
1038 2861 1148 2923 semel
1167 2866 1370 2938 susceptum
1385 2856 1537 2937 reliquit,
1553 2866 1592 2919 ut

362 2982 414 3044 se,
431 2966 528 3028 velut
547 2981 780 3029 oeconomum
799 2982 842 3029 ac
861 2965 1144 3047 dispensatorem
1161 2964 1310 3045 Collegii
1331 2962 1593 3044 complutensis

359 3083 518 3152 gereret,
534 3082 568 3135 et
580 3071 677 3152 illud,
693 3073 849 3153 quandiu
867 3073 967 3151 vixit,
985 3088 1117 3152 magna
1133 3091 1177 3135 ex
1188 3082 1290 3153 parte
1304 3072 1391 3135 aluit
1402 3089 1447 3134 ex
1458 3071 1532 3134 suis
1543 3088 1594 3133 re·

364 3178 505 3257 ditibus,
522 3188 568 3258 et,
584 3187 623 3242 ut
637 3195 702 3243 suo
713 3180 793 3243 loco
805 3178 942 3243 dicetur
955 3177 977 3259 ⁵,
992 3180 1129 3260 aliquos
1142 3180 1177 3243 in
1190 3189 1398 3259 perpetuum
1410 3176 1524 3241 eidem
1535 3195 1592 3258 ap-

362 3285 523 3364 plicavit.

421 3390 513 3454 2549.
556 3389 619 3454 D.¹
642 3392 807 3456 Leonora
832 3391 1099 3472 MuscareguaS,
1123 3408 1213 3471 quae
1238 3409 1326 3471 erga
1351 3392 1390 3455 P.
1418 3392 1594 3473 Ignatium

362 3514 532 3578 magnam
556 3516 695 3580 semper
720 3500 948 3563 devotionem
967 3498 1095 3577 gessit,
1116 3500 1309 3579 pretiosum
1335 3499 1512 3580 quoddam
1537 3499 1594 3563 do·

362 3623 448 3669 num
471 3605 629 3685 Collegio
652 3605 893 3687 Compluteusi
920 3606 1060 3681 obtulit;
1088 3606 1281 3686 integrum,
1304 3607 1457 3685 scilicet,
1488 3617 1594 3687 caput

407 3812 414 3844 ¹
443 3810 552 3865 Cssruo,
563 3809 686 3855 Historia
696 3823 743 3856 ms.
755 3811 799 3856 dei
810 3811 913 3865 Coiegio
924 3812 957 3855 de
967 3811 1071 3861 alicuid,
1082 3814 1127 3857 lib.
1139 3824 1174 3867 vr,
1184 3822 1242 3866 cap.
1252 3812 1274 3865 6;
1287 3818 1314 3855 et
1322 3822 1409 3867 supra,
1419 3818 1437 3855 t.
1446 3824 1471 3864 v,
1479 3810 1589 3865 primis

359 3880 583 3931 ‹ibinlmliid

343 3970 347 3978 =
405 3954 417 3985 θ
444 3952 670 4009 lnms.repetitur
680 3956 741 3999 diu.

405 4024 417 4055 ³
445 4025 511 4069 Vide
521 4036 609 4080 supra,
619 4034 639 4070 t.
649 4038 675 4081 v,
685 4038 745 4081 pag.
754 4027 804 4080 456,
814 4040 839 4073 n.
850 4028 917 4082 1236,
929 4028 972 4073 ubl
982 4038 1068 4072 sermo
1079 4034 1119 4071 est
1131 4029 1161 4071 de
1172 4028 1219 4071 boc
1230 4028 1289 4071 viro
1304 4028 1451 4082 “quoddam
1465 4038 1538 4071 suum
1555 4028 1597 4070 be·

362 4096 492 4149 ueflcium,
502 4098 570 4152 quod
580 4098 613 4141 de
622 4096 720 4152 Priego
729 4100 874 4156 dicebatur,
890 4100 924 4144 ad
938 4100 1100 4144 dotationem
1117 4100 1262 4153 aagendam
1278 4099 1388 4153 Collegli
1406 4096 1596 4154 complutensis

362 4171 514 4223 resignare„
524 4172 638 4213 volente.

406 4242 418 4273 Α
445 4240 507 4286 Seli.
516 4240 638 4286 Doctoris
647 4241 794 4296 vergariis.
805 4242 886 4287 Porro
896 4244 928 4287 de
938 4243 995 4298 eius
1003 4243 1031 4288 ln
1041 4242 1200 4287 Societatem
1211 4243 1328 4297 cogitato
1339 4243 1466 4297 ingressu,
1483 4252 1560 4297 saepe
1571 4240 1599 4285 ln

364 4314 415 4356 hoc
427 4312 553 4357 Chronico
562 4314 659 4358 dictum
669 4322 754 4369 est,et
764 4315 789 4358 in
805 4314 902 4358 Cartas
918 4316 952 4359 de
967 4315 1023 4359 San
1038 4314 1165 4369 ignatio:
1179 4326 1318 4369 numquam
1335 4322 1422 4359 tumen
1440 4312 1599 4358 Societatem

364 4384 519 4439 capessivit.

407 4454 419 4485 ³
445 4454 527 4500 Mults
543 4456 574 4498 de
591 4456 633 4501 his
648 4457 863 4511 supradiximus,
881 4458 1046 4513 dicemusque
1063 4456 1139 4510 inira,
1157 4466 1215 4501 cum
1233 4468 1318 4501 sermo
1333 4455 1368 4501 sit
1383 4458 1414 4501 de
1424 4457 1501 4500 rebus
1516 4454 1600 4509 gestis

365 4524 992 4583 4³1².Araoz,Borjaetrlanannovoqueiumine
1008 4530 1073 4573 haec
1089 4528 1204 4583 proxime
1220 4530 1443 4575 collustrabantur
1460 4526 1536 4583 huius
1553 4536 1599 4579 po·

364 4599 457 4642 stremi
469 4598 594 4654 epistolis,
604 4600 705 4653 prelum
713 4600 769 4654 jam
778 4600 957 4645 subeuntibus.
