3642 5350
770 416 834 474 Aa.
856 415 926 474 1556
1407 420 1462 480 affl

228 576 321 638 rum,
338 560 492 639 quicum
508 560 628 623 latinis
643 576 775 639 graeca
790 557 1007 639 conjungere
1024 559 1183 625 debebat.
1201 560 1385 629 Secundae
1401 583 1459 629 au·

227 676 299 731 tem
314 666 485 747 praefecit
501 666 540 731 P.
556 666 744 730 Nicolaum
759 664 1016 746 Paradeusem,
1039 684 1145 749 quem
1160 670 1296 749 primae
1319 673 1462 752 quidem

230 773 342 838 voluit
356 772 559 854 praeficere,
577 774 639 837 sed
654 774 712 836 ille
727 772 763 836 id
777 783 1025 853 recusaverat,
1047 783 1082 837 et
1093 774 1167 855 jam
1188 787 1263 840 tum
1277 779 1461 858 negotium

230 880 362 945 nostris
382 881 561 944 facessere
586 889 765 960 coeperat.
782 879 873 944 Aliis
894 890 1014 944 autem
1035 883 1210 947 classibus
1234 885 1458 950 Ludovicum

232 987 496 1065 Gierardinum,
512 987 686 1070 Jacobum
701 985 887 1050 Morellum
906 997 942 1051 et
957 986 1169 1053 Oliverium:
1186 991 1235 1070 (hi
1254 992 1325 1056 duo
1346 994 1462 1056 ultimi

230 1094 377 1159 Parisiis
393 1096 493 1160 missi
507 1094 660 1173 fuerant)
675 1108 696 1156 ¹.

290 1201 382 1267 2128.
425 1201 567 1267 Patrem
591 1201 733 1283 quidem
751 1200 1010 1283 Hieronymum
1029 1202 1193 1268 Bassium
1212 1206 1339 1271 tertiae
1353 1209 1463 1273 classi

231 1308 424 1390 praeficere
439 1309 660 1389 decreverat;
675 1308 740 1373 sed
753 1309 837 1389 quia
860 1308 896 1372 in
918 1308 1198 1375 confessionibus
1213 1321 1248 1376 et
1267 1313 1303 1377 in
1324 1315 1461 1395 praedi·

229 1418 369 1481 catione
382 1416 566 1497 perutilem
578 1434 725 1497 operam
739 1417 870 1496 populo
883 1415 1051 1496 navabat,
1065 1435 1146 1481 eum
1158 1418 1204 1481 ab
1215 1437 1323 1484 onere
1334 1421 1464 1486 docen-

229 1524 298 1587 dae
309 1521 506 1603 juventutis
521 1524 780 1587 sublevandum
799 1524 979 1587 censebat.

291 1631 383 1695 2120.
427 1630 465 1694 P.
492 1630 648 1695 Roberto
672 1648 799 1694 sacrae
828 1631 1029 1710 scripturae
1056 1640 1092 1694 et
1119 1631 1227 1695 etiam
1252 1634 1462 1700 dialecticae

232 1739 421 1803 lectionem
437 1738 623 1817 commisit,
637 1746 672 1801 ct
686 1738 852 1818 quamvis
862 1737 1145 1818 philosophicam
1156 1741 1344 1806 lectionem
1355 1760 1463 1807 cano-

232 1846 303 1909 nici
326 1845 563 1926 requirebant,
590 1844 806 1925 significavit
831 1844 883 1907 eis
905 1860 970 1907 suo
994 1854 1152 1925 tempore
1175 1864 1254 1911 eam
1273 1849 1461 1914 lectionem

231 1952 505 2033 praelegendam
520 1968 620 2031 esse,
644 1952 764 2016 sedeo
780 1950 921 2033 quidem
941 1960 1099 2032 tempore
1119 1953 1300 2018 auditores
1313 1956 1463 2021 idoneos

230 2059 276 2122 ad
291 2059 389 2123 iliam
402 2061 518 2123 nullos
533 2059 674 2140 quidem
690 2076 780 2122 esse.

289 2165 379 2231 2130.
424 2166 572 2231 Curavit
585 2166 691 2230 etiam
703 2166 813 2229 libros
824 2166 1462 2249 necessariospartimBigliomi,par-

230 2274 292 2337 tim
313 2273 480 2353 Lugduni
494 2272 679 2337 emendos:
697 2273 797 2350 ali0S,
814 2273 859 2335 ab
873 2272 1051 2353 Episcopo
1066 2281 1101 2335 et
1121 2273 1246 2337 amicis
1259 2283 1382 2339 mutuo
1404 2293 1462 2340 ac·

229 2390 363 2461 ceptus,
379 2380 418 2443 Ρ.
434 2381 610 2445 Robertus
621 2378 695 2460 jam
710 2379 881 2457 habebat;
898 2379 1089 2443 cathedras
1109 2378 1217 2443 etiam
1231 2388 1267 2443 et
1286 2382 1410 2446 sedilia
1424 2384 1462 2447 in

229 2488 401 2552 classibus
424 2488 545 2569 parari
563 2486 683 2568 jussit;
706 2497 741 2551 et
762 2496 838 2551 tum
860 2487 1001 2550 demum
1016 2486 1176 2550 Parisios
1194 2488 1378 2568 profectus
1395 2500 1461 2568 est,

228 2595 287 2658 ubi
306 2593 379 2676 jam
394 2594 619 2659 convaluisse
640 2594 679 2657 P.
700 2592 935 2657 Paschasium
949 2593 1096 2671 invenit,
1121 2602 1156 2656 et
1179 2611 1260 2657 curn
1284 2595 1461 2677 Episcopo

228 2701 506 2768 Claramontano
535 2703 579 2767 de
607 2703 713 2766 rebus
739 2702 901 2766 omnibus
928 2700 973 2765 ad
997 2701 1237 2781 Bigliomense
1262 2702 1460 2784 Collegium

228 2812 475 2891 spectantibus
490 2810 649 2889 contulit;
665 2827 731 2874 nec
746 2811 860 2873 solum
872 2810 916 2873 de
927 2810 1034 2872 rebus
1044 2808 1259 2874 necessariis
1273 2818 1348 2874 tum
1364 2829 1457 2875 com·

227 2918 407 2998 parandis,
425 2928 459 2981 et
475 2919 518 2981 de
534 2917 684 2998 pecunia
703 2916 806 2980 statis
829 2915 1046 2996 temporibus
1066 2916 1284 2994 assignanda
1300 2917 1346 2981 ad
1366 2935 1463 2982 sum-

227 3033 308 3106 ptus
323 3026 509 3089 duodecim
530 3041 763 3105 personarum
782 3032 818 3086 et
838 3023 1073 3100 correctoris;
1095 3024 1159 3087 sed
1180 3023 1289 3087 etiam
1303 3023 1346 3088 de
1361 3025 1460 3090 do'ta·

226 3132 322 3195 tione
337 3143 507 3213 perpetua
523 3130 682 3211 ejusdem
705 3131 855 3209 Collegii
878 3147 954 3194 rem
975 3130 1167 3209 transegit,
1183 3139 1219 3194 et
1233 3132 1353 3195 omnia
1369 3150 1462 3213 quae

227 3238 448 3318 petebantur,
464 3240 662 3319 Episcopus
676 3256 715 3301 se
730 3237 907 3300 facturum
922 3236 1096 3317 promisit.

286 3344 377 3409 2131.
421 3344 593 3425 Quamvis
609 3346 646 3409 P.
664 3345 770 3409 Viola
790 3361 869 3408 cum
890 3359 1022 3424 magna
1041 3344 1217 3424 parcitate
1239 3345 1358 3409 omnia
1381 3364 1462 3410 con·

226 3452 377 3518 ficienda
393 3453 636 3532 existimabat,
653 3454 684 3516 si
699 3464 817 3516 tamen
832 3450 981 3531 Collegii
1002 3451 1255 3530 Bigliomensis
1274 3469 1464 3517 successus

227 3561 341 3625 bonus
356 3571 461 3638 esset,
478 3561 548 3624 alia
563 3560 714 3640 collegia
730 3561 766 3624 in
781 3559 898 3622 Gallia
914 3558 1164 3622 constituenda
1186 3559 1254 3622 sibi
1272 3561 1463 3640 persuade·

227 3668 287 3731 bat
301 3683 308 3746 ;
334 3669 397 3732 sed
412 3667 599 3732 debiliores
614 3684 692 3731 esse
707 3677 850 3731 nostros
866 3668 1037 3745 lectoreS,
1064 3683 1172 3746 quam
1187 3665 1263 3746 ipse
1277 3667 1461 3743 voluisset,

226 3775 349 3840 scribit
363 3793 370 3855 ;
397 3777 427 3838 si
443 3775 652 3855 praesertim
666 3792 747 3838 cum
762 3774 830 3838 illis
845 3781 1153 3855 compararentur,
1170 3774 1230 3853 qui
1249 3773 1386 3837 litteras
1407 3773 1463 3838 Bi-

227 3882 353 3962 gliomi
377 3893 459 3947 ante
480 3892 683 3946 nostrorum
708 3881 901 3946 adventum
926 3879 1079 3962 professi
1104 3890 1217 3944 erant.
1249 3879 1350 3960 Quae
1379 3880 1461 3944 ideo

227 3990 378 4070 attingo,
395 3999 432 4054 ut
446 3989 513 4053 Dei
529 3989 765 4070 providentia,
782 3999 926 4053 nostros
941 3988 1100 4052 defectus
1115 3989 1322 4069 supplentis,
1336 4004 1460 4052 cerna·

225 4105 298 4177 tur;
319 4115 402 4162 nam
427 4097 627 4161 studiorum
647 4113 836 4161 successus
854 4112 1004 4177 prosper
1030 4093 1238 4174 admodum,
1264 4094 1343 4158 Deo
1363 4093 1461 4174 adju·

225 4214 346 4284 vante,
362 4205 439 4269 fuit.

284 4312 375 4378 2132.
420 4313 639 4394 Properabat
664 4321 784 4376 autem
798 4311 890 4376 idem
906 4310 944 4374 P.
961 4311 1123 4391 Baptista
1137 4310 1320 4389 ViolaeuS,
1337 4311 1459 4389 rebuS,

226 4429 370 4501 propter
382 4438 472 4502 quas
482 4429 640 4498 venerat,
654 4419 802 4484 Parisiis
814 4418 1001 4500 expeditiS,
1011 4418 1223 4498 Bigliomum
1236 4426 1317 4482 ante
1330 4416 1462 4481 festum

226 4543 439 4556 -ιι--ψ

269 4589 277 4624 ¹
306 4591 456 4635 Adventum
466 4590 496 4634 P.
506 4589 584 4634 Viola
594 4596 621 4634 et
631 4599 737 4636 munera
748 4588 826 4634 sociis
837 4588 862 4633 iu
874 4587 991 4642 Collegio
1000 4588 1131 4633 attributa
1138 4593 1249 4632 narrant
1258 4587 1382 4631 Litterae
1392 4585 1453 4639 Qua

228 4661 400 4716 drlmeslres,
409 4669 428 4706 t.
439 4674 476 4714 ιν,
487 4675 547 4718 pag.
557 4662 609 4707 tto.
