3642 5350
352 428 408 488 520
632 479 634 486 ·
810 433 939 496 Caaou.
958 433 1039 495 Soc.
1058 435 1128 508 Jns.

353 576 583 657 accedebant;
600 587 635 642 et
648 578 739 644 haec
750 589 829 662 post
843 579 1040 659 meridiem3
1052 596 1137 642 nam
1146 595 1252 644 mane
1262 578 1300 641 in
1310 577 1463 642 ecclesia
1473 574 1584 642 Colle·

352 683 404 758 gii
419 684 532 748 nostri
547 694 622 750 toto
643 702 737 750 anno
759 685 948 750 dominicis
966 701 1010 749 ac
1028 685 1129 750 festis
1147 685 1273 750 diebus
1290 684 1482 749 conciones
1503 701 1582 748 curn

353 788 529 869 frequenti
543 791 719 857 auditorio
733 793 967 857 habebantur:
983 810 1050 856 nec
1063 809 1192 873 parurn
1206 793 1244 857 in
1253 791 1479 871 factionibus,
1492 807 1584 873 quae

353 896 390 958 in
401 913 444 959 ea
455 897 641 978 provincia
653 900 733 982 plus
743 901 832 964 satis
842 901 1024 980 vigebant,
1038 899 1257 980 excidendis,
1267 917 1289 963 a
1301 898 1435 963 nostris
1446 899 1582 963 labora·

353 1014 428 1067 tum
443 1013 507 1085 est;
524 1015 574 1085 ut,
589 1005 727 1087 injuriis
741 1007 963 1087 condonatis,
979 1024 1052 1090 pax
1070 1007 1334 1086 conciliaretur,
1355 1015 1391 1070 et
1409 1005 1584 1087 plurimae

354 1108 422 1174 Dei
437 1111 593 1176 offensae
604 1114 839 1179 evitarentur.

411 1217 504 1282 2251.
546 1217 719 1299 Gandiae,
749 1220 1049 1302 quemadmodum
1063 1229 1098 1283 et
1112 1221 1149 1284 in
1168 1219 1248 1283 aliis
1268 1218 1356 1283 locis
1374 1218 1583 1299 Hispaniae,

353 1324 527 1389 rationem
543 1326 645 1391 'cum
660 1329 902 1409 superioribus
920 1326 1128 1408 negotiandi
1146 1331 1201 1393 'a
1221 1325 1259 1390 P.
1276 1325 1414 1407 ignatio
1439 1326 1585 1390 missam

352 1442 578 1514 acceperunt.

412 1537 504 1603 2252.
549 1541 638 1606 Cum
653 1543 798 1624 quidam
813 1561 858 1607 ex
874 1543 1007 1607 nostris
1021 1543 1313 1620 concionaretur,
1335 1541 1463 1604 mulier
1481 1556 1586 1622 quae·

352 1645 448 1725 darn,
464 1665 555 1728 quae
576 1648 651 1713 fere
672 1651 786 1714 invita
811 1650 857 1714 ad
882 1652 1050 1732 templum
1073 1651 1227 1714 adducta
1249 1647 1377 1727 fuerat,
1395 1647 1492 1729 quod
1512 1645 1586 1728 jam

353 1752 473 1817 multis
498 1755 602 1819 annis
627 1775 647 1820 a
675 1757 960 1822 confessionibus
984 1757 1216 1834 abstinuerat,
1242 1771 1310 1818 nec
1328 1755 1452 1834 vitam,
1477 1771 1586 1834 quam

351 1859 586 1926 christianam
600 1861 754 1944 deceret,
771 1864 913 1944 agebat;
929 1864 981 1928 sic
996 1862 1116 1943 gladio
1127 1862 1227 1927 verbi
1239 1860 1309 1925 Dei
1318 1862 1506 1925 vulnerata
1517 1871 1583 1939 est,

350 1977 389 2028 ut
403 1968 591 2032 ecclesiam
612 1969 734 2049 egredi
749 1972 867 2050 nollet,
885 1971 999 2034 donec
1015 1970 1059 2033 de
1076 1971 1150 2033 suis
1161 1969 1319 2050 peccatis
1329 1966 1582 2047 lconfiteretur3

351 2083 400 2152 et,
417 2091 497 2137 cum
512 2092 644 2155 magno
660 2077 823 2157 profectu
835 2078 889 2142 sui
904 2078 1051 2158 spiritus
1065 2088 1101 2141 et
1111 2078 1262 2141 aliorum
1274 2074 1532 2156 aedificatione,
1548 2075 1585 2138 in

352 2179 420 2243 Dei
435 2181 606 2265 obsequio
625 2186 882 2266 perseveravit.

412 2287 504 2351 2253.
547 2288 670 2355 Crevit
694 2303 814 2357 autem
837 2303 1026 2374 tantopere
1049 2308 1174 2356 eorum
1198 2307 1383 2369 numerus,
1408 2290 1468 2372 qui
1494 2289 1586 2353 chri·

353 2393 493 2459 stianae
508 2396 693 2462 doctrinae
711 2401 940 2481 explicationi
958 2401 1155 2464 intererant
1168 2396 1191 2476 ⁸,
1212 2407 1252 2461 ut
1266 2398 1458 2479 aliquando
1472 2396 1585 2461 necin

351 2501 516 2582 ecclesia,
532 2521 598 2568 nec
618 2505 654 2568 in
669 2508 820 2587 porticu,
844 2525 909 2570 nec
931 2507 967 2570 in
989 2505 1155 2570 fenestris
1174 2505 1362 2568 multitudo
1384 2511 1583 2584 caperetur.

353 2605 552 2675 Praemiola
568 2612 743 2693 quaedam
759 2614 894 2694 pueriS,
913 2614 973 2695 qui
995 2612 1121 2678 melius
1136 2611 1351 2690 didicerant,
1367 2609 1510 2690 donata,
1530 2609 1584 2689 (ea

351 2726 454 2780 eraut
468 2720 648 2798 sportulae
663 2720 838 2801 quaedam
853 2740 899 2785 ex
910 2731 1032 2801 sparto
1044 2719 1227 2785 confectae
1241 2718 1406 2781 anostris
1416 2728 1452 2781 et
1467 2717 1585 2798 hujus·

353 2823 471 2901 modi);
488 2826 539 2888 sic
554 2827 814 2891 multitudinem
828 2845 1019 2908 puerorum
1035 2828 1278 2890 invitaverant
1289 2823 1313 2904 ⁴,
1328 2839 1377 2904 ut,
1394 2842 1475 2889 cum
1486 2824 1585 2905 prius

353 2927 556 3009 frigidiores
567 2943 696 3011 essent,
710 2951 817 3015 quam
829 2952 893 3015 par
906 2946 994 3013 erat,
1005 2932 1090 3014 jam,
1105 2944 1294 3014 postquam
1309 2931 1584 2995 tintinnabulum

352 3038 575 3117 pulsabatur,
591 3041 771 3105 concitato
786 3059 906 3118 cursu,
923 3058 1047 3105 omnes
1067 3043 1113 3106 ad
1128 3041 1316 3105 ecclesiam
1340 3041 1583 3103 convolarent:

352 3160 518 3222 quaeres
541 3148 690 3212 multum
709 3148 968 3212 aedificationis
988 3147 1225 3230 provectioris
1240 3148 1370 3211 aetatis
1384 3144 1586 3210 hominibus

352 3252 569 3329 praestabat.

411 3356 504 3422 2254.
547 3360 603 3425 Ex
633 3362 864 3426 concionibus
892 3364 930 3426 in
955 3379 1094 3427 summo
1119 3363 1250 3442 templo
1277 3361 1419 3440 habitis,
1447 3361 1585 3425 fructus

351 3464 459 3527 etiarn
473 3484 545 3530 non
569 3468 805 3548 poenitendus
830 3470 1054 3550 cernebatur;
1076 3480 1112 3533 et
1127 3479 1276 3550 peccata
1302 3487 1324 3532 a
1346 3466 1586 3548 compluribus

352 3572 476 3635 relicta
490 3572 644 3639 fuerunt.
660 3575 761 3639 Duae
776 3574 789 3607 ⁸
805 3586 925 3640 autem
939 3578 1032 3640 inter
1047 3578 1137 3640 alias
1151 3576 1332 3653 mulieres,
1349 3573 1585 3637 conversione

351 3678 506 3757 quadam
523 3681 568 3743 ad
583 3681 774 3748 Dominum
791 3701 862 3747 non
877 3684 1021 3765 vulgari
1034 3684 1276 3762 eminuerunt;
1294 3698 1445 3764 quarum
1457 3682 1581 3757 altera,

351 3784 518 3851 diuturna
534 3790 789 3853 consuetudine
803 3792 976 3872 peccandi
992 3792 1133 3870 relicta,
1150 3790 1245 3853 serio
1260 3787 1390 3853 divinis
1404 3788 1584 3868 obsequiis

351 3910 483 3957 vacare
499 3895 629 3975 coepit.
653 3896 735 3960 Alia
761 3897 879 3979 etiam,
902 3908 988 3962 voto
1014 3897 1190 3962 castitatis
1211 3897 1355 3977 emisso,
1378 3911 1460 3958 cum
1473 3892 1581 3957 vidua

350 4011 454 4079 esset,
481 4001 517 4063 in
536 4001 734 4082 frequentia
753 4016 1060 4069 sacramentorum
1084 4015 1119 4068 et
1140 4004 1460 4068 orationementali
1481 4001 1581 4068 firma

350 4109 617 4186 perseverabat.

411 4214 503 4277 2255.
548 4214 636 4280 Tres
651 4219 760 4282 etiam
780 4220 959 4299 virgineS,
980 4237 1073 4301 quae
1089 4219 1228 4299 pompis
1246 4219 1335 4281 satis
1357 4215 1497 4281 deditae
1510 4215 1583 4279 fue·

393 4386 399 4415 ¹
429 4383 566 4430 Marullo.

386 4455 401 4487 ¹
430 4456 607 4511 sirmundi?

384 4527 402 4559 '³
429 4527 628 4573 Malunt-erat.

388 4600 401 4633 Α
429 4598 475 4644 lde.
487 4602 663 4647 invitaverat.

386 4673 400 4705 ὅ
429 4670 475 4716 Ma.
487 4674 549 4717 duo.
