3642 5350
363 388 416 453 tol
820 384 949 453 emor.
969 364 1045 452 s00'.
1066 386 1138 466 με.

361 540 517 604 tationes
531 555 654 603 coram
669 537 755 621 ipsis
772 536 906 614 habuit,
922 554 989 602 nec
1003 538 1098 601 enim
1113 538 1198 601 alibi
1218 555 1299 602 eum
1318 536 1496 603 divertere
1514 554 1592 620 per·

362 648 549 726 miserunt,
573 646 667 728 quod
691 644 877 727 hospitalis
903 645 1046 709 domum
1072 655 1284 727 occupatam
1309 663 1387 711 esse
1412 646 1589 713 dixerunt.

362 754 532 820 Omnibus
558 752 664 818 etiam
689 752 907 833 domesticiS,
930 752 989 834 qui
1008 754 1110 817 multi
1136 762 1239 817 erant
1263 754 1446 836 utriusque
1468 771 1587 834 sexuS,

323 932 327 941 ,
361 861 650 929 coramDucibus
661 861 893 926 concionatus
904 868 969 941 est,
979 868 1014 924 et
1024 859 1199 942 quaedam
1211 862 1423 926 documenta
1434 862 1587 943 adspiri·

360 972 455 1036 tuale
470 973 628 1053 ipsorum
643 969 814 1035 auxilium
828 968 1043 1049 pertinentia
1057 969 1209 1051 reliquit;
1226 987 1318 1052 quae
1336 979 1410 1035 tam
1427 969 1588 1035 Ducibus

362 1096 467 1161 quam
493 1095 618 1143 eorum
641 1076 812 1157 familiae,
843 1076 1078 1142 consolationi
1106 1093 1260 1157 magnae
1287 1087 1322 1143 et
1350 1076 1587 1144 aedificationi

361 1186 514 1252 inerunt.

421 1292 513 1359 3049.
557 1292 640 1374 Egit
660 1302 778 1359 autem
797 1292 881 1357 Dux
901 1310 983 1357 cum
1002 1292 1042 1357 P.
1062 1293 1294 1359 Bustamante
1310 1293 1353 1359 de
1372 1293 1532 1376 Collegio
1551 1295 1588 1359 in

359 1404 419 1468 illo
434 1419 499 1467 suo
513 1402 644 1483 oppido
659 1399 875 1466 Mnrchenae
889 1400 939 1480 (in
954 1418 1024 1482 quo
1039 1402 1109 1465 tria
1123 1402 1233 1466 millia
1245 1400 1460 1467 familiarum
1474 1402 1589 1482 erant)

360 1508 588 1587 instituendo,
605 1526 675 1590 qua
695 1508 732 1572 in
752 1524 792 1571 re
811 1518 847 1571 et
865 1508 1032 1588 propriae
1052 1508 1236 1573 devotioni
1250 1509 1391 1590 uxoris,
1412 1526 1502 1592 quae
1518 1527 1589 1575 ma·

360 1635 433 1699 gna
448 1626 536 1698 erat,
552 1615 759 1681 satisfacere
773 1614 898 1697 voluit,
914 1624 949 1679 et
964 1614 1010 1679 ad
1030 1616 1100 1679 alia
1120 1616 1249 1698 oppida
1271 1617 1387 1682 vicina
1408 1627 1443 1681 et
1457 1634 1589 1698 magna

360 1726 514 1790 fructum
528 1725 671 1790 uberem
686 1740 732 1789 ex
746 1740 790 1787 eo
805 1722 1085 1788 redundaturum
1099 1725 1322 1805 sperabatur.

420 1832 511 1899 3050.
554 1831 701 1914 Recepit
725 1831 764 1896 P.
791 1831 1022 1896 Bustamante
1046 1848 1085 1895 se
1111 1848 1186 1897 rem
1211 1850 1293 1897 cum
1318 1832 1357 1897 P.
1379 1834 1586 1913 Francisco,

361 1940 626 2020 commissario,
642 1941 864 2019 collaturum,
881 1956 923 2002 ea
939 1948 1058 2004 tamen
1073 1939 1194 2003 addita
1208 1939 1421 2021 conditione,
1438 1950 1476 2005 ut
1491 1940 1588 2022 prius

361 2066 467 2133 quam
481 2050 596 2114 nostri
610 2047 852 2127 convenirent,
869 2056 904 2111 et
919 2048 1117 2128 erigeretur
1133 2046 1330 2129 Collegium
1344 2057 1379 2113 et
1393 2049 1586 2113 dotaretur.

360 2160 405 2223 Et
420 2156 583 2238 quamvis
596 2152 717 2220 Duces
730 2154 851 2219 statim
865 2156 1050 2237 operarios
1068 2155 1114 2220 ad
1134 2174 1173 2221 se
1192 2158 1285 2221 mitti
1296 2157 1503 2249 cupiebant,
1526 2156 1589 2221 sed

362 2283 444 2331 cum
464 2266 508 2330 ab
527 2266 605 2346 ipso
624 2263 806 2329 audissent
825 2262 920 2345 quod
939 2264 1045 2345 pauci
1065 2282 1213 2330 numero
1237 2279 1272 2329 et
1290 2265 1326 2330 in
1347 2265 1462 2329 aliena
1485 2264 1588 2330 domo

360 2391 432 2439 non
444 2380 607 2455 poterant
618 2371 771 2437 instituti
782 2371 895 2436 nostri
907 2371 1160 2454 perlectionem
1172 2374 1376 2453 observare,
1389 2372 1465 2456 ejus
1473 2374 1588 2437 consi·

341 2462 349 2477 ’
362 2483 448 2547 lium
462 2480 581 2545 Duces
597 2479 806 2561 probarunt.

421 2588 511 2654 3051.
554 2588 638 2653 Dux
650 2604 736 2669 ergo
748 2605 854 2652 manu
866 2589 1011 2671 propria
1023 2589 1187 2655 chartam
1197 2588 1418 2671 subscripsit,
1429 2606 1498 2671 qua
1511 2604 1586 2669 pro·

361 2699 532 2779 mittebat,
554 2697 600 2762 ad
619 2697 807 2762 duodecim
832 2706 892 2761 aut
913 2687 1182 2778 'quatuordecim
1202 2698 1245 2763 de
1266 2708 1390 2763 nostra
1408 2697 1585 2763 Societate

361 2806 622 2884 sustentandos,
649 2823 688 2868 se
711 2813 890 2870 trecentos
915 2823 1045 2869 aureos
1069 2807 1178 2870 annui
1192 2806 1343 2886 reditus,
1370 2814 1406 2870 et
1426 2815 1587 2870 trecenta

362 2914 481 2980 modia
496 2913 604 2978 tritici
617 2911 801 2992 (hanegas
815 2913 963 2993 uocant)
978 2931 1016 2977 se
1032 2912 1211 2995 daturum;
1233 2913 1338 2994 quod
1344 2911 1490 2995 perinde
1509 2921 1587 2977 erat

364 3033 470 3103 atque
495 3029 768 3102 quatuorcentos
793 3037 937 3100 aureoS,
958 3030 993 3084 et
1013 3021 1169 3085 triticum
1194 3021 1326 3085 nostris
1346 3021 1587 3086 necessarium

363 3131 462 3194 dare:
474 3129 564 3193 aliae
579 3128 684 3192 etiam
700 3127 946 3208 eleemosynae
961 3129 998 3192 in
1012 3126 1213 3208 hujusmodi
1224 3128 1363 3210 populis
1378 3129 1514 3210 sperari
1527 3144 1587 3209 po·

363 3245 495 3316 terant,
513 3245 547 3300 et
562 3251 786 3299 successores
802 3233 915 3298 Ducis
929 3235 1146 3300 dotationem
1161 3236 1299 3301 aucturi
1313 3235 1537 3314 videbantur;
1553 3243 1588 3298 et

363 3344 495 3427 placuit
520 3341 558 3406 P.
584 3342 799 3407 Provinciali
824 3341 913 3406 haec
937 3345 1145 3424 transactio,
1174 3354 1212 3408 ut
1237 3343 1315 3407 aliis
1340 3342 1588 3409 fundatoribus

363 3452 524 3532 exemplo
539 3459 643 3530 esset,
660 3468 704 3514 ne
716 3458 797 3514 ante
810 3449 1034 3514 aedificatum
1045 3460 1080 3515 et
1091 3452 1251 3516 dotatum
1264 3452 1452 3530 collegium
1466 3467 1586 3531 opera·

362 3560 435 3624 rios
449 3558 580 3623 habere
595 3558 736 3637 vellent,
749 3567 784 3621 et
799 3557 848 3620 ita
862 3557 1032 3622 inchoata
1047 3559 1198 3640 collegia
1209 3557 1413 3623 confirmari
1424 3566 1587 3640 poterant

362 3676 397 3732 et
411 3666 583 3746 operariis
599 3665 739 3745 augeri;
755 3672 790 3727 et
804 3664 854 3728 ita
868 3665 975 3728 rebus
989 3674 1073 3729 tunc
1093 3665 1276 3745 coniectis,
1294 3663 1492 3729 Granatam
1510 3681 1588 3745 per·

362 3773 467 3840 rexit.

421 3879 512 3945 3052.
556 3878 639 3943 Post
658 3877 799 3943 Pascha
819 3896 905 3942 vero
925 3880 1208 3960 resurrectionis,
1230 3880 1351 3944 habita
1367 3878 1442 3961 J'am
1462 3897 1587 3963 appro-

364 3989 506 4053 batione
520 3987 559 4052 P.
574 3985 756 4051 Francisci
776 3985 947 4066 Homine,
963 3984 1195 4051 Marchenam
1213 3987 1335 4068 rediit,
1351 3986 1411 4052 ubi
1430 4005 1495 4052 sex
1512 3987 1588 4052 dies

363 4103 603 4161 commoratus
617 4101 681 4173 est,
699 4093 734 4157 in
750 4092 876 4174 quibus
891 4101 926 4156 et
941 4095 1047 4157 situm
1060 4095 1211 4175 collegio
1223 4104 1473 4176 opportunum,
1486 4095 1589 4160 varia

362 4204 442 4268 loca
461 4202 657 4282 lustrando,
674 4202 872 4281 elegerunt,
895 4208 931 4264 et
949 4201 1137 4267 formulam
1157 4201 1326 4280 aedificii,
1349 4192 1524 4267 accersito
1545 4204 1590 4267 ad

362 4329 441 4376 eam
456 4308 713 4392 designandam
728 4307 924 4373 architecto
939 4308 1164 4374 Cathedralis
1176 4310 1349 4375 ecclesiae
1361 4311 1588 4393 hispalensis,

365 4417 605 4484 confecerunt.

423 4524 514 4590 3053.
558 4523 730 4606 Quamvis
749 4531 868 4588 autem
887 4523 1022 4588 dotatio
1043 4522 1089 4589 ad
1106 4525 1376 4606 quatuordecim
1390 4534 1589 4591 sustentan-

365 4633 430 4700 dos
444 4633 541 4698 iacta
555 4640 660 4712 esset,
673 4629 815 4695 domum
829 4631 1056 4696 nihilominus
1068 4631 1114 4695 ad
1126 4631 1273 4713 triginta
1283 4635 1341 4697 vel
1352 4633 1588 4716 quadraginta
