3642 5350
363 370 414 433 170
817 370 944 433 Canna.
965 370 1042 432 Soc.
1062 371 1133 446 Jas.

360 517 445 599 dam
473 518 657 597 sacerdos,
683 518 824 592 nomine
846 519 1005 603 Joannes
1030 518 1248 585 Chatelaaus
1261 514 1285 597 ⁸,
1314 524 1588 599 praeterquam

363 626 458 709 quod
477 643 647 708 graecam
669 627 857 691 lectionem
879 627 916 691 iu
935 628 1069 692 scholis
1086 625 1277 715 enarrabat
1296 633 1332 691 et
1349 624 1458 697 aliam
1471 625 1588 706 privar

362 736 426 811 tim
447 734 629 813 fratribus,
649 734 839 815 aliquando
860 734 1047 802 dominicis
1065 734 1191 800 diebus
1210 733 1502 813 concionabatur;
1523 732 1586 803 sed

361 860 487 926 parum
501 842 651 907 feliciter
664 841 733 909 hoc
747 856 892 909 munere
906 842 1008 924 fungi
1022 841 1222 930 videbatur,
1234 851 1269 907 et
1279 842 1361 907 ideo
1372 841 1491 924 potius
1504 858 1586 905 con·

361 950 572 1025 sessionibus
586 950 694 1023 dabat
708 968 854 1033 operam
871 949 895 1030 ¹,
910 968 995 1015 nam
1008 960 1151 1032 praeter
1172 949 1417 1029 scholasticos,
1439 948 1499 1031 qui
1517 949 1586 1025 siu·

358 1060 452 1141 gulis
467 1058 646 1125 mensibus
660 1057 920 1125 confitebantur
933 1067 968 1124 et
983 1057 1030 1122 ad
1044 1058 1191 1139 triginta
1204 1074 1316 1139 supra
1333 1056 1508 1122 ducentos
1521 1064 1584 1123 aut

360 1167 512 1249 amplius
529 1165 781 1245 ascendebant,
804 1166 865 1231 alii
884 1165 1027 1247 plurimi
1047 1163 1214 1233 audiendi
1235 1173 1349 1244 erant,
1370 1162 1537 1245 quamvis
1549 1164 1587 1231 hi

360 1276 433 1341 lere
453 1292 498 1339 ex
517 1272 675 1355 plebeiis;
692 1291 779 1343 nam
799 1272 956 1353 ditiores,
977 1274 1038 1355 qui
1059 1273 1115 1338 vel
1134 1289 1263 1338 usuras
1280 1273 1339 1337 vel
1352 1289 1520 1353 pompam
1534 1271 1585 1340 ni:

360 1384 469 1453 miam
483 1381 681 1463 relinquere
699 1382 879 1460 nolebant,
899 1380 945 1445 ad
965 1391 1108 1447 nostros
1126 1397 1198 1451 uon
1217 1379 1422 1463 frequenter
1440 1378 1586 1445 accede·

359 1491 455 1555 hant.
471 1488 592 1571 Aliqui
606 1499 724 1555 tamen
739 1506 785 1553 ex
799 1489 1015 1570 primoribus
1028 1488 1068 1553 P.
1084 1487 1228 1556 Rectori
1238 1479 1361 1557 Loarti
1372 1486 1585 1553 confiteban

361 1607 429 1685 tur,
445 1598 508 1665 sed
522 1598 570 1677 hi,
586 1598 714 1663 sicum
729 1597 808 1661 aliis
822 1606 1085 1679 comparentur,
1100 1595 1208 1677 pauci
1221 1605 1335 1661 erant.

364 1735 367 1747 ·
418 1705 489 1773 624.
532 1706 579 1773 Ut
590 1712 709 1774 autem
723 1712 843 1786 posset
858 1703 1162 1785 Quadragesimae
1176 1712 1336 1784 tempore
1355 1702 1587 1767 confessioni·

358 1814 425 1885 bus
444 1812 531 1885 dure
549 1830 708 1902 operam,
733 1812 850 1877 visum
868 1812 1116 1899 estEpiscopo
1139 1810 1367 1891 suffraganeo
1384 1818 1422 1877 et
1437 1809 1587 1889 Collegit

358 1922 615 2003 protectoribus
629 1920 826 2000 lectionem,
848 1937 954 2001 quam
969 1920 1005 1983 in
1024 1916 1229 1988 Cathedrali
1247 1919 1378 1999 templo
1397 1917 1584 1991 dominicis

359 2029 483 2098 diebus
506 2029 658 2097 habebat
678 2027 701 2107 ³,
728 2026 995 2109 relinquendam
1014 2044 1106 2108 esse,
1127 2034 1166 2093 ut
1184 2025 1324 2092 avidius
1344 2033 1425 2108 post
1443 2023 1583 2091 Pascha

358 2136 555 2216 audiretur,
579 2134 640 2218 [et]
668 2144 705 2204 ut
729 2134 1012 2201 confessionibus
1035 2136 1179 2223 interim
1199 2134 1316 2214 magis
1341 2148 1474 2205 vacare
1498 2148 1583 2211 pos·

358 2253 425 2325 set,
450 2243 734 2334 quandoquidem
758 2243 846 2307 satis
865 2244 966 2315 multi
985 2243 1256 2311 concionatores
1276 2238 1583 2326 Quadrareamae

357 2361 515 2433 tempore
536 2350 684 2415 verbum
705 2351 772 2443 Dei
791 2350 938 2417 Genuae
958 2350 1224 2431 praedicabant.
1244 2348 1324 2415 Hoc
1338 2358 1458 2413 tamen
1469 2348 1585 2415 otium

358 2476 379 2525 a
394 2459 604 2524 lectionibus
617 2476 689 2526 non
703 2457 764 2529 diu
777 2457 932 2538 duravit;
948 2475 1032 2523 nam
1046 2458 1097 2523 illi
1113 2457 1192 2541 ipsi,
1207 2457 1405 2539 Episcopus
1418 2464 1454 2520 et
1467 2464 1582 2535 prote·

357 2574 486 2645 ctores,
501 2564 658 2633 secunda
672 2566 851 2632 dominica
865 2564 1169 2646 Quadragasimae
1183 2571 1366 2641 curarunt,
1383 2571 1422 2635 ut
1442 2560 1586 2629 cuidam

357 2675 520 2746 societati
534 2673 667 2748 eisdem
680 2673 804 2740 diebus
822 2676 1056 2755 praelegeret;
1079 2691 1147 2738 nec
1165 2672 1282 2738 minus
1299 2670 1468 2752 frequens
1487 2668 1586 2736 audis

358 2781 488 2854 tortum
506 2799 613 2863 quam
632 2783 668 2848 iu
684 2781 887 2848 cathedrali
906 2785 1037 2863 templo
1056 2781 1221 2860 habebat,
1242 2788 1278 2844 et
1295 2797 1343 2852 eo,
1356 2777 1485 2860 majori
1504 2794 1586 2849 cum

358 2887 476 2962 fructu
491 2905 534 2954 ac
549 2889 747 2967 devotione,
763 2897 803 2954 ut
814 2889 890 2970 ipse
902 2889 1021 2969 refert,
1037 2888 1260 2968 audiebatur,
1275 2903 1346 2968 quo
1357 2886 1486 2963 minuti
1496 2900 1583 2966 cum

362 3012 492 3078 pompa
507 2997 695 3068 lectionem
709 2997 807 3060 illam
821 2997 1060 3078 praelegebat.
1119 3053 1122 3060 .
1450 3074 1453 3079 ⁴
1567 3053 1581 3061 ..

416 3103 486 3178 625,
530 3103 646 3177 Licuit
660 3112 778 3176 tamen
792 3106 985 3188 multorum
1001 3104 1129 3181 ¹audire
1147 3103 1399 3182 confessiones,
1420 3111 1497 3170 tum
1515 3103 1580 3168 ita·

359 3211 484 3291 lorum,
500 3218 575 3276 tum
591 3211 835 3292 hispanorum
857 3220 893 3276 et
913 3220 986 3276 tam
1005 3212 1136 3280 multos
1155 3211 1202 3276 ad
1214 3211 1434 3292 frequentem
1449 3208 1584 3277 coufes-¹

361 3320 497 3392 sionem
518 3317 691 3387 adductos
715 3335 793 3384 esse
813 3316 946 3384 Rector
970 3318 1149 3398 censebat,
1173 3328 1211 3382 ut
1229 3317 1434 3385 sacerdotes
1459 3316 1584 3392 nostri

362 3427 421 3507 qui
445 3445 488 3496 eo
512 3433 670 3507 ternpore
696 3425 843 3495 Genuae
866 3427 1114 3505 versabantur,
1138 3424 1268 3493 adeas
1292 3424 1497 3498 audiendas.
1514 3441 1585 3500 non

361 3533 572 3606 sufficerent.
910 3597 912 3600 ,
1227 3599 1232 3620 ,4
1264 3596 1268 3602 ,
1368 3595 1371 3600 ,
1440 3588 1444 3595 .
1534 3591 1537 3596 .

416 3639 490 3716 626.
533 3641 633 3708 Unus
641 3659 691 3710 ‚ex
706 3641 882 3720 Bohemis,
899 3658 991 3724 quos
1003 3641 1192 3722 ingressos
1202 3657 1283 3708 esse
1292 3639 1506 3708 Societatem
1517 3637 1586 3704 Ro÷

360 3767 439 3814 mae
454 3748 608 3814 diximus
621 3746 643 3828 ⁴,
658 3765 739 3814 cum
754 3749 800 3814 ad
814 3748 1013 3829 Collegium
1029 3748 1282 3815 Germanicum
1296 3747 1489 3830 venissent,
1503 3761 1586 3814 cum

359 3857 459 3940 prius
478 3857 524 3922 ad
544 3855 762 3924 redeundum
786 3857 822 3920 iu
843 3857 1050 3927 Bohemiatu
1068 3871 1264 3937 propensus
1283 3864 1389 3935 esset,
1410 3864 1446 3918 et
1460 3869 1589 3936 parum·

398 4061 407 4093 ¹
436 4061 503 4105 Vlde
514 4071 602 4116 supra.
613 4068 632 4105 t.
644 4074 668 4114 v,
679 4073 739 4116 pag.
751 4062 797 4112 lll,
809 4074 833 4106 n.
843 4062 891 4115 ³05,
902 4063 945 4106 ubl
956 4062 1012 4117 clus
1022 4045 1162 4116 cognomen
1171 4059 1295 4104 scrlbitur
1306 4059 1463 4104 Cutalanus.

398 4134 410 4166 ¹
436 4131 548 4186 Joannes
558 4131 701 4177 Catalanus
709 4133 1094 4182 (castellanusetChatelanust
1101 4132 1233 4187 negotlum
1241 4133 1371 4176 facessere
1378 4133 1464 4187 coepit
1472 4131 1587 4176 Rectori·

359 4203 449 4249 “Clrca
460 4205 558 4258 Joanne
568 4205 716 4249 Cathnlnno
726 4204 759 4250 V.
772 4205 800 4248 R.
809 4205 825 4248 ll
837 4206 920 4250 faccla
930 4207 1012 4249 sentit
1022 4206 1038 4250 ι’
1048 4205 1202 4259 obedientia,
1212 4217 1226 4248 e
1236 4206 1263 4248 lo
1271 4203 1339 4248 aulai
1349 4204 1398 4247 clue
1415 4204 1484 4248 tiene
1498 4205 1586 4249 ordine

359 4277 384 4322 dl
395 4277 478 4322 Roma
487 4277 512 4322 dl
523 4288 572 4322 non
583 4287 670 4322 tenere
680 4278 707 4320 lu
717 4288 780 4322 casa
791 4278 885 4324 bucino
896 4280 988 4322 alcano
1003 4279 1051 4322 cire
1064 4289 1114 4323 uon
1124 4278 1141 4321 l'
1150 4277 1281 4330 obedlsca.
1289 4275 1320 4320 lu
1328 4282 1420 4332 <lm
1430 4287 1517 4326 neruo
1526 4287 1587 4333 pen-

358 4359 460 4406 saramo
470 4350 517 4401 clue
528 4350 550 4404 sl
560 4350 679 4396 bubbiaa
689 4349 753 4407 fare5
764 4363 778 4392 e
789 4361 816 4393 se
830 4350 861 4394 V.
872 4351 902 4394 lt.
914 4350 1010 4397 tenenti
1020 4351 1096 4406 sicum
1106 4351 1175 4394 altro
1189 4347 1327 4392 sacerdote
1340 4350 1368 4395 al
1383 4349 1526 4405 propodttt,
1537 4359 1588 4394 uo·

357 4423 429 4466 uaria
440 4423 515 4474 male,
529 4432 556 4464 se
574 4432 622 4465 non
637 4421 736 4464 facesse
752 4422 769 4465 il
785 4433 832 4465 suo
846 4422 940 4473 debito,
956 4421 982 4464 di
997 4423 1131 4465 mandatio
1146 4422 1171 4464 ln
1186 4418 1400 4475 peregrinula}
1418 4419 1587 4474 Μοῖσαι

359 4493 464 4546 Roma..
474 4493 609 4547 Polancus,
620 4503 653 4536 ex
663 4503 739 4546 cont„
747 4492 820 4536 Patri
831 4491 953 4548 Gasparo
961 4493 1069 4547 Loarte,
1079 4494 1104 4538 ll
1113 4491 1184 4548 llall.

361 4617 365 4626 ¹
399 4565 412 4598 ⁸
437 4563 627 4624 ,Semltectoa

405 4639 416 4676 t
441 4637 507 4683 Vide
517 4647 602 4695 supra,
613 4642 631 4683 t.
643 4648 669 4692 v,
680 4647 739 4693 pag.
749 4635 785 4692 lb,
795 4649 819 4681 n.
830 4637 864 4682 ll.

1781 3854 1818 3926 ,u
