3642 5350
354 379 410 453 468
810 391 938 473 Cuspis.
959 390 1035 451 Soc.
1056 391 1127 464 Jus.

354 555 417 601 eas
431 538 467 601 in
482 538 615 618 scripta
628 536 815 601 reduceret
830 535 851 615 ¹3
869 545 903 600 et
919 552 1000 601 cum
1014 534 1228 600 Gandavum
1242 534 1440 615 Imperator
1453 543 1490 597 et
1503 532 1580 601 Rex

354 646 536 727 Philippus
554 645 747 722 venissent,
763 644 908 708 tandem
922 642 1012 719 Rex,
1029 641 1124 723 quod
1144 642 1341 723 petebatur,
1358 641 1582 721 subscripsit,

259 730 262 735 ⁵
354 762 389 816 et
401 753 541 815 litterae
555 760 716 833 patentes
731 750 767 814 in
783 750 999 830 universum,
1013 758 1048 813 et
1059 750 1149 813 aliae
1163 766 1324 813 seorsum
1336 750 1372 813 in
1383 766 1485 812 usum
1495 746 1585 811 Bura

353 858 519 940 gundiae,
541 858 632 922 aliae
646 858 683 920 in
698 874 801 921 usum
826 856 1042 920 Bravantiae
1064 854 1221 935 ejusdem
1239 856 1373 919 tenoris
1393 854 1583 935 expeditae

352 964 506 1030 suerunt.
523 966 568 1030 Et
582 966 631 1029 ita
646 963 805 1045 Reginae
820 964 1035 1045 praedictae,
1054 980 1095 1027 ac
1116 962 1245 1027 Comiti
1266 962 1391 1026 Feriae
1411 961 1585 1027 admissio

351 1070 550 1153 Societatis
567 1074 659 1136 inter
673 1074 829 1136 humana
844 1070 971 1150 media,
986 1079 1133 1153 accepta
1145 1070 1290 1134 serenda
1302 1078 1368 1133 est.

602 1416 668 1481 DE
688 1414 883 1483 NOSTRIS
904 1415 1290 1482 TORNACENSIBUS
1311 1416 1323 1448 ¹

407 1711 499 1777 2015.
543 1710 715 1791 Quamvis
724 1713 915 1792 collegium
925 1709 1125 1775 institutum
1136 1710 1293 1775 Tornaci
1304 1712 1579 1792 noudumesset,

346 1836 413 1883 nec
428 1818 490 1882 ulli
503 1818 639 1881 reditus
654 1826 714 1880 aut
729 1816 856 1881 domus
870 1818 1015 1899 propria
1031 1817 1231 1893 haberetur;
1249 1818 1332 1899 quia
1348 1814 1499 1901 [tamen]
1515 1838 1577 1884 no·

345 1926 410 1991 stri
427 1935 506 2005 post
520 1925 672 1988 reditum
687 1923 833 1988 Patrum
848 1924 1033 2004 Bernardi,
1048 1922 1205 2004 Quintiui
1217 1934 1252 1988 et
1266 1924 1413 1988 Antonii
1427 1926 1477 1990 ibi
1491 1927 1575 1991 resi·

344 2032 486 2111 debant,
504 2040 538 2095 et
553 2031 634 2095 inde
650 2031 699 2095 illi
713 2031 864 2111 collegio
879 2032 1019 2094 initium
1033 2031 1154 2094 datum
1169 2030 1251 2108 suit,
1268 2040 1303 2094 et
1318 2031 1458 2096 interim
1473 2051 1575 2113 peru-

345 2140 441 2203 tilem
461 2138 511 2201 illi
532 2138 738 2201 sacerdotes
753 2155 900 2219 operam
926 2138 1096 2219 proximis
1110 2147 1290 2202 naverunt
1305 2136 1328 2217 ³;
1350 2156 1510 2202 seorsum
1531 2140 1580 2205 de

346 2244 617 2309 tornacensibus
636 2254 779 2325 agetur,
804 2244 931 2325 quibus
949 2254 1114 2325 praeerat
1135 2244 1173 2307 P.
1198 2242 1402 2325 Quintinus,
1425 2255 1460 2309 et
1484 2246 1578 2310 redi«

344 2352 438 2416 tibus
454 2352 508 2415 sui
523 2352 764 2431 canonicatus
782 2353 874 2416 bona
889 2362 1051 2431 exparte
1067 2351 1211 2414 domum
1229 2351 1325 2414 illam
1339 2353 1577 2421 sustentabat.

342 2456 553 2539 Suspirabat
565 2458 801 2537 nihilominus
815 2467 853 2521 ut
865 2459 940 2540 ipse
952 2458 1087 2535 scribit,
1101 2474 1232 2537 magno
1244 2440 1419 2522 desiderio
1429 2458 1576 2523 videndi

342 2568 570 2647 impetratam
584 2564 788 2629 facultatem
803 2566 848 2629 ad
863 2565 1014 2645 collegia
1028 2565 1066 2629 in
1080 2565 1203 2644 Belgio
1218 2564 1400 2644 erigenda,
1416 2574 1458 2629 ut'
1468 2567 1576 2645 gravi

343 2691 450 2738 onere
476 2675 530 2736 sui
555 2672 787 2736 canonicatus
812 2676 1008 2752 levaretur,
1031 2684 1065 2736 et
1090 2672 1205 2736 nudus
1229 2672 1363 2736 nudum
1392 2671 1577 2745 Christum

344 2781 444 2862 sequi
459 2781 524 2843 sub
541 2779 740 2844 obedientia
755 2778 945 2844 Societatis
959 2789 1103 2843 nostrae
1118 2797 1199 2843 cum
1215 2780 1322 2845 sociis
1340 2787 1461 2860 posset
1475 2778 1498 2844 ⁸.

404 2886 495 2950 2016.
538 2885 703 2950 Vacabat
717 2885 905 2966 diligenter
925 2887 1000 2967 ipse
1015 2897 1051 2950 et
1065 2885 1102 2950 P.
1120 2885 1298 2950 Antonius
1311 2888 1478 2951 Bucletus
1493 2905 1576 2951 con·

343 2994 555 3058 sessionibus
570 2992 771 3073 audiendiS,
786 3003 822 3056 et
844 3011 865 3056 a
881 3011 1020 3056 summo
1040 3010 1143 3057 mane
1163 3003 1244 3056 ante
1264 2996 1376 3057 lucem
1396 3012 1508 3075 usque
1527 2995 1576 3059 ad

343 3100 537 3179 meridiem,
554 3100 590 3162 in
605 3117 743 3164 summo
753 3101 883 3180 templo
895 3099 977 3164 huic
992 3102 1051 3181 pio
1063 3099 1258 3164 ministerio
1270 3101 1402 3171 dabant
1414 3117 1574 3182 operam.

344 3206 484 3286 Quanto
510 3215 627 3270 autem
649 3223 730 3271 cum
748 3207 864 3270 fructu
880 3207 1056 3288 spirituali
1077 3209 1268 3272 multorum
1293 3207 1329 3271 id
1347 3207 1465 3287 fieret,
1485 3209 1574 3273 iudi-

341 3314 472 3377 cabant
488 3331 532 3377 ex
547 3323 648 3394 parte
662 3314 916 3393 poenitentium
930 3333 1059 3392 voces,
1077 3332 1160 3378 suos
1175 3314 1413 3379 confessarios
1427 3315 1575 3379 laudan*

342 3420 447 3499 tium,
465 3429 499 3484 et
514 3437 600 3484 suae
616 3420 854 3485 conscientiae
869 3439 1010 3502 pacem,
1027 3438 1134 3501 quam
1152 3438 1215 3500 per
1235 3438 1296 3484 eos
1315 3430 1433 3485 essent
1453 3439 1576 3486 conse-

343 3527 430 3606 cuti,
447 3520 711 3608 praedicantes,
728 3537 763 3592 et
777 3528 820 3592 de
834 3546 874 3592 se
889 3537 1008 3592 actum
1027 3528 1153 3606 fuisse,
1174 3527 1243 3592 nisi
1267 3528 1303 3590 in
1328 3528 1408 3592 illos
1431 3529 1571 3594 incidis·

344 3643 422 3697 sent
437 3632 450 3665 ⁸
463 3634 572 3714 aliqui
587 3633 819 3698 affirmabant.

385 3837 393 3870 ¹
422 3836 603 3892 Difficultetee,
613 3837 644 3881 de
652 3838 745 3893 quibo·
755 3838 795 3882 bic
806 3849 899 3893 sermo,
910 3839 1054 3893 descriptae
1064 3839 1181 3884 invenies
1191 3839 1217 3884 in
1228 3839 1295 3893 App.
1308 3838 1341 3889 Il,
1351 3851 1376 3883 n.
1388 3841 1422 3890 17.
1434 3839 1530 3885 cartas
1538 3841 1577 3887 de·

343 3909 399 3953 San
410 3909 529 3962 lauacro,
538 3913 557 3953 t.
568 3920 604 3959 vi,
615 3920 675 3964 pag.
685 3909 733 3962 57&
745 3909 770 3953 iu
780 3921 851 3964 seqq.
862 3921 926 3952 uero
936 3911 1039 3964 paginis
1054 3911 1176 3954 Decurre
1191 3910 1305 3964 Philippi
1320 3911 1343 3955 ll
1360 3912 1385 3956 iu
1400 3912 1519 3958 favorem
1529 3913 1574 3959 So·

341 3979 445 4024 rietatis
456 3977 525 4031 Jeeu.
536 3976 603 4022 Vide
615 3980 695 4022 etlam
705 3980 730 4022 in
741 3985 813 4034 oper.
825 3982 880 4030 cit„
888 3989 977 4024 annot.
986 3981 1009 4034 t,
1018 3992 1080 4036 pag.
1088 3982 1137 4025 351.

381 4052 392 4083 ¹
420 4051 487 4096 Vide
497 4061 563 4105 quae
574 4051 644 4094 dieta
654 4059 713 4095 sunt
721 4062 808 4106 supra,
819 4059 880 4096 aute
892 4064 916 4096 n.
928 4053 988 4097 1945.

382 4121 394 4154 ³
420 4122 620 4166 blsnuvurent.

381 4193 394 4226 ⁸
421 4191 561 4236 conterunt
578 4193 611 4236 ad
627 4193 694 4236 banc
711 4191 897 4245 narrationem,
913 4204 980 4247 quae
995 4195 1113 4248 nuperius
1124 4195 1194 4240 dieta
1209 4202 1276 4247 sunt,
1290 4203 1309 4241 t.
1318 4209 1345 4251 v,
1355 4209 1415 4253 pag.
1430 4198 1531 4253 bol-31&
1546 4205 1576 4250 et

335 4261 464 4318 ¹,Litterae
473 4263 705 4317 Quadrimestres,
714 4265 820 4319 hujusce
836 4265 983 4319 anni,t.1v.
999 4277 1060 4320 pag.
1069 4267 1104 4321 53,
1115 4268 1161 4322 1⁹9,
1170 4268 1219 4312 402.
1230 4267 1269 4312 Ne
1282 4270 1353 4314 dicte
1367 4276 1524 4325 repetamus,
1537 4272 1573 4314 le-

340 4339 440 4379 ctorem
454 4336 487 4380 ad
498 4345 530 4380 ea
540 4337 596 4380 loca
606 4335 771 4380 remittimus.
782 4335 852 4380 Socii
862 4337 904 4390 qul
916 4336 950 4380 ibi
968 4339 1150 4394 versabantur,
1165 4347 1241 4385 eraut
1256 4342 1359 4396 saepius
1369 4343 1469 4387 laudati
1480 4339 1578 4386 Patren

341 4405 477 4458 Quintluus
492 4406 609 4460 Charlut,
626 4407 757 4462 Superior,
775 4407 902 4451 Antonius
918 4407 1057 4453 Boucletue
1072 4417 1099 4454 et
1115 4411 1262 4458 Bernerdur
1278 4413 1416 4470 oliverius,
1431 4415 1473 4470 qui
1485 4420 1574 4460 tamen

339 4484 487 4532 postremus
497 4477 525 4522 P.
541 4479 750 4534 Rivadenelratu,
762 4480 821 4523 dum
831 4479 972 4524 Societatis
986 4483 1092 4536 negotia
1106 4484 1249 4540 expediret,
1260 4497 1346 4541 saepe,
1357 4492 1387 4530 ut
1401 4487 1522 4540 vidimus,
1532 4498 1576 4531 co-

340 4549 494 4593 nitebatur.

382 4620 394 4652 ὅ
421 4619 629 4670 Mar'ncidisset.
699 4661 702 4670 ,
