3642 5350
767 441 830 499 Au.
852 440 922 499 1556
1405 437 1457 496 491

270 585 378 654 Ι2117.
423 588 569 669 Aliquot
584 587 790 652 meretrices
812 605 936 652 eorum
957 604 1068 669 opera
1088 604 1284 652 conversae
1303 586 1457 661 fuerant,

227 715 319 778 quas
334 697 477 761 inbono
492 697 686 777 proposito,
703 714 748 759 ne
766 695 983 775 reciderent,
1001 695 1149 759 consilio
1164 703 1199 758 et
1214 711 1280 775 ope
1294 693 1461 774 pecunia-

230 807 284 869 ria
306 804 445 886 piorum
465 803 647 867 hominum
665 802 820 878 fovebat;
844 811 878 866 et
897 802 974 884 eius
993 803 1100 866 studii
1119 803 1273 884 optimus
1290 801 1378 865 odor
1396 818 1462 882 per

231 913 355 977 urbem
384 927 532 990 sparsus
561 918 626 974 est.
657 910 905 990 Compluribus
937 919 1056 974 autem
1089 926 1299 991 persuasum
1329 916 1383 972 est
1415 909 1464 970 ab

231 1019 369 1094 eodem,
385 1030 423 1082 ut
437 1019 586 1098 singulis
601 1018 779 1082 mensibus
799 1003 1037 1082 confessionis‘
1053 1016 1251 1081 antidotum
1270 1025 1396 1080 contra
1409 1016 1465 1078 vi-

231 1126 362 1190 tiorum
377 1141 553 1189 venenum
568 1136 759 1204 sumerent,
776 1133 918 1206 praeter
932 1142 1007 1203 eos,
1024 1125 1164 1206 quibuS,
1181 1133 1220 1187 ut
1235 1132 1364 1187 octavo
1379 1139 1462 1203 quo·

232 1251 300 1314 que
326 1231 383 1297 die
406 1231 442 1295 id
466 1231 637 1310 facerent,
664 1232 850 1296 consilium
874 1231 1031 1295 dederat.
1058 1230 1114 1296 Ex
1139 1248 1289 1312 quorum
1314 1246 1465 1294 numero

232 1341 399 1422 opulenta
414 1338 589 1419 quaedam
604 1339 712 1403 vidua
727 1346 950 1403 mercaturae
965 1339 1189 1417 exercitium,
1206 1339 1264 1403 cui
1281 1338 1381 1419 prius
1402 1353 1465 1398 va-

230 1447 348 1525 cabat,
367 1447 512 1510 omnino
528 1446 668 1527 reliquit
688 1457 727 1510 ut
746 1447 890 1510 liberius
905 1443 983 1510 Deo
999 1447 1160 1510 serviret.
1177 1446 1221 1509 Et
1237 1445 1326 1508 haec
1339 1443 1468 1525 primis

234 1553 413 1618 mensibus
429 1552 533 1634 hujus
548 1554 632 1616 anui
647 1564 728 1616 acta
747 1552 900 1632 fuerunt,
918 1561 1000 1616 ante
1020 1553 1213 1616 adventum
1227 1551 1265 1615 P.
1282 1551 1468 1632 Baptistae

235 1661 375 1725 Violuei
390 1677 470 1724 cum
484 1661 608 1738 sociiS,
624 1661 684 1740 qui
700 1671 783 1723 ante
798 1659 927 1723 festum
941 1657 1028 1723 Divi
1041 1659 1188 1742 Joannis
1203 1659 1386 1740 Baptistae
1406 1675 1466 1721 ex·

235 1749 469 1848 pectabantur
491 1765 515 1847 ¹;
538 1784 607 1847 quo
627 1775 786 1846 tempore
805 1766 1046 1847 professores,
1068 1766 1127 1846 qui
1145 1766 1298 1829 Billiomi
1318 1773 1469 1828 eatenus

232 1875 455 1955 juventutem
470 1873 680 1952 docuerant,
697 1889 776 1936 eam
791 1873 973 1936 civitatem
988 1873 1145 1937 relicturi
1159 1881 1276 1951 erant;
1293 1880 1327 1934 et
1349 1890 1391 1936 eo
1406 1888 1468 1935 no·

238 1982 302 2046 stri
317 1981 458 2044 avidius
472 1980 769 2061 expectabantur,
787 1980 913 2060 quibus
933 1979 1151 2060 excipiendis
1170 1978 1388 2042 domicilium
1406 1995 1469 2058 pa·

237 2089 396 2152 sabatur.

296 2195 388 2258 2118.
433 2193 516 2258 Post
527 2192 667 2257 Pascha
678 2191 1468 2274 venitP.HieronymusBassiusBigliomum,

238 2301 297 2365 ubi
312 2303 556 2379 concionatus,
569 2318 639 2364 non
652 2318 779 2381 parum
791 2299 1013 2365 auditoribus
1026 2301 1169 2381 placuit.
1183 2300 1290 2364 Pater
1305 2317 1391 2363 vero
1403 2299 1470 2364 Ro

237 2411 370 2486 bertuS,
385 2408 525 2472 octavis
537 2407 708 2486 Paschae,
722 2408 758 2470 in
771 2407 868 2488 urbe,
883 2424 989 2488 quam
1001 2407 1287 2489 Curtampetram
1298 2414 1431 2470 vocant
1442 2406 1470 2484 ³,

236 2517 471 2580 concionatus
485 2524 549 2578 est.

299 2623 390 2687 2119.
434 2621 610 2687 Postridie
630 2639 735 2701 vero,
758 2621 930 2686 concione
949 2622 1089 2686 funebri
1108 2621 1238 2686 ibidem
1258 2621 1399 2701 habita,
1416 2621 1473 2684 sic

239 2731 378 2794 animos
392 2730 524 2793 civium
538 2729 605 2793 sibi
619 2728 795 2807 devinxit,
813 2738 851 2792 ut
865 2730 912 2793 ad
932 2731 1135 2810 proximum
1155 2728 1361 2793 Adventum
1376 2746 1471 2792 eum-

239 2838 321 2902 dem
336 2838 495 2901 obtinere
510 2838 799 2901 concionatorem
814 2837 1030 2915 curaverint,
1048 2837 1212 2917 quamvis
1226 2836 1263 2900 id
1276 2854 1349 2900 non
1364 2836 1470 2917 impe·

241 2947 426 3020 traverint;
441 2962 536 3007 nova
550 2961 667 3007 rerum
679 2944 835 3007 omnium
847 2943 963 3007 forma
976 2944 1141 3024 Bigliomi
1151 2952 1232 3024 post
1246 2942 1393 3006 Patrum
1403 2940 1473 3005 Ro—

239 3053 332 3117 berti
346 3062 380 3115 et
395 3051 605 3132 Hieronymi
621 3051 813 3114 adventum
828 3052 1052 3115 cernebatur.

301 3160 393 3224 2120.
436 3158 646 3223 Recesserat
665 3157 840 3239 Bigliomo
861 3176 978 3223 novus
993 3159 1163 3223 sacerdos
1177 3159 1272 3239 Mag.
1290 3158 1474 3236 Chanalis,

240 3281 315 3333 tum
331 3277 369 3331 ut
388 3268 627 3331 valetudinem
642 3266 677 3329 in
693 3266 826 3347 patria,
844 3284 934 3346 quae
950 3284 1021 3330 non
1036 3268 1161 3347 procul
1182 3265 1353 3346 distabat,
1373 3282 1473 3329 cura-

240 3384 305 3456 ret,
322 3376 530 3451 tumetium,
546 3382 584 3437 ut
598 3390 725 3437 versus
739 3372 897 3437 Parisios
914 3374 959 3437 ad
974 3374 1150 3454 quaedam
1164 3374 1224 3455 pia
1245 3373 1389 3453 negotia
1405 3382 1472 3435 tra-

242 3482 375 3547 ctanda
391 3482 588 3545 accederet.

301 3590 392 3654 2121.
436 3589 574 3653 Invenit
599 3598 718 3652 autem
743 3588 1003 3652 febricitantem
1028 3588 1067 3652 P.
1094 3588 1329 3653 Paschasium
1354 3604 1478 3651 mense

243 3698 350 3780 Maio,
366 3697 539 3778 Cupiebat
554 3704 671 3760 autem
688 3696 885 3775 intelligere
900 3697 1042 3777 quando
1057 3696 1186 3776 nostri,
1204 3696 1317 3759 Roma
1336 3694 1475 3758 mitten·

241 3807 290 3885 di,
307 3803 515 3887 perventuri
529 3812 642 3883 eraut,
659 3815 694 3866 et
714 3820 794 3867 cum
814 3804 960 3867 eosdem
980 3819 1091 3884 prope
1107 3802 1181 3883 jam
1200 3819 1278 3865 esse
1298 3797 1474 3880 conjecta-

244 3922 310 3990 ret,
326 3911 542 3991 Bigliomum
553 3910 668 3974 rediit.

303 4018 394 4084 2122.
438 4018 636 4099 Episcopus
652 4026 770 4080 autem
783 4016 1099 4096 ClaromontensiS,
1120 4016 1180 4097 qui
1198 4015 1347 4079 Parisiis
1366 4013 1479 4076 etiam

240 4139 331 4205 erat,
348 4125 527 4190 commisit
542 4122 690 4188 Vicario
705 4142 770 4188 suo
785 4134 820 4188 et
836 4124 1059 4189 Cancellario
1073 4132 1112 4187 ut
1131 4123 1296 4203 Bigliomi
1315 4138 1478 4185 necessa·

242 4236 296 4298 ria
308 4233 383 4314 J'am
394 4231 469 4313 jam
483 4230 657 4295 adfuturis
673 4231 860 4310 diligenter
875 4240 1122 4312 praepararet.

302 4339 395 4405 2123.
438 4339 528 4404 Cum
554 4348 673 4403 autem
697 4337 873 4417 Lugduno
893 4339 1063 4402 transiret
1087 4338 1233 4419 quidam
1258 4336 1314 4400 vir
1339 4336 1419 4417 pius
1443 4343 1481 4397 et

286 4550 295 4583 ¹
323 4545 684 4603 videsnpra,pag.ao‚n.:9.

288 4618 300 4651 ¹
326 4620 476 4675 eourptere,
491 4620 522 4663 de
538 4630 588 4673 quo
603 4618 696 4673 oppido
711 4616 740 4663 fit
755 4618 851 4663 mentio
866 4618 892 4661 iu
915 4616 1036 4661 Litterae
1050 4616 1281 4671 Quadrimesfres,
1294 4623 1314 4660 t.
1329 4626 1366 4670 tv,
1383 4624 1442 4669 pag.
1454 4612 1485 4657 44

246 4690 333 4736 etsta
639 4694 648 4709 “
