3642 5350
765 440 832 514 Au.
851 439 923 501 1556
1282 514 1285 521 Ι
1404 442 1461 503 273

231 587 323 651 latae
350 585 504 650 luerunt.
534 584 694 666 Quatuor
723 585 845 650 eodem
875 595 1034 666 tempore
1063 585 1270 665 religionem
1298 604 1459 670 suscepe-

231 703 323 761 runt.

294 797 383 863 1057.
426 800 480 864 De
499 800 593 864 raris
613 801 785 865 virtutum
810 800 948 865 actibus
973 801 1009 865 iu
1033 800 1099 881 hia,
1126 804 1185 882 qui
1211 806 1378 885 templum
1401 822 1463 869 no·

233 916 346 972 strum
360 905 647 988 frequentabant,
667 909 777 971 multa
796 908 865 971 dici
880 917 1037 989 possent,
1052 908 1097 971 iis
1112 909 1251 987 similia,
1269 928 1358 991 quae
1375 912 1462 975 alias

234 1014 329 1078 dicta
346 1024 440 1095 sunt;
460 1014 503 1079 de
526 1032 595 1079 uuo
620 1016 678 1078 vel
703 1015 815 1079 altero
839 1032 913 1079 non
937 1016 1076 1095 tacebo,
1102 1017 1218 1098 quiin
1243 1018 1462 1083 remittendis

234 1120 383 1202 injuriis
397 1133 434 1188 ut
448 1122 651 1204 spirituales
666 1122 764 1187 viros
779 1122 940 1203 decebat,
953 1140 1100 1205 prorsus
1115 1142 1153 1188 se
1168 1134 1366 1204 gesserunt.

296 1228 386 1293 1058.
427 1230 644 1296 Vulneratus
668 1239 746 1293 erat
769 1229 929 1312 quidam,
950 1231 1104 1321 honestow
1118 1233 1197 1295 loco
1217 1241 1321 1296 natus
1347 1232 1465 1297 adole·

234 1354 354 1417 scens,
376 1338 426 1401 ita
445 1346 484 1401 ut
505 1334 573 1419 [de]
594 1334 668 1417 eJ‘us
689 1339 765 1401 vita
784 1353 895 1418 prope
915 1339 1141 1420 desperatum
1162 1349 1265 1404 esset.
1283 1339 1399 1419 Quam
1420 1341 1465 1404 ob

234 1463 325 1525 rem,
342 1444 402 1525 qui
416 1443 519 1525 hujus
534 1442 653 1509 delicti
667 1453 793 1509 auctor
810 1444 944 1525 luerat,
967 1463 1047 1509 nea
1072 1448 1248 1511 vulnerati
1269 1447 1379 1511 fratre
1401 1463 1465 1528 per

232 1551 390 1631 justitiae
404 1552 585 1617 ministros
599 1551 782 1633 puniretur
802 1552 954 1633 verituS,
976 1553 1150 1617 latitabat.
1165 1553 1214 1626 At
1234 1553 1345 1619 frater
1366 1572 1464 1635 prae·

236 1659 361 1741 dictus
378 1668 516 1724 tantum
530 1658 630 1723 abest
648 1668 687 1723 ut
706 1674 952 1739 percussorem
966 1659 1064 1723 illum
1079 1659 1160 1724 odio
1174 1662 1221 1725 sit
1242 1670 1465 1743 prosecutuS,
1556 1674 1558 1679 ·

237 1776 274 1831 ut
287 1768 395 1831 etiam
413 1767 511 1831 illum
529 1765 589 1830 diu
608 1766 814 1847 quaesierit,
836 1775 870 1829 et
889 1767 1034 1831 invento
1059 1784 1191 1833 noxam
1210 1768 1464 1833 humanissime

122 1864 128 1875 '
241 1875 463 1940 condonarit.

298 1981 386 2047 1059.
429 1981 530 2047 Alter
551 1981 659 2046 etiam
679 1998 750 2046 nou
768 1980 932 2063 ignobilis
952 1983 1139 2064 colaphum
1161 1985 1206 2047 ab
1226 1984 1296 2047 alio
1318 2001 1463 2066 accepe-

240 2098 305 2170 rat,
321 2106 425 2171 quem
440 2098 514 2153 tam
532 2106 646 2171 aequo
665 2088 783 2153 animo
802 2088 984 2167 sustinuit,
1008 2101 1045 2153 ut
1065 2108 1086 2153 a
1105 2092 1300 2155 lacessente
1319 2092 1462 2155 veniam

239 2197 284 2261 sit
303 2206 480 2277 precatuS,
501 2205 535 2259 et
560 2196 702 2279 quidem
722 2196 873 2276 genibus
897 2198 1118 2277 provolutus,
1142 2206 1177 2261 et
1197 2198 1278 2280 quia
1292 2192 1386 2278 'gens
1407 2199 1468 2262 illa

238 2312 363 2386 suapte
379 2312 507 2367 natura
522 2302 567 2367 ad
586 2303 780 2367 vindictam
800 2320 913 2384 prona
934 2313 1005 2383 est,
1027 2314 1061 2367 et
1080 2305 1187 2369 etiam
1207 2305 1467 2386 antiquissima-

238 2428 318 2476 rum
330 2410 537 2491 injuriarum
551 2428 698 2491 memor,
714 2410 915 2492 perfectiori
930 2411 1053 2476 virtuti
1069 2412 1223 2476 adscribi
1235 2411 1339 2476 debet
1349 2410 1466 2493 hujus-

238 2517 335 2583 modi
348 2526 423 2582 tam
436 2518 590 2583 liberalis
605 2516 815 2597 injuriarum
830 2500 1054 2582 condonatio.

302 2624 390 2692 1060.
432 2625 527 2692 inter
551 2625 732 2706 homines,
758 2626 818 2708 qui
842 2643 863 2689 a
886 2626 1111 2705 gravissimis
1136 2628 1292 2708 peccatis
1316 2644 1466 2694 emerse-

240 2745 339 2814 runt,
355 2733 499 2816 quidam
518 2743 595 2799 erat
616 2733 803 2798 Messanae
824 2734 869 2798 ob
889 2733 1017 2813 gravia
1037 2733 1174 2814 flagitia
1195 2735 1356 2800 omnibus
1380 2737 1469 2801 invi·

241 2859 314 2922 sus,
334 2850 469 2906 etcum
489 2843 525 2906 in
545 2841 689 2905 exilium
707 2840 832 2905 fuisset
855 2842 1046 2921 relegatus,
1067 2841 1198 2906 ibidem
1216 2842 1416 2907 homicidiis
1435 2851 1470 2906 et

242 2948 515 3030 expilationibus
537 2947 688 3030 insignis
707 2947 767 3011 diu
784 2948 937 3012 vixerat.
964 2946 1033 3012 Hic
1055 2964 1136 3012 cum
1159 2949 1195 3013 in
1214 2950 1402 3030 quemdam
1427 2967 1471 3014 ex

241 3056 373 3120 nostris
407 3056 635 3121 confessariis
662 3055 865 3132 incidisset,
891 3055 993 3137 eique
1021 3073 1086 3120 sua
1111 3065 1258 3137 peccata
1288 3057 1472 3146 confessus

241 3172 346 3242 esset,
361 3163 413 3226 sic
428 3161 504 3244 eJ'us
518 3180 627 3244 opera
642 3162 817 3227 Dominus
830 3179 891 3226 cor
906 3161 1001 3227 illius
1014 3162 1230 3244 immutavit,
1253 3173 1292 3228 ut
1313 3164 1472 3246 deposito

241 3287 282 3334 eo
297 3271 393 3334 vitae
405 3286 537 3350 genere
552 3269 730 3351 animique
744 3279 779 3333 et
793 3269 954 3350 corporis
969 3267 1090 3332 habitu
1104 3279 1252 3351 mutato,
1268 3273 1468 3337 monachus

241 3375 399 3458 effectus,
415 3395 454 3441 se
469 3386 583 3442 totum
596 3377 834 3458 poenitentiae
848 3375 974 3440 studiis
989 3393 1031 3440 ac
1044 3377 1227 3441 devotioni
1242 3378 1348 3443 dedit.

304 3483 392 3548 1061.
434 3484 588 3564 Insignis
612 3485 720 3549 etiam
743 3483 809 3547 fuit
833 3481 1016 3563 cujusdam
1040 3483 1214 3548 foeminae
1238 3486 1362 3566 virtus,
1390 3502 1471 3550 cum

243 3610 312 3673 qua
337 3594 394 3657 vir
417 3592 560 3674 quidam
585 3592 629 3657 de
654 3592 879 3656 matrimonio
906 3591 1148 3656 contrahendo
1175 3602 1414 3673 convenerat,
1438 3595 1474 3657 e't

243 3700 349 3764 rebus
360 3700 573 3781 constitutis,
586 3718 665 3764 eam
676 3700 968 3781 desponsaverat,
983 3707 1018 3762 et
1033 3698 1272 3780 nihilomiuus,
1286 3700 1363 3782 ipsa
1375 3717 1475 3782 repu-

244 3807 358 3888 diata,
375 3807 482 3872 aliam
497 3805 659 3872 duxerat.
675 3807 725 3872 At
739 3807 829 3872 haec
843 3823 916 3870 nou
931 3807 967 3870 in
979 3805 1036 3887 jus
1050 3823 1221 3888 sponsum
1235 3808 1395 3886 vocavit,
1413 3808 1475 3872 sed

244 3915 322 3996 ipsa
345 3914 452 3979 etiam
474 3915 666 3980 immortali
686 3931 818 3995 sponso
840 3913 983 3978 Christo
1003 3913 1099 3978 sein
1122 3915 1336 3979 monasterio
1356 3931 1477 3979 conse·

245 4023 374 4087 cravit.
907 4083 910 4090 .

310 4127 397 4195 1062.
442 4130 624 4212 Quaedam
645 4131 715 4194 alia
734 4131 838 4194 simul
857 4147 938 4193 cum
960 4128 1030 4193 filia
1050 4138 1210 4193 nostrum
1225 4131 1393 4210 templum
1414 4130 1475 4196 diu

244 4238 549 4320 frequentaverat3
566 4239 627 4303 sed
642 4237 715 4302 lilia
729 4237 857 4318 majori
872 4255 951 4301 cum
971 4237 1090 4300 fructu
1111 4254 1218 4318 quarn
1230 4245 1360 4317 mater,
1385 4238 1442 4302 cui
1468 4246 1477 4280 ¹

244 4363 325 4412 cum
338 4364 490 4429 sponsus
505 4355 747 4429 quaereretur,
764 4363 786 4410 a
801 4344 1025 4409 matrimonio
1040 4361 1078 4406 se
1091 4344 1282 4409 abhorrere
1297 4345 1475 4426 siguifica-

244 4454 306 4530 vit,
327 4454 409 4536 quia
425 4454 565 4520 Christo
586 4472 624 4518 se
649 4453 888 4518 dedicaverat.
912 4451 1073 4531 Urgebat
1093 4451 1320 4518 nihilominus
1348 4463 1480 4534 mater,

290 4697 299 4729 1
327 4695 484 4751 Schmun.

397 4787 435 4844 T.
454 4804 496 4845 vr.
