3642 5350
797 413 861 473 Au.
883 414 953 474 lfa'ob
1454 412 1494 472 25

259 559 330 640 die,
346 559 382 624 id
397 568 463 638 est,
479 558 755 640 decimoquinto
771 558 918 640 Aprilis,
934 559 1132 622 mediocres
1151 558 1335 639 operarios
1353 556 1489 621 satisfa-

263 685 344 732 cere
357 667 516 747 potuisse
532 665 713 730 Cardinali
726 683 770 729 ac
785 665 943 730 civitatis
956 664 1153 744 desideriis,
1177 665 1209 728 si
1229 665 1328 744 prius
1350 664 1398 727 ibi
1419 681 1494 727 non

264 774 386 838 luisset
408 773 643 837 concionatus
661 771 699 836 P.
723 771 930 852 Salmeron;
956 771 1019 836 sed
1040 781 1230 853 postquam
1253 769 1329 852 eins
1353 771 1491 834 concio·

264 897 328 944 nes
343 881 574 958 audivissent,
595 897 730 960 paucos
754 879 892 944 futuros
917 897 1006 958 esse,
1033 880 1117 943 dum
1140 896 1265 944 earum
1285 887 1412 958 gustus
1431 878 1493 941 du-

265 997 372 1062 raret,
400 987 460 1068 qui
486 985 734 1050 satisfacerent
757 1004 881 1051 eorum
909 986 1161 1068 expectationi,
1187 985 1396 1050 affirmabat.
1422 983 1493 1049 Sed

264 1095 388 1159 eodem
409 1093 465 1158 die
486 1093 765 1174 decimoquinto
786 1092 899 1158 Roma
918 1094 1097 1175 proiectus
1119 1103 1173 1157 est
1194 1091 1233 1155 Ρ.
1254 1092 1495 1172 Hieronymus

265 1199 416 1265 Rubiola
441 1217 521 1264 curn
547 1199 685 1264 duobus
706 1201 825 1278 sociis;
848 1201 995 1278 scilicet,
1020 1201 1125 1265 Petro
1146 1199 1259 1279 Regio
1281 1207 1316 1262 et
1339 1198 1495 1262 Hectore

265 1308 444 1386 Leonello,
474 1325 624 1388 quorum
649 1317 795 1388 uterque
818 1308 1047 1372 humaniores
1073 1309 1231 1386 litteraS,
1260 1307 1358 1387 prior
1386 1306 1494 1368 etiam

264 1431 416 1496 graecas
440 1415 570 1478 docere
593 1423 735 1495 poterat
765 1415 786 1494 '3
811 1414 992 1478 Florentia
1016 1432 1105 1480 vero
1130 1423 1301 1478 evocatus
1326 1421 1380 1476 est
1404 1414 1497 1476 alter

267 1521 448 1600 sacerdOS,
472 1523 609 1586 scilicet
630 1521 669 1585 Ρ.
684 1521 894 1586 Dominicus
913 1521 1105 1599 Palancha,
1129 1520 1348 1598 Fermensis;
1369 1520 1430 1600 qui
1448 1518 1495 1583 ad

266 1629 455 1693 conciones
469 1629 505 1692 in
520 1630 653 1709 templo
666 1629 798 1693 nostris
814 1629 994 1708 deputato,
1009 1639 1044 1692 et
1064 1630 1101 1692 in
1115 1627 1277 1692 custodia
1291 1627 1443 1707 publica,
1460 1636 1495 1690 et

266 1735 312 1799 ad
326 1735 559 1798 christianam
574 1735 773 1800 doctrinam
787 1744 823 1798 et
836 1734 1079 1799 consessiones
1094 1733 1300 1812 audiendas,
1312 1742 1348 1796 et
1363 1733 1398 1796 in
1413 1733 1495 1796 hos-

266 1843 434 1922 pitalibus
462 1859 506 1906 ac
533 1842 758 1906 monasteriis
789 1843 938 1906 verbum
964 1841 1032 1906 Dei
1059 1840 1349 1920 praedicandum,
1378 1840 1498 1920 potius

268 1967 375 2031 quam
390 1949 425 2012 in
441 1950 571 2030 templo
585 1947 791 2028 cathedrali,
806 1958 908 2012 erant
922 1949 1052 2013 idonei.

327 2055 377 2119 65.
422 2055 510 2120 Cum
526 2065 645 2119 autern
660 2063 783 2135 postea
803 2055 1003 2120 Cardinalis
1016 2056 1154 2118 litteras
1167 2054 1205 2118 P.
1222 2053 1382 2135 Ignatius
1396 2070 1495 2117 acce-

269 2165 330 2245 pit,
346 2163 473 2244 quibus
488 2161 534 2226 ad
548 2162 736 2242 collegium
751 2161 988 2226 inchoandum
1005 2162 1138 2226 similes
1152 2162 1285 2242 aliquot
1305 2160 1403 2224 Patri
1422 2158 1495 2224 Sal·

268 2270 404 2334 meroni
419 2268 608 2333 mittendos
622 2268 688 2332 sibi
703 2268 818 2332 videri
832 2269 966 2346 scribit,
990 2268 1083 2332 unde
1104 2285 1176 2332 non
1195 2268 1306 2349 ipsius
1320 2265 1497 2330 desiderio

268 2376 490 2441 satisfactum
510 2391 588 2439 esse
609 2376 823 2455 insinuabat,
844 2376 1028 2457 rescripsit
1049 2374 1088 2438 Ρ.
1110 2375 1271 2454 ignatius
1290 2391 1328 2437 se
1348 2389 1497 2454 prorsus

269 2484 459 2546 missurum
484 2500 554 2546 non
578 2481 688 2546 fuisse
709 2483 912 2563 praedictos
932 2491 1096 2563 quatuor,
1112 2483 1143 2546 si
1158 2483 1223 2545 has
1236 2482 1372 2545 litteras
1392 2497 1479 2544 acce

269 2589 380 2670 pisset
393 2588 415 2651 ¹.
433 2587 560 2652 Postea
575 2589 815 2667 nihilominus
832 2599 942 2653 utres
962 2591 1040 2670 ipsa
1056 2589 1186 2668 docuit,
1203 2587 1367 2669 quamvis
1382 2587 1495 2651 curio·

270 2698 320 2761 sis
334 2714 405 2761 non
420 2698 470 2761 ita
484 2697 743 2775 satisfacerent,
761 2714 834 2761 non
847 2698 925 2761 sine
939 2698 1085 2778 egregio
1105 2697 1223 2761 fructu
1242 2697 1279 2759 in
1295 2714 1337 2759 ea
1352 2693 1496 2760 Domini

271 2804 377 2869 vinea
392 2804 507 2867 nostri
520 2804 654 2868 versati
668 2815 762 2884 sunt,
779 2814 817 2868 ut
831 2822 896 2868 suo
911 2807 990 2869 loco
1005 2805 1142 2869 dicetur
1159 2809 1184 2864 ⁸.

331 2910 381 2975 66.
424 2910 581 2975 Tertium
596 2912 797 2991 collegium,
814 2912 882 2976 hoc
896 2928 990 2976 anno
1007 2912 1223 2988 inchoatum,
1239 2911 1305 2974 fuit
1326 2908 1500 2989 Ingolsta·

272 3018 403 3097 diense,
420 3017 464 3081 de
479 3035 548 3098 quo
561 3016 635 3098 Jam
649 3018 776 3082 litteris
797 3020 889 3082 ultro
912 3019 1071 3099 citroque
1092 3019 1210 3083 missis
1225 3027 1345 3081 actum
1359 3027 1447 3096 erat;
1464 3025 1501 3079 ct

273 3126 413 3190 demum
436 3124 613 3188 Bavariae
637 3124 721 3189 Dux
746 3125 844 3189 Patri
871 3125 1010 3205 ignatio
1035 3126 1194 3207 scripsit,
1224 3136 1258 3188 et
1287 3124 1499 3205 quibusdam

272 3250 353 3297 cum
375 3230 635 3296 conditionibus
657 3234 846 3312 collegium
865 3231 912 3296 ad
930 3250 969 3296 se
984 3232 1075 3296 mitti
1090 3233 1302 3313 postulabat.
1321 3230 1501 3295 Offerebat

272 3348 389 3403 autem
404 3340 479 3419 ipse
494 3336 637 3403 domum
652 3350 687 3403 et
702 3340 844 3403 hortum
859 3356 941 3403 cum
956 3340 1119 3418 ecclesia,
1140 3349 1176 3403 et
1196 3339 1420 3417 octingentos
1439 3337 1501 3401 flo-

271 3464 378 3510 renos
392 3446 584 3509 rhenenses
597 3444 610 3477 ⁴
628 3447 736 3511 annui
750 3446 895 3527 reditus,
912 3457 948 3511 et
966 3456 1104 3511 tantum
1118 3456 1303 3527 praeterea
1317 3444 1501 3521 frumenti,

273 3561 444 3634 quantum
468 3552 596 3633 viginti
620 3554 782 3634 personis
810 3554 997 3618 sufficeret.
1022 3556 1067 3619 Et
1086 3555 1143 3618 hic
1167 3570 1336 3617 numerus
1361 3552 1502 3615 abunde

273 3659 464 3724 sustentari
478 3658 679 3739 huiusmodi
694 3661 863 3725 reditibus
879 3671 1029 3743 poterat.
1053 3662 1182 3726 Visum
1196 3670 1250 3724 est
1270 3671 1388 3723 autem
1403 3658 1502 3722 Patri

273 3766 412 3847 Ignatio
431 3783 513 3830 cum
527 3764 628 3829 Duce
647 3766 823 3832 Bavariae
843 3768 886 3832 de
909 3768 1170 3832 conditionibus
1193 3785 1237 3831 ac
1256 3766 1371 3848 pactis
1394 3782 1502 3845 agen·

274 3873 356 3937 dum
375 3890 447 3936 non
466 3890 556 3950 esse,
579 3890 644 3936 nec
669 3872 883 3938 Societatem
902 3875 1130 3955 obligandam
1149 3875 1286 3939 censuit
1306 3872 1352 3937 ad
1370 3872 1504 3936 theolo-

273 3980 355 4061 giae
366 3980 518 4043 lectores
529 3979 676 4061 dandos,
690 3980 784 4061 quod
797 3978 904 4063 [cum]
916 3980 1104 4046 Societatis
1115 3991 1259 4045 nostrae
1274 3979 1501 4044 Constitutio-

315 4220 323 4253 ⁸
351 4220 390 4265 De
401 4221 441 4266 hle
451 4221 528 4266 eccll·
538 4222 635 4267 mentio
644 4220 672 4267 fit
683 4220 709 4266 ln
719 4222 776 4267 loco
786 4233 867 4273 nuper
874 4222 965 4273 citato,
973 4232 1032 4277 pag.
1043 4222 1092 4275 m,
1101 4227 1190 4267 annot.
1200 4220 1248 4265 tet
1260 4221 1285 4265 ln
1299 4221 1420 4265 Litterae
1434 4220 1506 4274 Qua-

274 4291 442 4345 drimestm.
454 4298 472 4338 t.
483 4303 519 4343 ιν.
530 4304 590 4348 pag.
600 4293 647 4337 482.
658 4292 768 4339 Rublola
779 4301 866 4339 autem
876 4295 901 4339 ln
913 4294 1039 4349 Hispania
1048 4301 1126 4339 natus
1134 4293 1192 4348 iult,
1201 4304 1251 4347 quo
1261 4292 1301 4337 dte
1311 4299 1337 4337 et
1347 4304 1414 4337 anuo
1424 4292 1504 4336 incer·

275 4369 336 4409 tum:
346 4362 463 4409 Gandlae
473 4363 632 4410 Societatem
642 4372 681 4409 eet
690 4368 833 4420 amplexus:
843 4366 907 4411 obiit
923 4365 998 4411 Senis
1009 4368 1035 4410 ’.Ἰ
1046 4367 1158 4421 Auguetl
1170 4366 1230 4409 1577.
1241 4364 1309 4409 Vide
1323 4366 1378 4420 elus
1390 4365 1504 4419 elogium

273 4434 343 4489 apud
353 4434 484 4491 Succurrit,
495 4436 597 4483 Hester.
609 4439 635 4483 S.
644 4438 671 4494 J.
687 4450 711 4494 p.
723 4448 759 4493 rr,
770 4438 815 4483 llb.
825 4450 871 4491 vn,
879 4450 903 4483 n.
914 4438 949 4484 20.

315 4505 327 4539 ¹
355 4505 422 4552 Vide
433 4506 529 4552 cartas
537 4510 571 4553 de
582 4508 637 4555 San
647 4510 766 4565 ignatio,
775 4518 794 4555 t.
805 4522 839 4564 vr.
850 4522 903 4567 pag
918 4510 1016 4563 tut-utu,
1026 4510 1125 4555 att-tta

315 4578 328 4612 ⁸
354 4578 419 4625 cum
428 4580 485 4625 scil.
495 4588 590 4635 egetur
597 4581 629 4627 de
639 4582 755 4637 collegio
765 4582 880 4635 Senensi.
890 4583 968 4636 inira,
978 4594 995 4627 e
1005 4592 1030 4627 a.
1039 4582 1088 4627 tta

316 4652 329 4685 ⁴
354 4650 422 4696 Vide
430 4650 644 4708 Beeoasaeaou,
655 4652 798 4709 Epistulae
808 4656 834 4699 et
844 4657 905 4699 acta
913 4654 945 4699 B.
955 4654 985 4699 P.
996 4654 1073 4699 Petri
1083 4654 1195 4708 Cantstt,
1204 4660 1223 4699 t.
1233 4664 1252 4710 r,
1263 4652 1507 4709 perpetrationes.
