3642 5350
754 447 817 506 Au.
840 447 910 506 1556
1413 448 1449 508 51

215 592 320 656 sabat
332 591 539 672 praedictus
554 609 675 673 nepos;
693 591 754 655 sed
770 610 850 658 cum
865 591 1091 656 Gubernator
1106 602 1140 657 et
1160 592 1271 673 ipsius
1287 592 1396 673 judex
1411 594 1448 658 in

214 700 477 780 possessionem
487 717 606 764 rerum
619 701 758 764 illarum
769 702 898 764 vellent
907 699 1103 780 Collegium
1116 701 1294 780 inducere,
1304 702 1448 766 taudem

216 807 546 885 compromiserunt,
563 818 598 871 et
609 806 746 887 judices
758 805 1061 888 compromissarii
1073 808 1353 888 pronunciarunt
1366 808 1451 873 hor·

216 925 292 977 tum
306 912 477 978 Societati
492 915 647 994 legitime
662 915 777 994 legari
791 914 949 995 potuisse
963 913 983 978 ¹.
1541 995 1546 1003 .

279 1019 348 1084 184.
393 1021 546 1085 Vineam
562 1022 669 1085 etiam
694 1021 884 1103 quamdam
902 1021 934 1084 ei
955 1021 1213 1102 adjudicarunt,
1236 1023 1451 1102 quibusdam

215 1128 344 1208 legatis
368 1128 466 1208 prius
491 1137 525 1191 et
549 1129 727 1192 nonnullis
750 1128 855 1192 rebus
880 1130 1017 1208 solutis;
1040 1138 1074 1192 et
1090 1129 1172 1209 quia
1193 1129 1236 1192 de
1246 1128 1325 1208 jure
1349 1139 1384 1192 et
1404 1129 1447 1193 de

215 1234 311 1298 iacto
326 1235 597 1314 compromissio
612 1236 708 1299 iacta
724 1237 852 1314 iuerat,
868 1237 913 1300 lis
927 1235 992 1299 suit
1011 1235 1179 1314 extincta,
1201 1236 1282 1298 licet
1296 1253 1447 1316 conque·

217 1351 355 1405 reretur
372 1341 529 1405 defuncti
543 1340 555 1372 ¹
570 1359 681 1422 nepos
701 1359 782 1405 cum
797 1341 1045 1406 Gubernatore
1067 1358 1105 1405 se
1120 1352 1311 1422 gravatum
1326 1342 1450 1423 luisse

215 1458 248 1512 et
263 1457 383 1512 tamen
395 1447 534 1528 judices
548 1448 850 1529 compromissarii
863 1448 1004 1514 fuerant
1019 1448 1171 1512 Auditor
1185 1449 1447 1514 Gubernatoris

214 1565 248 1618 et
259 1555 436 1619 Dominus
447 1556 662 1620 Laurentius
674 1556 717 1620 de
728 1556 912 1635 VirilibuS,
922 1574 1004 1620 cum
1012 1555 1164 1620 Domino
1175 1557 1312 1638 Joanne
1324 1555 1447 1620 Domi·

214 1663 293 1726 nico
309 1661 478 1740 Ciaccba,
495 1663 554 1744 qui
569 1663 758 1727 ecclesiam
773 1662 933 1743 Collegio
945 1663 1143 1727 donaverat
1154 1661 1176 1726 ³:
1192 1672 1314 1744 postea
1327 1673 1446 1726 tamen

215 1769 344 1833 rationi
365 1770 554 1850 acquievit.
1076 1782 1079 1786 ’

275 1875 344 1940 185.
387 1877 426 1940 In
441 1878 546 1941 domo
562 1886 596 1940 et
615 1877 767 1941 ecclesia
788 1877 870 1942 Stat
885 1877 1020 1941 Mariae
1041 1877 1096 1940 del
1122 1876 1232 1942 Passo
1255 1877 1329 1957 jam
1350 1878 1445 1943 dicta

214 1984 427 2047 constitutus
442 1993 495 2047 est
510 1984 657 2048 eremita
676 1984 832 2065 quidam,
853 1983 913 2047 Fr.
936 1983 1138 2048 Matthaeus
1157 1984 1310 2064 nomine,
1331 1985 1449 2049 bonu's

212 2089 281 2154 Dei
295 2108 422 2154 servus
442 2101 476 2154 et
495 2090 666 2155 Societati
684 2100 827 2155 nostrae
846 2091 1068 2155 familiariter
1088 2101 1209 2170 notuS,
1232 2102 1268 2155 ut
1287 2095 1443 2172 aperiret

212 2206 246 2260 et
261 2198 444 2262 clauderet
458 2199 561 2278 ostia,
578 2216 622 2262 ne
638 2198 750 2263 nostri
765 2198 811 2262 ad
825 2197 862 2262 id
876 2197 1091 2262 descendere
1106 2215 1151 2262 ex
1167 2197 1324 2278 Collegio
1340 2203 1445 2280 coge·

212 2313 334 2368 rentur
348 2302 371 2368 ⁴.
1448 2364 1452 2370 .

275 2409 342 2476 186.
386 2409 501 2476 Semel
516 2421 653 2475 tantum
668 2414 705 2476 in
721 2413 943 2477 hebdomada
963 2413 1077 2476 nostri
1090 2413 1139 2476 ibi
1160 2412 1307 2476 Missam
1325 2412 1448 2478 dicere

212 2518 453 2597 perstiterunt.
480 2518 698 2582 Prohibitum
723 2529 841 2583 tamen
866 2518 935 2584 luit
959 2519 1077 2584 Fratri
1102 2519 1282 2583 Matthaeo
1307 2537 1352 2582 ne
1379 2521 1447 2584 sub

211 2625 312 2689 titulo
327 2624 409 2690 S.t⁸e
425 2625 560 2691 Mariae
576 2627 632 2691 del
647 2627 758 2691 Passo
773 2628 1036 2708 eleemosynam
1052 2635 1197 2707 peteret,
1214 2635 1249 2690 et
1269 2634 1306 2690 ut
1321 2627 1446 2691 liceret

210 2733 342 2796 nostris
357 2749 422 2812 pro
437 2750 502 2797 suo
517 2735 664 2798 arbitrio
680 2734 919 2798 eremitorium
934 2734 1018 2797 illud
1034 2745 1193 2815 repetere
1209 2734 1232 2797 ⁵.

273 2838 342 2903 187.
386 2840 464 2904 Non
480 2842 642 2905 omittam
656 2842 749 2922 quod
762 2858 843 2905 cum
855 2842 1033 2905 exercitus
1044 2841 1154 2904 Ducis
1166 2842 1296 2905 Albani
1308 2841 1447 2921 Tyburi

212 2956 425 3027 versaretur,
442 2946 525 3011 Dux
540 2947 669 3011 Montis
684 2947 814 3012 Leonis
827 2944 850 3024 ⁶,
867 2948 928 3029 qui
940 2948 1067 3027 ubique
1082 2949 1214 3011 nostris
1226 2949 1444 3011 benevolum

211 3052 401 3117 admodum
421 3054 578 3117 animum
597 3054 797 3133 exhibebat,
821 3054 903 3118 inde
926 3054 965 3117 Ρ.
988 3053 1135 3118 Vicario
1160 3062 1283 3117 nostro
1298 3055 1444 3135 scripsit
1503 3094 1508 3101 -

209 3169 247 3223 ut
260 3160 298 3224 P.
316 3160 571 3241 Salmeronem‚
588 3162 647 3241 qui
659 3160 733 3241 jam
747 3180 794 3226 ex
808 3160 933 3241 Belgio
949 3161 1099 3224 Romam
1118 3161 1283 3241 redierat,
1305 3160 1444 3243 Neapo-

209 3266 269 3331 lim
282 3268 490 3347 remitteret,
506 3268 566 3331 ubi
581 3267 655 3349 ejns
676 3285 784 3350 opera
806 3284 938 3348 magno
960 3284 1040 3332 cum
1061 3267 1235 3331 desiderio
1255 3270 1444 3350 expeteba-

249 3474 258 3507 1
286 3472 353 3517 Vlde
361 3484 450 3529 cupra,
461 3481 480 3518 t.
491 3487 517 3526 v.
528 3484 590 3529 pag.
599 3474 635 3529 59,
645 3486 670 3518 n.
681 3474 726 3518 125.

248 3544 260 3577 ¹
287 3544 354 3591 Olim
371 3546 498 3600 scriptum
514 3548 541 3591 ln
554 3558 600 3591 ms.
613 3546 700 3592 iuerat
712 3548 746 3591 de
763 3546 902 3599 defuncto:
911 3547 957 3590 sed
967 3546 1080 3590 deletum
1091 3552 1131 3589 est
1142 3545 1175 3589 de
1185 3550 1211 3589 et
1222 3550 1375 3589 emutatum
1391 3546 1441 3590 ini

210 3615 396 3662 Exietlmamue
406 3618 652 3663 tameumutundum
662 3618 742 3663 fuisse
753 3620 779 3663 lu
790 3630 822 3663 ae
838 3624 863 3663 et
876 3618 1040 3663 scribendum
1054 3616 1210 3670 defunctae,
1219 3617 1259 3661 lte
1267 3623 1297 3661 ut
1311 3616 1442 3671 intelliga-

211 3696 252 3734 tur
261 3700 406 3735 eerutouem
416 3688 471 3734 lierl
482 3690 513 3734 de
524 3688 622 3735 Luciee
633 3690 735 3735 Cintiae
747 3696 849 3745 nepote,
859 3690 891 3733 de
906 3700 956 3745 quo
970 3690 996 3733 ln
1006 3701 1074 3733 num.
1090 3690 1266 3743 praecedeuti.
1282 3687 1359 3733 Haud
1373 3690 1444 3734 enlm

210 3766 311 3814 poterat
325 3760 483 3806 Laurentius
496 3761 528 3805 ‹le
543 3762 670 3807 virilibus
686 3762 822 3807 defunctus
835 3761 915 3817 index
932 3772 988 3805 esse
1003 3759 1252 3816 compromissarios
1267 3767 1294 3805 et
1309 3762 1395 3815 vinea,
1406 3760 1441 3804 de

210 3842 260 3886 qna
273 3834 409 3888 agebatur,
426 3844 476 3878 non
492 3834 548 3889 ejus
561 3834 607 3878 sed
620 3832 717 3878 Luclae
731 3833 832 3879 Clntlae
847 3834 945 3877 iuerat.
956 3832 1022 3877 Vide
1037 3841 1125 3887 snpra,
1141 3838 1160 3878 t.
1170 3844 1198 3887 11,
1208 3844 1269 3888 pag.
1284 3833 1317 3885 19,
1333 3844 1356 3876 ιι.
1367 3832 1402 3887 853
1414 3840 1441 3878 et

210 3914 269 3957 put.
278 3903 314 3957 20,
324 3911 412 3948 annot.
422 3905 445 3947 l.

248 3974 260 4007 ⁸
285 3974 366 4020 Plura
376 3976 407 4020 de
418 3976 466 4020 boe
476 3974 535 4019 vlro
546 3972 662 4019 invenies
672 3984 761 4029 supra,
772 3980 792 4019 t.
803 3984 839 4028 tv,
850 3984 912 4029 pag.
922 3973 957 4028 15,
966 3971 1002 4027 26,
1012 3972 1046 4026 29,
1058 3984 1100 4017 un.
1109 3973 1144 4028 111,
1154 3974 1189 4017 38.

248 4047 261 4078 ⁴
285 4046 352 4091 Vide
362 4058 450 4102 snpra,
461 4052 480 4091 t.
492 4058 518 4100 v,
528 4058 589 4101 pag.
598 4046 634 4099 59,
643 4057 668 4091 u.
680 4046 731 4091 125.

246 4117 257 4150 ⁵
283 4116 326 4164 'In
341 4119 425 4165 Senta
439 4118 524 4163 Maria
538 4118 583 4162 del
597 4116 682 4162 Passa
696 4117 718 4162 sl
733 4118 819 4173 putria
834 4122 945 4162 mettere
959 4129 994 4162 un
1008 4117 1122 4171 eremita,
1139 4117 1235 4172 porche
1248 4117 1289 4161 ela
1298 4117 1393 4161 linono
1403 4118 1437 4162 de

208 4190 278 4244 bene,
293 4198 319 4235 et
334 4202 385 4235 non
400 4188 488 4235 cerchl
503 4191 530 4234 la
545 4190 685 4234 elemosine
700 4196 769 4234 eotto
784 4195 875 4244 questo
892 4190 967 4233 titolo
979 4189 1009 4232 de
1020 4188 1071 4233 SA·
1083 4189 1167 4234 Marie
1180 4189 1223 4233 del
1238 4188 1328 4242 Passo,
1339 4197 1366 4233 et
1375 4200 1440 4233 sera

211 4260 233 4302 ‹l'
241 4260 356 4306 evertite
368 4261 416 4305 che
426 4272 477 4306 uon
486 4262 508 4305 si
519 4267 601 4305 mette
611 4262 637 4305 lu
648 4261 722 4305 modo
733 4262 780 4305 che
790 4271 868 4316 posse
879 4262 919 4304 eol
930 4264 1016 4315 tempo
1027 4261 1081 4305 dlre
1092 4271 1138 4314 ego
1154 4260 1290 4314 dominus,
1299 4260 1441 4316 allegando

209 4334 408 4387 possessione...
418 4332 554 4386 Polencns,
564 4342 597 4376 ex
607 4344 681 4385 com..
691 4331 801 4377 ellatur
805 4365 810 4384 ,
822 4332 882 4384 1555,
893 4330 988 4387 Tivoll,
1000 4334 1027 4377 al
1037 4332 1156 4377 Rettore.

248 4403 261 4438 ⁸
285 4403 385 4449 Hector
396 4404 545 4459 Pigeatelm
559 4404 591 4449 de
606 4415 656 4459 quo
670 4414 748 4459 saepe
763 4404 789 4448 ln
805 4404 902 4448 cartas
916 4402 1178 4457 ue.san12nacto,t.
1192 4417 1220 4459 v,
1229 4417 1290 4461 pag.
1302 4405 1339 4449 181
1351 4412 1376 4449 et
1389 4404 1440 4457 tta

206 4474 346 4530 59551155
356 4476 397 4519 113
406 4483 432 4520 et
441 4475 585 4521 dile-Due!
595 4486 693 4521 morem
704 4474 809 4521 Lalnlus
819 4476 902 4531 cessit
913 4476 1045 4530 eidemque
1052 4477 1203 4521 scribebatl
1214 4476 1364 4523 Decembrls
1374 4476 1437 4521 1556:

208 4546 301 4603 'Supra
311 4548 331 4592 ll
340 4546 389 4592 11.ο
409 4546 559 4593 Sulmerone
569 4548 603 4591 bo
617 4548 704 4592 voluto
720 4548 844 4601 obedirlo,
862 4552 889 4591 et
900 4547 955 4592 coel
965 4548 1001 4591 lul
1010 4553 1095 4591 stesso
1110 4549 1199 4593 setall
1209 4555 1329 4604 portator
1339 4548 1364 4592 ‹ll
1376 4559 1437 4603 que·

208 4621 256 4668 eta,
271 4624 298 4661 et
314 4627 350 4661 va
364 4618 444 4662 molto
460 4617 601 4661 voluntleri
615 4627 663 4661 coe
679 4616 807 4661 desiderio
822 4628 838 4661 a
853 4616 886 4660 V.
902 4614 928 4660 S.
939 4616 1014 4661 111,m
1024 4622 1077 4661 eta
1087 4623 1157 4663 tutta
1172 4620 1198 4663 la
1209 4617 1397 4673 clttmlorle
1407 4617 1442 4661 de

210 4686 293 4733 Crieto
304 4688 335 4733 N.
344 4688 410 4744 SM„
