3642 5350
353 404 407 469 ⁷³l
810 406 941 471 Casum
958 404 1035 469 Soc.
1054 405 1125 483 Jus.

352 552 505 635 graecis,
522 551 754 634 disputantes,
770 550 1473 635 mmmmmccmulum
1484 568 1584 634 prae·

353 660 514 725 buerunt.

413 766 506 832 3178.
548 764 621 832 Alii
635 766 742 831 etiam
757 765 978 845 scholastici,
995 767 1125 831 multos
1144 784 1187 832 ac
1204 767 1282 848 pios
1294 767 1590 833 uersusrecm·

353 887 417 955 tes,
434 893 506 939 non
520 872 690 939 mediocri
705 874 888 955 voluptate
902 872 1083 940 auditores
1096 873 1302 939 affecerunt.
1325 873 1502 941 Modestia
1521 874 1584 941 hu

350 982 504 1066 iusmodi
516 980 687 1063 juvenum
698 990 734 1045 et
744 980 917 1063 probitaS,
928 991 964 1046 et
978 980 1182 1047 domesticis
1195 990 1231 1046 et
1244 982 1402 1047 externis
1415 982 1581 1048 aedifica·

352 1089 441 1155 tioni
457 1097 491 1153 et
505 1088 740 1154 consolationi
754 1096 842 1168 erat,
860 1099 1030 1153 eteorum
1045 1089 1267 1171 praesertim,
1282 1089 1343 1171 qui
1356 1098 1582 1155 sacramenta

351 1197 640 1279 frequentabant,
660 1210 812 1278 quorum
830 1195 1029 1277 proiectum
1043 1205 1082 1261 ut
1095 1204 1298 1278 portentum
1318 1196 1397 1261 aliis
1415 1204 1582 1279 parentes

351 1305 559 1369 narrabant.

411 1411 503 1476 3179.
546 1410 714 1476 Solebant
728 1410 764 1475 hi
778 1411 879 1492 pueri
893 1427 1030 1491 servos,
1052 1410 1182 1475 fratres
1203 1419 1237 1475 et
1257 1410 1346 1476 alios
1366 1410 1582 1478 domesticos

350 1520 403 1585 sic
417 1521 454 1585 in
469 1519 586 1584 officio
600 1518 783 1585 continere
797 1517 871 1583 suis
886 1518 922 1582 in
937 1517 1115 1594 domibus,
1138 1526 1194 1598 ut,
1209 1534 1254 1583 ne
1274 1519 1343 1583 illis
1361 1518 1504 1600 quidem
1522 1519 1580 1584 ab·

351 1628 527 1707 sentibus,
542 1625 691 1691 verbum
706 1625 815 1690 ullum
829 1625 874 1688 ab
893 1625 947 1689 eis
964 1623 1160 1707 audiretur,
1184 1625 1279 1707 qnod
1297 1641 1511 1707 quemquam
1531 1626 1580 1691 oi·

350 1734 527 1825 senderet;
549 1734 632 1815 quia
657 1732 790 1799 caeteri
812 1731 859 1797 ad
880 1748 1028 1814 puerum
1049 1749 1088 1797 se
1106 1732 1289 1797 delaturos
1306 1733 1534 1800 minabantur
1555 1731 1577 1797 ⁸.

350 1842 537 1907 Habebunt
551 1850 586 1906 et
602 1839 745 1923 quidam
758 1856 805 1904 ex
818 1839 939 1921 pueris
952 1839 1031 1905 loca
1047 1839 1142 1905 domi
1156 1839 1361 1921 designata,
1377 1841 1438 1905 ubi
1451 1858 1577 1907 conve

350 1950 487 2015 aientes
501 1946 717 2014 domesticos
731 1946 963 2012 christianam
978 1947 1178 2013 doctrinam
1188 1946 1375 2029 docebant,
1390 1966 1498 2031 quam
1512 1949 1578 2031 ipsi

350 2075 422 2122 non
451 2064 589 2121 tantum
618 2053 742 2120 diebus
769 2054 912 2119 veneris
938 2055 975 2118 in
1002 2056 1078 2120 suis
1105 2055 1280 2121 classibus
1308 2055 1529 2121 docebantur
1555 2072 1578 2120 a

349 2163 656 2246 praeceptoribus,
676 2162 740 2227 sed
758 2160 946 2227 dominicis
964 2162 1072 2227 etiam
1093 2160 1229 2243 diebus,
1249 2163 1317 2243 eis,
1337 2180 1431 2245 quae
1448 2164 1578 2246 populo

348 2272 647 2355 proponebantur,
671 2269 880 2350 intererant,
901 2278 937 2333 et
958 2278 1031 2334 tam
1054 2269 1113 2351 pie
1130 2269 1273 2335 demum
1292 2270 1331 2335 in
1354 2270 1519 2337 omnibus
1539 2288 1578 2336 se

348 2380 532 2462 gerebant,
549 2387 588 2442 ut
602 2392 770 2458 magnam
784 2376 928 2442 divinae
941 2375 1057 2441 laudis
1076 2378 1263 2443 materiam
1282 2396 1344 2443 eos
1362 2394 1577 2459 coguoscen-

348 2487 443 2554 tibus
457 2484 679 2568 praeberent.

407 2592 498 2660 3180.
542 2592 627 2658 Post
648 2591 894 2657 Pentecostem
913 2591 1098 2657 comoedia
1118 2590 1310 2672 quaedam,
1335 2608 1428 2673 quae
1445 2592 1576 2657 Acola·

345 2713 422 2770 stus
437 2703 564 2769 dicitur
579 2700 608 2781 ¹,
625 2717 756 2782 magno
771 2718 852 2765 cum
867 2711 1043 2782 apparatu
1058 2701 1095 2764 iu
1109 2717 1194 2765 area
1209 2699 1370 2780 Collegii,
1387 2702 1575 2780 proscenio

346 2813 532 2891 instructo,
545 2810 611 2874 fuit
622 2808 838 2888 exhibita,et
848 2808 1004 2890 parietes
1015 2826 1085 2873 non
1097 2815 1235 2873 tantum
1247 2807 1575 2883 aulaeissedtabu·

276 2957 278 2962 ·
345 2920 388 2984 lis
403 2920 512 2984 etiam
524 2935 569 2982 ac
583 2915 696 2997 signis
711 2915 855 2996 egregie
869 2915 1020 2997 depictis
1034 2915 1270 2995 ornabantur;
1290 2923 1325 2979 et
1344 2932 1426 2980 cum
1440 2932 1499 2980 res
1512 2932 1575 2997 per

346 3026 471 3090 urbem
485 3024 609 3090 luisset
623 3025 805 3103 evulgata,
819 3031 919 3087 tanta
930 3022 1117 3088 multitudo
1128 3021 1311 3087 hominum
1322 3021 1369 3086 ad
1379 3021 1573 3104 Collegium

345 3133 527 3212 confluxit,
543 3142 583 3197 ut
593 3150 663 3196 non
676 3132 789 3196 solum
801 3147 897 3211 area,
911 3129 973 3195 sed
985 3130 1194 3212 peristylum
1206 3140 1241 3195 et
1252 3133 1456 3213 superiores
1466 3132 1573 3195 etiam

344 3251 464 3324 partes
483 3240 620 3319 domus
642 3239 890 3321 implerentur;
910 3246 945 3302 et
968 3237 1103 3320 impetu
1122 3238 1158 3303 in
1174 3235 1365 3318 janitorem
1387 3239 1493 3317 lacto,
1514 3256 1573 3302 no·

343 3350 428 3415 stris
442 3348 575 3426 invitis,
591 3347 691 3412 multi
705 3346 858 3427 ingressi
877 3354 971 3411 sunt.
1094 3411 1097 3416 .

402 3455 493 3522 3181.
537 3455 689 3537 Quidam
718 3455 825 3518 etiam
854 3454 1022 3535 egregius
1049 3454 1207 3518 musicus
1234 3460 1385 3518 vocatus
1409 3455 1572 3534 accessit,

342 3565 403 3647 qui
418 3581 520 3629 suam
530 3563 789 3644 multorumque
801 3561 952 3625 aliorum
963 3561 1179 3625 musicorum
1191 3577 1336 3643 operam
1348 3561 1463 3640 gratis
1473 3577 1573 3643 prae·

342 3673 444 3754 stitit,
460 3680 496 3736 et
509 3670 622 3735 variis
636 3668 889 3747 instrumentis,
906 3685 978 3732 non
992 3667 1107 3732 solum
1121 3676 1244 3747 cantu,
1260 3685 1367 3732 aures
1380 3669 1573 3733 astantium

340 3779 546 3845 detinebant
579 3786 685 3858 atque
717 3776 856 3840 animos
892 3773 996 3839 valde
1027 3776 1250 3839 recreabant.
1285 3774 1439 3840 Actores
1466 3777 1573 3841 etiam

340 3895 482 3968 praeter
507 3885 701 3966 pretiosum
724 3891 889 3948 umatum
907 3897 1039 3962 magna
1061 3898 1143 3946 cum
1163 3891 1352 3946 venustate
1372 3898 1438 3947 suo
1458 3883 1572 3949 officio

341 3994 454 4060 functi
468 4002 561 4072 sunt;
577 4000 612 4056 et
626 3989 832 4056 incredibile
846 4006 925 4054 esse
939 3990 1054 4053 nostri
1068 3988 1250 4070 dicebant,
1266 3996 1488 4070 quantopere
1503 3992 1572 4055 hoc

340 4101 555 4184 spectaculo,
582 4117 654 4165 non
678 4097 884 4163 scholastici
910 4098 1036 4177 solum,
1063 4096 1126 4162 sed
1151 4105 1186 4160 et
1206 4098 1357 4179 populus
1382 4097 1572 4163 universus

340 4210 447 4276 suerit
465 4209 672 4274 delectatus.

341 4359 538 4372 ....-.—..-.-

380 4454 388 4486 ¹
417 4451 545 4504 “Caetert
557 4451 598 4506 qul
610 4450 725 4504 audiunt,
736 4449 854 4494 deferunt
865 4447 963 4493 crimen
972 4448 1007 4493 ad
1016 4458 1132 4505 puerunt,
1141 4453 1170 4492 ut
1179 4448 1211 4492 de
1221 4458 1267 4492 reo
1277 4448 1433 4504 suppilclun
1442 4456 1572 4506 sumat...

338 4523 461 4569 Litterae
470 4523 699 4577 Quaarrmesrm,
709 4527 728 4566 t.
740 4531 776 4572 tv,
786 4532 838 4577 pag
858 4521 907 4566 269.

342 4637 346 4648 ,
377 4596 389 4629 ¹
416 4594 537 4640 Litterae
546 4593 775 4648 Quadrlmesms,
785 4599 804 4638 t.
815 4603 852 4646 ιν,
864 4592 981 4647 ριΜῡό,
991 4592 1057 4636 ando
1068 4593 1134 4636 baec
1144 4591 1282 4648 desumpta
1292 4591 1471 4640 canabellas
1481 4601 1569 4642 aaran

338 4667 486 4715 dramatlca
495 4666 583 4711 labala
594 4665 682 4711 couier
691 4676 758 4720 quae
769 4665 953 4710 annotavimus
963 4675 1050 4720 supra,
1061 4671 1080 4708 t.
1091 4677 1117 4720 v,
1127 4675 1188 4720 pag.
1198 4663 1247 4716 522,
1254 4677 1281 4709 n.
1292 4665 1352 4710 llio.
