3642 5350
354 424 412 486 ‘bt
817 420 1043 491 Cunna-,Soc
1064 422 1136 495 Jas.
1209 416 1214 425 ’

358 570 553 649 bruxellis,
576 571 684 636 aliam
703 570 749 635 ad
771 587 874 634 usum
894 583 1096 634 nostrorum
1119 570 1283 647 conduci,
1305 569 1518 648 rogavitque
1532 585 1595 631 no=

358 686 463 757 stros‚
481 688 519 741 ut
534 678 653 742 omnia
668 678 872 741 necessaria
884 677 931 740 ad
945 678 1080 741 victum
1090 694 1137 740 ex
1148 677 1260 757 ipsius
1270 677 1389 754 domo,
1403 672 1596 754 conjuncta

359 794 515 863 nostrae,
532 784 747 866 acciperent.
765 783 809 848 Et
825 784 904 862 hoc,
922 782 1079 848 oblatum
1099 800 1327 863 magnacum
1347 782 1522 846 charitate
1535 783 1595 847 be«

359 891 535 971 neficium,
553 893 655 957 abeo
671 892 865 957 admissum
880 901 946 954 est.

423 998 511 1063 1953.
556 999 738 1079 acceptae
753 997 895 1063 fuerant
909 998 1049 1062 litterae
1063 1016 1110 1063 ex
1122 997 1219 1063 Urbe
1234 998 1278 1064 de
1291 999 1398 1064 rebus
1413 998 1459 1063 ad
1472 998 1595 1065 Domi«

360 1123 445 1169 num
459 1104 635 1187 Joannem
649 1106 694 1169 de
709 1106 882 1169 Mendoza
897 1105 1166 1187 pertinentibus,
1183 1116 1218 1169 et
1232 1106 1321 1169 satis
1338 1107 1375 1169 in
1394 1106 1495 1169 curia
1509 1122 1592 1169 con·

360 1213 478 1277 stabat
493 1230 565 1277 non
581 1214 670 1277 satis
691 1210 774 1293 (sic)
795 1212 1032 1293 repentinam,
1053 1213 1117 1275 sed
1135 1213 1223 1277 satis
1236 1212 1499 1276 consideratam
1516 1212 1598 1293 eius

360 1319 470 1384 fuisse
486 1318 788 1385 deliberationem.
805 1320 937 1383 Forma
953 1320 1072 1396 etiam,
1089 1337 1196 1400 quam
1206 1318 1245 1383 P.
1260 1319 1420 1399 ignatius
1430 1328 1593 1385 tenuerat

361 1443 442 1490 cum
462 1444 520 1507 eo,
541 1430 691 1491 multum
710 1425 967 1491 aedificationis
987 1427 1024 1489 in
1043 1425 1226 1506 praedicta
1250 1427 1350 1490 curia
1373 1426 1536 1506 dederat;
1558 1436 1596 1496 et

361 1534 437 1613 ipse
452 1532 529 1598 Rex
551 1551 633 1598 cum
652 1532 790 1598 Comite
809 1532 838 1596 F
840 1534 937 1596 eriae
957 1549 1000 1595 ea
1019 1532 1116 1597 dere
1135 1548 1263 1611 agens,
1284 1542 1320 1595 et
1339 1532 1388 1597 ibi
1404 1550 1443 1595 se
1462 1532 1598 1595 babere

363 1638 401 1704 P.
419 1640 546 1719 ignatii
561 1641 698 1706 litteras
713 1640 846 1719 dicens,
862 1639 1144 1704 satisfactionem
1158 1638 1378 1715 ostendebat,
1390 1648 1426 1703 et
1437 1640 1523 1703 iacti
1534 1657 1593 1719 ap-

321 1748 323 1753 '
364 1748 622 1828 probationem;
638 1748 730 1811 etde
747 1747 925 1813 Societate
940 1747 1133 1827 loquendo,
1154 1745 1288 1810 addidit
1311 1744 1349 1809 P.
1369 1746 1506 1811 Canum
1520 1763 1596 1810 ma-

361 1872 472 1935 gnum
487 1853 676 1919 Societatis
691 1854 872 1920 inimicum
887 1872 978 1919 esse.
995 1853 1086 1918 Nam
1097 1872 1143 1918 ex
1153 1854 1327 1934 Hispania
1339 1855 1510 1934 scriptum
1521 1853 1597 1917 fue·

363 1972 418 2027 rat
438 1962 567 2026 Comiti
592 1962 804 2042 Ruigomez,
825 1963 920 2041 quod
940 1979 1020 2025 cum
1040 1962 1098 2025 ille
1116 1959 1218 2025 Pauli
1236 1962 1406 2042 epistolas
1424 1962 1595 2041 interpre-

361 2078 510 2148 taretur,
527 2070 564 2133 in
579 2070 729 2149 singulis
742 2070 953 2133 lectionibus
966 2068 1002 2132 in
1017 2066 1231 2133 Societatem
1245 2068 1473 2148 impingebat.

426 2175 514 2238 1954.
558 2175 638 2240 Non
660 2176 820 2241 omittam
847 2187 966 2239 autem
989 2174 1084 2255 quod
1107 2173 1328 2240 Secretarius
1346 2174 1509 2238 Fontana
1533 2191 1593 2237 no·

364 2294 458 2346 stros
473 2282 666 2362 admonuit,
683 2282 872 2347 formulam
888 2282 1067 2347 scribendi
1079 2280 1182 2361 Regi,
1196 2300 1288 2363 quae
1300 2282 1434 2362 incipit:
1448 2279 1484 2345 S.
1497 2280 1536 2345 C.
1549 2280 1596 2350 Rt

267 2376 272 2389 '
363 2388 457 2451 M.tas
472 2390 494 2469 ¹,
508 2392 624 2469 magis
639 2390 789 2454 incuria
804 2390 950 2471 probari
963 2388 976 2419 ¹
989 2406 1096 2469 quam
1107 2390 1255 2471 antiqua
1265 2390 1337 2467 illa,
1353 2406 1424 2470 qua
1440 2386 1477 2452 P.
1493 2387 1599 2467 lgna«

362 2496 434 2560 tius
448 2498 500 2561 uti
515 2498 640 2561 solitus
654 2505 732 2560 erat
746 2495 769 2576 ³;
786 2495 848 2561 sed
863 2496 1028 2561 fortassis
1042 2497 1110 2560 hoc
1121 2493 1293 2576 judicium
1314 2493 1598 2565 Secretariorum

363 2614 452 2667 erat.

428 2711 515 2775 1955.
559 2710 718 2776 Venerat
733 2711 927 2776 hisdiebus
945 2710 991 2773 ad
1006 2711 1116 2791 Regis
1138 2711 1275 2774 curiam
1295 2709 1469 2773 Dominus
1483 2709 1600 2774 Ludo-

364 2820 466 2882 vicus
485 2818 666 2898 Vanegla,
689 2837 710 2881 a
729 2818 828 2898 Rege
846 2817 1090 2882 Romanorum
1104 2819 1246 2896 missuS,
1263 2827 1298 2879 et
1312 2817 1424 2896 ipsius
1441 2816 1599 2896 nomine,

364 2925 455 3004 Regi
469 2924 631 3006 Philippo
646 2926 828 3004 negotium
845 2925 1086 2989 admittendae
1101 2923 1293 2988 Societatis
1305 2924 1342 2986 in
1355 2924 1426 2987 illis
1443 2923 1601 3002 regioni-

364 3034 429 3096 bus
441 3033 535 3095 serio
546 3031 822 3096 commendavit.
836 3031 880 3095 Et
891 3032 961 3110 ille,
974 3041 1012 3095 ut
1024 3032 1160 3095 amicus
1174 3040 1252 3094 erat
1263 3029 1463 3110 Societatis,
1476 3047 1600 3094 aman-

365 3149 419 3202 ter
433 3139 500 3202 hoc
516 3137 631 3202 officio
644 3138 787 3203 functus
806 3148 870 3202 est.

427 3245 515 3308 1956.
559 3244 810 3309 Intellexerunt
821 3255 941 3309 autem
958 3245 1023 3308 12.α
1037 3245 1156 3309 Martii
1169 3244 1265 3325 quod
1280 3243 1356 3308 Rex
1370 3245 1597 3324 supplicatio·

365 3368 446 3415 nem
458 3361 619 3415 nostram
630 3351 789 3416 Praesidi
800 3350 960 3430 Consilii,
973 3351 1102 3432 Viglio,
1112 3351 1269 3415 dederat.
1280 3349 1380 3414 Dixit
1391 3363 1510 3415 autem
1522 3359 1599 3422 tam

366 3459 424 3522 ille
439 3475 545 3539 quam
560 3459 757 3540 Episcopus
773 3457 1036 3523 Attrebatensis
1051 3458 1180 3523 Comiti
1200 3459 1338 3536 Feriae,
1359 3459 1601 3522 consulendos

365 3582 443 3628 esse
459 3566 493 3630 in
510 3566 577 3629 hoc
592 3567 736 3645 negotio
752 3583 874 3630 omnes
889 3567 1096 3647 EpiscopoS,
1110 3567 1202 3630 inter
1213 3583 1302 3647 quos
1313 3576 1348 3629 et
1364 3564 1598 3630 Cameracen*

366 3674 416 3737 sis
428 3670 543 3754 [erat];
556 3674 651 3754 quod
663 3676 782 3738 statim
794 3675 915 3739 retulit
926 3675 1054 3738 Comes
1064 3675 1208 3752 nostris,
1221 3683 1255 3736 et
1269 3672 1351 3736 inde
1367 3672 1413 3735 ad
1425 3673 1599 3751 palatium

368 3798 406 3843 se
425 3781 622 3860 conserens,
641 3780 744 3844 simul
758 3799 840 3844 cum
860 3781 999 3846 Comite
1018 3780 1121 3860 adlit;
1143 3790 1177 3844 et
1198 3779 1311 3843 videri
1332 3780 1398 3843 sibi
1417 3797 1437 3842 a
1459 3779 1600 3844 ratione

368 3887 521 3952 alienum
542 3887 631 3950 dixit
653 3889 834 3968 negotium
859 3889 927 3952 hoc
947 3888 1133 3969 Episcopis
1152 3887 1389 3965 committere;
1409 3896 1483 3949 tum
1502 3887 1598 3966 quod

367 3995 415 4058 illi
430 4011 515 4076 pars
530 3995 711 4058 contraria
727 3997 904 4060 censenda
920 4005 1032 4073 erant,
1049 4007 1123 4059 tum
1138 3995 1232 4075 quod
1247 4009 1368 4057 eorum
1389 3993 1463 4055 vita
1483 4001 1519 4057 et
1538 3992 1600 4056 do=

367 4103 481 4165 ctrina
501 4119 543 4165 ea
564 4111 661 4181 erat,
683 4097 719 4165 dt
739 4102 941 4182 huiusmodi
963 4102 1144 4180 negotium
1162 4102 1214 4165 eis
1233 4119 1304 4165 non
1323 4109 1417 4165 esset
1440 4101 1599 4165 commit=

364 4209 522 4272 tendum.

409 4449 416 4480 Ι
446 4447 539 4501 Sacra,
552 4447 696 4501 calholica,
706 4449 793 4502 Regia
805 4449 949 4506 MaJ'estas.

406 4521 417 4552 ⁹
446 4519 491 4562 ils.
500 4521 676 4574 probabatur.

409 4591 420 4622 ³
448 4589 513 4634 Erat
525 4591 598 4634 haee:
610 4591 649 4634 Ml
666 4591 752 4635 Senior
766 4605 798 4636 en
815 4593 839 4636 cl
855 4592 941 4638 serior
955 4597 1073 4638 nuestro.
1084 4593 1151 4636 Vide
1168 4593 1264 4636 Canas
1277 4593 1311 4636 de
1326 4593 1381 4635 San
1397 4591 1516 4646 lgnocto,
1529 4598 1552 4638 t,
1563 4603 1604 4647 vs,

365 4673 425 4718 pag.
440 4662 462 4704 ll
474 4669 500 4705 et
510 4661 558 4705 23⁹.
