3642 5350
341 410 395 471 776
799 409 927 474 Canon·
946 410 1025 482 Soc·
1043 411 1115 487 1⁸⁸.

341 556 378 619 in
396 554 529 621 Indiam
554 556 650 639 Mag.
678 558 857 625 Gonzalus
878 568 918 625 ut
935 558 1112 625 rationem
1133 557 1334 639 hujusmodi
1351 574 1472 623 rerum
1494 557 1572 622 red·

342 663 454 730 deret.

401 769 493 837 3346.
536 771 710 854 Quamvis
724 782 843 840 autem
858 774 1068 841 Patriarcha
1082 784 1118 841 et
1130 775 1245 841 nostri
1258 791 1337 839 rem
1347 772 1451 839 aliter
1461 790 1500 838 se
1510 773 1571 838 ha·

341 880 436 959 bere,
452 896 560 962 quam
578 881 819 948 existimatum
832 882 964 963 fuerat,
980 883 1247 963 intellexissent,
1264 882 1501 948 constituebat
1519 882 1573 946 ni·

342 988 533 1053 hilominus
551 988 761 1055 Patriarcha
776 991 841 1055 sub
856 990 995 1055 initium
1006 989 1187 1073 sequentis
1198 991 1283 1055 anni
1297 991 1335 1054 in
1345 989 1577 1071 Aethiopiam

342 1094 529 1177 proficisci,
546 1104 581 1160 et
595 1096 644 1161 ita
659 1116 680 1161 a
695 1096 943 1163 Gubernatore
957 1097 965 1131 ¹
981 1098 1102 1163 Indiae
1113 1098 1320 1181 postulavit.
1336 1096 1389 1162 Ne
1403 1106 1524 1162 tamen
1533 1098 1572 1161 in

342 1219 380 1267 re
395 1210 467 1266 tam
482 1203 588 1292 gravi
602 1214 793 1285 erraretur,
809 1221 886 1270 rem
900 1206 1048 1270 contulit
1067 1222 1150 1271 cum
1168 1205 1415 1270 sacerdotibus
1429 1213 1574 1269 nostrae

314 1350 318 1357 -
342 1308 530 1375 Societatis
555 1320 590 1375 et
608 1310 723 1375 doctis
741 1310 954 1393 quibusdam
971 1312 1060 1378 viris
1084 1313 1259 1393 externis,
1284 1312 1378 1377 inter
1399 1328 1489 1393 quos
1506 1312 1575 1377 fuit

342 1416 539 1499 Episcopus
553 1417 698 1499 quidam
712 1410 831 1499 italus,
847 1436 929 1483 cum
942 1419 1154 1486 Patriarcha
1172 1419 1366 1485 Armeniae
1384 1438 1407 1483 a
1427 1417 1574 1485 Summo

343 1524 512 1589 Pontifice
525 1524 668 1605 missuS,
686 1534 720 1590 et
735 1544 781 1592 ex
794 1526 967 1593 Armenia
982 1528 1020 1591 in
1038 1526 1177 1593 Indiam
1189 1526 1348 1607 fugerat,
1369 1525 1464 1609 quod
1477 1525 1521 1589 de
1534 1544 1575 1591 se

343 1631 536 1699 occidendo
561 1632 598 1696 in
617 1648 661 1697 ea
684 1633 871 1715 provincia
896 1643 1019 1700 actum
1032 1652 1111 1699 esse
1130 1634 1276 1699 diceret.
1297 1633 1430 1699 Omnes
1454 1642 1573 1699 autem

342 1740 416 1804 iere
430 1748 643 1805 censuerunt
661 1740 908 1807 Patriarcham
921 1740 1100 1830 proficisci
1114 1742 1153 1806 in
1166 1739 1394 1824 Aethiopiam
1412 1757 1507 1806 anno
1520 1758 1573 1805 se·

344 1846 466 1929 quenti
484 1847 627 1912 minime
648 1847 793 1928 debere,
812 1848 907 1929 quod
932 1858 968 1913 et
992 1846 1220 1915 Gubernator
1240 1866 1322 1915 cum
1341 1866 1406 1913 suo
1427 1848 1575 1913 consilio

345 1954 534 2033 sentiebat,
565 1954 628 2022 sed
655 1956 952 2036 praemittendum
977 1972 1056 2021 esse
1083 1956 1300 2040 Episcopum
1322 1956 1507 2022 Andream
1532 1956 1576 2021 de

345 2061 481 2128 Oviedo
496 2079 578 2126 cum
592 2063 729 2127 duobus
743 2063 989 2129 sacerdotibus
1008 2072 1045 2129 et
1065 2064 1211 2129 totidem
1226 2064 1306 2129 aliis
1325 2063 1515 2144 fratribuS,
1538 2074 1577 2128 ut

346 2178 488 2234 curaret
503 2168 597 2249 apud
619 2168 754 2250 Regem
768 2170 982 2252 Aethiopiae
996 2180 1035 2236 ut
1053 2170 1237 2237 Summum
1250 2170 1457 2236 Pontificem
1471 2180 1578 2252 caput

347 2286 569 2358 agnosceret,
586 2286 622 2341 et
635 2276 833 2343 Ecclesiam
846 2277 1046 2343 Romanam
1055 2286 1092 2344 et
1102 2277 1349 2344 Patriarcham
1363 2278 1576 2357 admitteret;

347 2384 602 2456 dissimulando
617 2385 758 2450 interim
776 2386 871 2467 quod
886 2388 1014 2451 attinet
1032 2387 1079 2451 ad
1100 2403 1257 2467 errores,
1281 2403 1370 2468 quos
1390 2386 1440 2450 illi
1453 2386 1490 2450 in
1510 2384 1578 2450 fide

347 2493 526 2573 tenebant,
549 2501 584 2558 et
603 2510 685 2557 cum
703 2492 822 2575 aliqua
845 2510 928 2575 spes
946 2492 1133 2575 affulgeret
1151 2492 1256 2574 hujus
1274 2493 1517 2570 admissionis,
1537 2502 1579 2557 ut

349 2601 470 2665 statim
479 2599 726 2666 Patriarcham
737 2586 925 2666 certiorem
935 2601 1130 2684 faceret,ut
1142 2602 1257 2683 primo
1267 2618 1409 2684 quoque
1419 2609 1578 2684 tempore

350 2709 388 2774 in
402 2709 628 2790 Aethiopiam
639 2710 840 2791 navigaret.

409 2815 502 2881 3347.
544 2816 646 2882 Hanc
662 2833 749 2898 ergo
764 2818 940 2883 rationem
950 2825 1121 2900 tanquam
1135 2816 1289 2882 mediam
1302 2816 1494 2882 tenendam
1503 2833 1582 2882 esse

350 2934 576 3006 censuerunt;
592 2933 628 2990 et
642 2934 784 3006 praeter
798 2926 834 2991 id
849 2926 1087 3006 commodum,
1103 2926 1198 3006 quod
1211 2926 1249 2990 in
1263 2925 1362 3007 Rege
1371 2924 1583 3007 Aethiopiae

350 3031 571 3114 disponendo
583 3033 802 3136 capiebatur,
815 3042 850 3099 et
860 3034 898 3098 in
909 3033 1067 3101 adventu
1076 3033 1307 3099 Patriarchae
1317 3032 1580 3116 praeparando,

351 3141 550 3224 Episcopus
566 3157 647 3206 cum
667 3141 774 3206 sociis
793 3141 915 3206 utilem
929 3158 1076 3223 operam
1092 3141 1265 3223 praebere
1278 3141 1330 3206 eis
1351 3140 1515 3205 lusitanis
1538 3156 1583 3204 ac

352 3251 511 3330 ipsorum
526 3247 668 3313 familiis
682 3256 834 3329 poterat,
850 3248 963 3330 quiin
976 3248 1165 3331 Aethiopia
1179 3249 1431 3314 versabantur.

412 3354 505 3420 3348.
547 3355 669 3420 Mense
683 3355 793 3436 igitur
805 3355 1002 3420 Februario
1021 3356 1107 3420 anni
1126 3356 1307 3437 sequentis
1324 3355 1364 3420 Ρ.
1383 3355 1585 3436 Episcopus
1656 3359 1660 3363 '

352 3474 430 3529 erat
444 3463 679 3545 prolecturus
691 3480 775 3528 nam
786 3463 854 3529 hoc
864 3472 1004 3545 tempus
1016 3463 1100 3528 huic
1110 3463 1333 3545 navigationi
1346 3472 1586 3546 opportunum

353 3578 442 3636 erat.

414 3677 505 3742 3349.
548 3677 723 3742 intellexit
747 3677 854 3742 etiam
877 3676 1088 3742 Patriarcha
1112 3676 1224 3758 quod,
1244 3685 1283 3742 ut
1308 3685 1456 3756 certum,
1482 3675 1586 3741 multi

355 3783 595 3850 affirmabant:
617 3784 743 3849 ducem
765 3784 955 3866 quemdam
969 3782 1151 3864 Solimaui,
1167 3783 1276 3864 Regis
1295 3782 1506 3864 Turcarum,
1523 3782 1585 3848 mi-

355 3893 444 3958 sisse
463 3891 701 3974 quadraginta
722 3908 862 3956 massas
880 3892 960 3956 auri
981 3900 1017 3956 et
1038 3893 1171 3957 multos
1190 3892 1300 3957 boves
1324 3909 1370 3956 ex
1393 3890 1587 3973 Aethiopia
1710 3880 1717 3890 '

355 4007 475 4064 tantae
489 3999 760 4080 magnitudinis,
776 4009 815 4063 ut
830 3999 867 4062 in
886 4015 1000 4063 cornu
1018 3998 1123 4064 unius
1143 3998 1414 4081 quatuordeeim
1432 4015 1588 4079 magnae

356 4123 544 4174 mensurae
569 4107 643 4172 vini
668 4115 815 4187 possent
842 4106 1034 4187 contineri,
1059 4115 1094 4171 et
1119 4104 1336 4186 significavit
1360 4104 1475 4171 eidem
1499 4103 1589 4170 Soli·

355 4232 477 4294 mano,
493 4213 733 4297 provinciam,
750 4231 842 4295 quae
856 4213 994 4279 fructus
1013 4214 1093 4279 illos
1106 4213 1228 4294 ferret,
1244 4213 1275 4278 si
1289 4214 1496 4279 facultatem
1511 4213 1589 4296 ipse

360 4418 558 4432 uda——

395 4531 404 4565 ¹
432 4529 500 4575 Erat
509 4530 551 4575 hic
564 4529 720 4575 Franciacuu
728 4528 849 4584 Barreto,
860 4531 914 4587 qul,
923 4531 1059 4576 demortuo
1067 4529 1145 4575 Petro
1152 4503 1347 4580 liamrenhas,
1358 4529 1439 4574 etiam
1450 4527 1587 4585 Pro-regis

354 4601 365 4646 1
369 4601 442 4646 ndlae
452 4601 524 4646 vices
533 4603 640 4658 agebat.
650 4599 718 4646 Vide
728 4611 817 4656 supra,
827 4607 846 4646 t.
857 4613 883 4657 v,
893 4613 955 4658 pag.
963 4601 1013 4658 m,
1020 4614 1046 4647 n.
1055 4601 1118 4657 2026,
1125 4608 1213 4648 annot.
1221 4601 1244 4655 7;
1253 4599 1406 4654 omitum,
1414 4599 1432 4644 4.
1441 4600 1525 4653 c.,lib.
1530 4611 1587 4654 m,

357 4685 382 4720 u.
394 4673 439 4720 152.
