<?xml version="1.0" encoding="UTF-8"?>
<!DOCTYPE html PUBLIC "-//W3C//DTD XHTML 1.0 Transitional//EN"
    "http://www.w3.org/TR/xhtml1/DTD/xhtml1-transitional.dtd">
<html xmlns="http://www.w3.org/1999/xhtml" xml:lang="en" lang="en">
 <head>
  <title>
</title>
<meta http-equiv="Content-Type" content="text/html;charset=utf-8" />
  <meta name='ocr-system' content='tesseract 3.04.00' />
  <meta name='ocr-capabilities' content='ocr_page ocr_carea ocr_par ocr_line ocrx_word'/>
</head>
<body>
  <div class='ocr_page' id='page_1' title='image "./vitaignatiiloio00polagoog_1008.png"; bbox 0 0 3642 5350; ppageno 0'>
   <div class='ocr_carea' id='block_1_1' title="bbox 256 457 1580 4729">
    <p class='ocr_par' dir='ltr' id='par_1_1' title="bbox 256 457 1580 4729">
     <span class='ocr_line' id='line_1_1' title="bbox 362 457 1098 526; baseline -0.01 0"><span class='ocrx_word' id='word_1_1' title='bbox 362 457 425 526; x_wconf 85' lang='lat'>982</span> <span class='ocrx_word' id='word_1_2' title='bbox 849 475 957 524; x_wconf 79' lang='lat' dir='ltr'>mnan</span> <span class='ocrx_word' id='word_1_3' title='bbox 979 475 1098 521; x_wconf 73' lang='lat' dir='ltr'>aaron</span> 
     </span>
     <span class='ocr_line' id='line_1_2' title="bbox 1502 563 1563 620; baseline 0 -11"><span class='ocrx_word' id='word_1_4' title='bbox 1502 563 1563 620; x_wconf 71' lang='lat' dir='ltr'>Ptg.</span> 
     </span>
     <span class='ocr_line' id='line_1_3' title="bbox 360 669 1580 753; baseline -0.002 -16"><span class='ocrx_word' id='word_1_5' title='bbox 360 672 416 737; x_wconf 94' lang='lat' dir='ltr'>De</span> <span class='ocrx_word' id='word_1_6' title='bbox 429 672 644 738; x_wconf 87' lang='lat' dir='ltr'>Provinciali</span> <span class='ocrx_word' id='word_1_7' title='bbox 658 673 798 739; x_wconf 84' lang='lat' dir='ltr'>Siciliae</span> <span class='ocrx_word' id='word_1_8' title='bbox 813 691 856 738; x_wconf 89' lang='lat' dir='ltr'>ac</span> <span class='ocrx_word' id='word_1_9' title='bbox 871 673 970 737; x_wconf 88' lang='lat' dir='ltr'>initio</span> <span class='ocrx_word' id='word_1_10' title='bbox 985 669 1134 753; x_wconf 80' lang='lat' dir='ltr'>Collegii</span> <span class='ocrx_word' id='word_1_11' title='bbox 1148 670 1360 742; x_wconf 86' lang='lat' dir='ltr'>Catanensis</span> <span class='ocrx_word' id='word_1_12' title='bbox 1365 711 1476 738; x_wconf 89' lang='grc'><strong>......</strong></span> <span class='ocrx_word' id='word_1_13' title='bbox 1521 672 1580 737; x_wconf 89' lang='grc'>317</span> 
     </span>
     <span class='ocr_line' id='line_1_4' title="bbox 359 777 1477 861; baseline -0.001 -17"><span class='ocrx_word' id='word_1_14' title='bbox 359 779 414 844; x_wconf 92' lang='lat' dir='ltr'>De</span> <span class='ocrx_word' id='word_1_15' title='bbox 434 779 623 845; x_wconf 83' lang='lat' dir='ltr'>Provincia</span> <span class='ocrx_word' id='word_1_16' title='bbox 642 780 866 856; x_wconf 83' lang='lat' dir='ltr'>Germaniae,</span> <span class='ocrx_word' id='word_1_17' title='bbox 884 797 926 844; x_wconf 93' lang='lat' dir='ltr'>ac</span> <span class='ocrx_word' id='word_1_18' title='bbox 946 779 1098 861; x_wconf 90' lang='lat' dir='ltr'>primum</span> <span class='ocrx_word' id='word_1_19' title='bbox 1123 779 1167 842; x_wconf 89' lang='lat' dir='ltr'>de</span> <span class='ocrx_word' id='word_1_20' title='bbox 1192 777 1350 858; x_wconf 84' lang='lat' dir='ltr'>Collegio</span> <span class='ocrx_word' id='word_1_21' title='bbox 1370 778 1477 845; x_wconf 89' lang='lat' dir='ltr'>Vien-</span> 
     </span>
     <span class='ocr_line' id='line_1_5' title="bbox 417 883 1577 970; baseline -0.004 -17"><span class='ocrx_word' id='word_1_22' title='bbox 417 889 519 952; x_wconf 89' lang='lat' dir='ltr'>nensi</span> <span class='ocrx_word' id='word_1_23' title='bbox 534 885 590 970; x_wconf 88' lang='lat' dir='ltr'>[ac</span> <span class='ocrx_word' id='word_1_24' title='bbox 606 889 772 953; x_wconf 90' lang='lat' dir='ltr'>Missione</span> <span class='ocrx_word' id='word_1_25' title='bbox 790 887 952 970; x_wconf 87' lang='lat' dir='ltr'>polonica</span> <span class='ocrx_word' id='word_1_26' title='bbox 967 885 1004 950; x_wconf 91' lang='lat' dir='ltr'>P.</span> <span class='ocrx_word' id='word_1_27' title='bbox 1026 883 1254 966; x_wconf 87' lang='lat' dir='ltr'>Salmeronis]</span> <span class='ocrx_word' id='word_1_28' title='bbox 1263 929 1471 950; x_wconf 91' lang='grc'><strong>...........</strong></span> <span class='ocrx_word' id='word_1_29' title='bbox 1516 887 1577 951; x_wconf 88' lang='grc'>339</span> 
     </span>
     <span class='ocr_line' id='line_1_6' title="bbox 256 992 1576 1080; baseline -0.002 -20"><span class='ocrx_word' id='word_1_30' title='bbox 256 1067 263 1080; x_wconf 55' lang='grc'>,</span> <span class='ocrx_word' id='word_1_31' title='bbox 357 992 412 1058; x_wconf 89' lang='lat' dir='ltr'>De</span> <span class='ocrx_word' id='word_1_32' title='bbox 427 993 585 1076; x_wconf 85' lang='lat' dir='ltr'>Collegio</span> <span class='ocrx_word' id='word_1_33' title='bbox 599 993 772 1075; x_wconf 83' lang='lat' dir='ltr'>Pragensl</span> <span class='ocrx_word' id='word_1_34' title='bbox 780 1035 1472 1058; x_wconf 84' lang='lat'><strong>...................................</strong></span> <span class='ocrx_word' id='word_1_35' title='bbox 1516 993 1576 1058; x_wconf 82' lang='lat'>362</span> 
     </span>
     <span class='ocr_line' id='line_1_7' title="bbox 506 1097 1575 1183; baseline -0.006 -16"><span class='ocrx_word' id='word_1_36' title='bbox 506 1152 519 1180; x_wconf 88' lang='lat'>,</span> <span class='ocrx_word' id='word_1_37' title='bbox 602 1101 871 1183; x_wconf 86' lang='lat' dir='ltr'>ingolstadiensi</span> <span class='ocrx_word' id='word_1_38' title='bbox 879 1144 1007 1163; x_wconf 92' lang='grc'><strong>.......</strong></span> <span class='ocrx_word' id='word_1_39' title='bbox 1006 1097 1013 1112; x_wconf 88' lang='grc'><strong>”</strong></span> <span class='ocrx_word' id='word_1_40' title='bbox 1022 1143 1472 1164; x_wconf 89' lang='grc'><strong>.......................</strong></span> <span class='ocrx_word' id='word_1_41' title='bbox 1515 1101 1575 1165; x_wconf 88' lang='grc'>388</span> 
     </span>
     <span class='ocr_line' id='line_1_8' title="bbox 356 1205 1473 1287; baseline 0 -15"><span class='ocrx_word' id='word_1_42' title='bbox 356 1205 410 1272; x_wconf 89' lang='lat' dir='ltr'>De</span> <span class='ocrx_word' id='word_1_43' title='bbox 425 1207 614 1273; x_wconf 88' lang='lat' dir='ltr'>Provincia</span> <span class='ocrx_word' id='word_1_44' title='bbox 627 1207 809 1274; x_wconf 87' lang='lat' dir='ltr'>Inferioris</span> <span class='ocrx_word' id='word_1_45' title='bbox 823 1207 1049 1286; x_wconf 87' lang='lat' dir='ltr'>Germaniae,</span> <span class='ocrx_word' id='word_1_46' title='bbox 1066 1224 1108 1270; x_wconf 89' lang='lat' dir='ltr'>ac</span> <span class='ocrx_word' id='word_1_47' title='bbox 1130 1207 1282 1287; x_wconf 87' lang='lat' dir='ltr'>primum</span> <span class='ocrx_word' id='word_1_48' title='bbox 1304 1207 1346 1272; x_wconf 91' lang='lat' dir='ltr'>de</span> <span class='ocrx_word' id='word_1_49' title='bbox 1366 1207 1473 1272; x_wconf 90' lang='lat' dir='ltr'>Colle·</span> 
     </span>
     <span class='ocr_line' id='line_1_9' title="bbox 414 1315 1574 1396; baseline -0.003 -15"><span class='ocrx_word' id='word_1_50' title='bbox 414 1315 452 1396; x_wconf 83' lang='lat' dir='ltr'>gi</span> <span class='ocrx_word' id='word_1_51' title='bbox 490 1315 691 1380; x_wconf 85' lang='lat' dir='ltr'>Coloniensi</span> <span class='ocrx_word' id='word_1_52' title='bbox 695 1355 1471 1381; x_wconf 89' lang='grc'><strong>.......................................</strong></span> <span class='ocrx_word' id='word_1_53' title='bbox 1515 1317 1574 1382; x_wconf 88' lang='grc'>413</span> 
     </span>
     <span class='ocr_line' id='line_1_10' title="bbox 353 1333 1474 1504; baseline 0.001 -18"><span class='ocrx_word' id='word_1_54' title='bbox 353 1421 408 1487; x_wconf 95' lang='lat' dir='ltr'>De</span> <span class='ocrx_word' id='word_1_55' title='bbox 427 1333 585 1504; x_wconf 53' lang='lat' dir='ltr'>Cjollegio</span> <span class='ocrx_word' id='word_1_56' title='bbox 606 1423 821 1488; x_wconf 87' lang='lat' dir='ltr'>Lovaniensi</span> <span class='ocrx_word' id='word_1_57' title='bbox 842 1431 878 1487; x_wconf 91' lang='lat' dir='ltr'>et</span> <span class='ocrx_word' id='word_1_58' title='bbox 898 1421 1066 1486; x_wconf 91' lang='lat' dir='ltr'>Missione</span> <span class='ocrx_word' id='word_1_59' title='bbox 1086 1420 1125 1484; x_wconf 92' lang='lat' dir='ltr'>P.</span> <span class='ocrx_word' id='word_1_60' title='bbox 1148 1420 1243 1486; x_wconf 90' lang='lat' dir='ltr'>Petri</span> <span class='ocrx_word' id='word_1_61' title='bbox 1264 1421 1308 1486; x_wconf 89' lang='lat' dir='ltr'>de</span> <span class='ocrx_word' id='word_1_62' title='bbox 1327 1421 1474 1487; x_wconf 89' lang='lat' dir='ltr'>Ribade·</span> 
     </span>
     <span class='ocr_line' id='line_1_11' title="bbox 411 1529 1574 1611; baseline -0.001 -16"><span class='ocrx_word' id='word_1_63' title='bbox 411 1547 523 1611; x_wconf 85' lang='lat' dir='ltr'>neyra</span> <span class='ocrx_word' id='word_1_64' title='bbox 534 1572 1468 1594; x_wconf 88' lang='grc'><strong>...............................................</strong></span> <span class='ocrx_word' id='word_1_65' title='bbox 1514 1529 1574 1594; x_wconf 90' lang='grc'>428</span> 
     </span>
     <span class='ocr_line' id='line_1_12' title="bbox 351 1633 1571 1718; baseline 0 -17"><span class='ocrx_word' id='word_1_66' title='bbox 351 1633 483 1701; x_wconf 86' lang='lat' dir='ltr'>Addita</span> <span class='ocrx_word' id='word_1_67' title='bbox 497 1634 541 1701; x_wconf 88' lang='lat' dir='ltr'>de</span> <span class='ocrx_word' id='word_1_68' title='bbox 559 1635 715 1718; x_wconf 85' lang='lat' dir='ltr'>Collegio</span> <span class='ocrx_word' id='word_1_69' title='bbox 733 1637 949 1702; x_wconf 89' lang='lat' dir='ltr'>Lovaniensi</span> <span class='ocrx_word' id='word_1_70' title='bbox 954 1677 1465 1701; x_wconf 81' lang='grc'><strong>..........................</strong></span> <span class='ocrx_word' id='word_1_71' title='bbox 1511 1637 1571 1702; x_wconf 86' lang='grc'>452</span> 
     </span>
     <span class='ocr_line' id='line_1_13' title="bbox 350 1742 1570 1811; baseline 0 -2"><span class='ocrx_word' id='word_1_72' title='bbox 350 1742 405 1808; x_wconf 92' lang='lat' dir='ltr'>De</span> <span class='ocrx_word' id='word_1_73' title='bbox 420 1745 551 1809; x_wconf 92' lang='lat' dir='ltr'>nostris</span> <span class='ocrx_word' id='word_1_74' title='bbox 565 1745 850 1811; x_wconf 88' lang='lat' dir='ltr'>Tornacensibus</span> <span class='ocrx_word' id='word_1_75' title='bbox 854 1787 1465 1808; x_wconf 89' lang='grc'><strong>...............................</strong></span> <span class='ocrx_word' id='word_1_76' title='bbox 1510 1745 1570 1810; x_wconf 92' lang='grc'>468</span> 
     </span>
     <span class='ocr_line' id='line_1_14' title="bbox 349 1848 1568 1934; baseline 0.001 -19"><span class='ocrx_word' id='word_1_77' title='bbox 349 1848 404 1915; x_wconf 91' lang='lat' dir='ltr'>De</span> <span class='ocrx_word' id='word_1_78' title='bbox 419 1851 608 1916; x_wconf 86' lang='lat' dir='ltr'>Provincia</span> <span class='ocrx_word' id='word_1_79' title='bbox 622 1851 771 1932; x_wconf 86' lang='lat' dir='ltr'>Galliae,</span> <span class='ocrx_word' id='word_1_80' title='bbox 788 1871 831 1917; x_wconf 93' lang='lat' dir='ltr'>ac</span> <span class='ocrx_word' id='word_1_81' title='bbox 845 1853 999 1934; x_wconf 90' lang='lat' dir='ltr'>primum</span> <span class='ocrx_word' id='word_1_82' title='bbox 1012 1852 1056 1917; x_wconf 90' lang='lat' dir='ltr'>de</span> <span class='ocrx_word' id='word_1_83' title='bbox 1070 1850 1228 1932; x_wconf 87' lang='lat' dir='ltr'>Collegio</span> <span class='ocrx_word' id='word_1_84' title='bbox 1243 1851 1463 1918; x_wconf 89' lang='lat' dir='ltr'>Parisiensi..</span> <span class='ocrx_word' id='word_1_85' title='bbox 1509 1853 1568 1916; x_wconf 90' lang='grc'>476</span> 
     </span>
     <span class='ocr_line' id='line_1_15' title="bbox 347 1956 1565 2041; baseline 0.001 -18"><span class='ocrx_word' id='word_1_86' title='bbox 347 1956 819 2041; x_wconf 78' lang='lat' dir='ltr'>DeCollegioBigliomensi</span> <span class='ocrx_word' id='word_1_87' title='bbox 831 2002 1463 2025; x_wconf 90' lang='grc'><strong>................................</strong></span> <span class='ocrx_word' id='word_1_88' title='bbox 1508 1961 1565 2024; x_wconf 89' lang='grc'>487</span> 
     </span>
     <span class='ocr_line' id='line_1_16' title="bbox 347 2064 1466 2150; baseline 0.003 -21"><span class='ocrx_word' id='word_1_89' title='bbox 347 2064 402 2130; x_wconf 92' lang='lat' dir='ltr'>De</span> <span class='ocrx_word' id='word_1_90' title='bbox 416 2065 605 2132; x_wconf 87' lang='lat' dir='ltr'>Provincia</span> <span class='ocrx_word' id='word_1_91' title='bbox 625 2065 842 2148; x_wconf 83' lang='lat' dir='ltr'>Aragoniae,</span> <span class='ocrx_word' id='word_1_92' title='bbox 862 2084 906 2132; x_wconf 91' lang='lat' dir='ltr'>ac</span> <span class='ocrx_word' id='word_1_93' title='bbox 925 2067 1078 2150; x_wconf 86' lang='lat' dir='ltr'>primum</span> <span class='ocrx_word' id='word_1_94' title='bbox 1098 2066 1141 2132; x_wconf 91' lang='lat' dir='ltr'>de</span> <span class='ocrx_word' id='word_1_95' title='bbox 1160 2065 1318 2147; x_wconf 82' lang='lat' dir='ltr'>Collegio</span> <span class='ocrx_word' id='word_1_96' title='bbox 1337 2065 1466 2133; x_wconf 90' lang='lat' dir='ltr'>Valen-</span> 
     </span>
     <span class='ocr_line' id='line_1_17' title="bbox 401 2172 1567 2240; baseline 0.001 -3"><span class='ocrx_word' id='word_1_97' title='bbox 401 2172 476 2237; x_wconf 90' lang='lat' dir='ltr'>tino</span> <span class='ocrx_word' id='word_1_98' title='bbox 482 2217 1463 2240; x_wconf 90' lang='grc'><strong>.................................................</strong></span> <span class='ocrx_word' id='word_1_99' title='bbox 1508 2175 1567 2240; x_wconf 85' lang='grc'>502</span> 
     </span>
     <span class='ocr_line' id='line_1_18' title="bbox 342 2277 1565 2364; baseline -0.001 -18"><span class='ocrx_word' id='word_1_100' title='bbox 342 2277 398 2344; x_wconf 88' lang='lat' dir='ltr'>De</span> <span class='ocrx_word' id='word_1_101' title='bbox 413 2279 573 2364; x_wconf 77' lang='lat' dir='ltr'>collegio</span> <span class='ocrx_word' id='word_1_102' title='bbox 589 2280 783 2347; x_wconf 90' lang='lat' dir='ltr'>Gandiensi</span> <span class='ocrx_word' id='word_1_103' title='bbox 787 2324 1462 2347; x_wconf 90' lang='grc'><strong>..................................</strong></span> <span class='ocrx_word' id='word_1_104' title='bbox 1506 2283 1565 2347; x_wconf 97' lang='grc'>516</span> 
     </span>
     <span class='ocr_line' id='line_1_19' title="bbox 492 2389 1562 2467; baseline 0.001 -13"><span class='ocrx_word' id='word_1_105' title='bbox 492 2438 505 2467; x_wconf 92' lang='lat'>,</span> <span class='ocrx_word' id='word_1_106' title='bbox 588 2389 868 2455; x_wconf 90' lang='lat' dir='ltr'>Barchinonensi</span> <span class='ocrx_word' id='word_1_107' title='bbox 871 2432 1421 2456; x_wconf 83' lang='lat'><strong>............................</strong></span> <span class='ocrx_word' id='word_1_108' title='bbox 1506 2392 1562 2455; x_wconf 89' lang='lat'>521</span> 
     </span>
     <span class='ocr_line' id='line_1_20' title="bbox 364 2495 1561 2578; baseline 0.001 -16"><span class='ocrx_word' id='word_1_109' title='bbox 364 2545 378 2574; x_wconf 90' lang='lat'>,</span> <span class='ocrx_word' id='word_1_110' title='bbox 491 2547 505 2575; x_wconf 90' lang='lat'>,</span> <span class='ocrx_word' id='word_1_111' title='bbox 588 2495 921 2578; x_wconf 79' lang='lat' dir='ltr'>Caesaraugustam</span> <span class='ocrx_word' id='word_1_112' title='bbox 931 2540 1460 2562; x_wconf 88' lang='grc'><strong>...........................</strong></span> <span class='ocrx_word' id='word_1_113' title='bbox 1504 2500 1561 2564; x_wconf 88' lang='grc'>531</span> 
     </span>
     <span class='ocr_line' id='line_1_21' title="bbox 490 2603 1562 2701; baseline 0.001 -32"><span class='ocrx_word' id='word_1_114' title='bbox 490 2652 505 2683; x_wconf 83' lang='grc'>,,</span> <span class='ocrx_word' id='word_1_115' title='bbox 545 2693 550 2701; x_wconf 25' lang='grc'>1</span> <span class='ocrx_word' id='word_1_116' title='bbox 588 2603 745 2670; x_wconf 89' lang='lat' dir='ltr'>Murciae</span> <span class='ocrx_word' id='word_1_117' title='bbox 749 2649 1459 2670; x_wconf 90' lang='grc'><strong>....................................</strong></span> <span class='ocrx_word' id='word_1_118' title='bbox 1504 2607 1562 2670; x_wconf 88' lang='grc'>547</span> 
     </span>
     <span class='ocr_line' id='line_1_22' title="bbox 340 2709 1460 2797; baseline 0.005 -23"><span class='ocrx_word' id='word_1_119' title='bbox 340 2709 395 2775; x_wconf 89' lang='lat' dir='ltr'>De</span> <span class='ocrx_word' id='word_1_120' title='bbox 410 2710 598 2778; x_wconf 89' lang='lat' dir='ltr'>Provincia</span> <span class='ocrx_word' id='word_1_121' title='bbox 613 2713 799 2795; x_wconf 86' lang='lat' dir='ltr'>castellae,</span> <span class='ocrx_word' id='word_1_122' title='bbox 816 2733 859 2779; x_wconf 90' lang='lat' dir='ltr'>ac</span> <span class='ocrx_word' id='word_1_123' title='bbox 874 2716 1027 2797; x_wconf 90' lang='lat' dir='ltr'>primum</span> <span class='ocrx_word' id='word_1_124' title='bbox 1042 2714 1085 2779; x_wconf 91' lang='lat' dir='ltr'>de</span> <span class='ocrx_word' id='word_1_125' title='bbox 1100 2715 1259 2795; x_wconf 84' lang='lat' dir='ltr'>Collegio</span> <span class='ocrx_word' id='word_1_126' title='bbox 1274 2713 1460 2780; x_wconf 87' lang='lat' dir='ltr'>Salmanti-</span> 
     </span>
     <span class='ocr_line' id='line_1_23' title="bbox 397 2821 1560 2888; baseline 0.001 -3"><span class='ocrx_word' id='word_1_127' title='bbox 397 2821 495 2885; x_wconf 90' lang='lat' dir='ltr'>censi</span> <span class='ocrx_word' id='word_1_128' title='bbox 498 2866 1212 2887; x_wconf 89' lang='grc'><strong>....................................</strong></span> <span class='ocrx_word' id='word_1_129' title='bbox 1229 2866 1234 2873; x_wconf 89' lang='grc'><strong>-</strong></span> <span class='ocrx_word' id='word_1_130' title='bbox 1246 2867 1455 2888; x_wconf 88' lang='grc'><strong>...........</strong></span> <span class='ocrx_word' id='word_1_131' title='bbox 1500 2824 1560 2887; x_wconf 90' lang='grc'>559</span> 
     </span>
     <span class='ocr_line' id='line_1_24' title="bbox 338 2922 1560 3012; baseline 0.001 -18"><span class='ocrx_word' id='word_1_132' title='bbox 338 2922 393 2991; x_wconf 82' lang='lat' dir='ltr'>De</span> <span class='ocrx_word' id='word_1_133' title='bbox 407 2925 565 3009; x_wconf 81' lang='lat' dir='ltr'>Collegio</span> <span class='ocrx_word' id='word_1_134' title='bbox 579 2929 805 3012; x_wconf 87' lang='lat' dir='ltr'>Methymnae</span> <span class='ocrx_word' id='word_1_135' title='bbox 818 2930 943 3011; x_wconf 88' lang='lat' dir='ltr'>Campi</span> <span class='ocrx_word' id='word_1_136' title='bbox 948 2974 1455 2995; x_wconf 90' lang='grc'><strong>..........................</strong></span> <span class='ocrx_word' id='word_1_137' title='bbox 1500 2930 1560 2995; x_wconf 88' lang='grc'>566</span> 
     </span>
     <span class='ocr_line' id='line_1_25' title="bbox 337 3029 1558 3119; baseline 0.001 -18"><span class='ocrx_word' id='word_1_138' title='bbox 337 3029 391 3097; x_wconf 91' lang='lat' dir='ltr'>De</span> <span class='ocrx_word' id='word_1_139' title='bbox 405 3032 521 3101; x_wconf 90' lang='lat' dir='ltr'>Domo</span> <span class='ocrx_word' id='word_1_140' title='bbox 536 3035 771 3118; x_wconf 89' lang='lat' dir='ltr'>Probationis,</span> <span class='ocrx_word' id='word_1_141' title='bbox 788 3055 879 3119; x_wconf 92' lang='lat' dir='ltr'>quae</span> <span class='ocrx_word' id='word_1_142' title='bbox 893 3034 1068 3102; x_wconf 89' lang='lat' dir='ltr'>Simancis</span> <span class='ocrx_word' id='word_1_143' title='bbox 1083 3046 1159 3103; x_wconf 89' lang='lat' dir='ltr'>erat</span> <span class='ocrx_word' id='word_1_144' title='bbox 1180 3082 1455 3102; x_wconf 91' lang='grc'><strong>..............</strong></span> <span class='ocrx_word' id='word_1_145' title='bbox 1499 3038 1558 3103; x_wconf 88' lang='grc'>569</span> 
     </span>
     <span class='ocr_line' id='line_1_26' title="bbox 335 3139 1557 3223; baseline 0.001 -15"><span class='ocrx_word' id='word_1_146' title='bbox 335 3139 388 3205; x_wconf 88' lang='lat' dir='ltr'>De</span> <span class='ocrx_word' id='word_1_147' title='bbox 402 3140 561 3223; x_wconf 83' lang='lat' dir='ltr'>Collegio</span> <span class='ocrx_word' id='word_1_148' title='bbox 576 3143 831 3210; x_wconf 87' lang='lat' dir='ltr'>Vallisoletano</span> <span class='ocrx_word' id='word_1_149' title='bbox 836 3188 1452 3211; x_wconf 86' lang='grc'><strong>..............................</strong></span> <span class='ocrx_word' id='word_1_150' title='bbox 1498 3146 1557 3209; x_wconf 88' lang='grc'>577</span> 
     </span>
     <span class='ocr_line' id='line_1_27' title="bbox 483 3251 1555 3333; baseline 0.001 -17"><span class='ocrx_word' id='word_1_151' title='bbox 483 3300 497 3328; x_wconf 86' lang='grc'>,,</span> <span class='ocrx_word' id='word_1_152' title='bbox 581 3251 756 3333; x_wconf 82' lang='lat' dir='ltr'>Burgensi</span> <span class='ocrx_word' id='word_1_153' title='bbox 758 3296 1455 3318; x_wconf 89' lang='grc'><strong>...................................</strong></span> <span class='ocrx_word' id='word_1_154' title='bbox 1499 3252 1555 3316; x_wconf 91' lang='grc'>581</span> 
     </span>
     <span class='ocr_line' id='line_1_28' title="bbox 481 3358 1557 3441; baseline 0.001 -17"><span class='ocrx_word' id='word_1_155' title='bbox 481 3406 495 3436; x_wconf 86' lang='grc'>,,</span> <span class='ocrx_word' id='word_1_156' title='bbox 579 3359 818 3441; x_wconf 85' lang='lat' dir='ltr'>complutensi</span> <span class='ocrx_word' id='word_1_157' title='bbox 823 3406 1454 3428; x_wconf 88' lang='grc'><strong>................................</strong></span> <span class='ocrx_word' id='word_1_158' title='bbox 1497 3358 1557 3425; x_wconf 88' lang='grc'>589</span> 
     </span>
     <span class='ocr_line' id='line_1_29' title="bbox 355 3467 1556 3545; baseline 0.002 -15"><span class='ocrx_word' id='word_1_159' title='bbox 355 3513 368 3541; x_wconf 87' lang='grc'>,,</span> <span class='ocrx_word' id='word_1_160' title='bbox 482 3516 495 3545; x_wconf 85' lang='grc'>,,</span> <span class='ocrx_word' id='word_1_161' title='bbox 580 3467 779 3532; x_wconf 88' lang='lat' dir='ltr'>Conchensi</span> <span class='ocrx_word' id='word_1_162' title='bbox 795 3513 1451 3537; x_wconf 88' lang='grc'><strong>.................................</strong></span> <span class='ocrx_word' id='word_1_163' title='bbox 1496 3470 1556 3535; x_wconf 87' lang='grc'>599</span> 
     </span>
     <span class='ocr_line' id='line_1_30' title="bbox 477 3574 1554 3650; baseline 0.004 -12"><span class='ocrx_word' id='word_1_164' title='bbox 477 3620 492 3650; x_wconf 82' lang='grc'>,,</span> <span class='ocrx_word' id='word_1_165' title='bbox 574 3574 780 3641; x_wconf 88' lang='lat' dir='ltr'>Placentino</span> <span class='ocrx_word' id='word_1_166' title='bbox 789 3621 1450 3643; x_wconf 88' lang='lat'><strong>.................................</strong></span> <span class='ocrx_word' id='word_1_167' title='bbox 1494 3577 1554 3641; x_wconf 90' lang='grc'>604</span> 
     </span>
     <span class='ocr_line' id='line_1_31' title="bbox 478 3682 1551 3765; baseline 0.004 -20"><span class='ocrx_word' id='word_1_168' title='bbox 478 3728 491 3758; x_wconf 88' lang='grc'>,,</span> <span class='ocrx_word' id='word_1_169' title='bbox 575 3682 706 3746; x_wconf 90' lang='lat' dir='ltr'>Montis</span> <span class='ocrx_word' id='word_1_170' title='bbox 725 3682 826 3765; x_wconf 86' lang='lat' dir='ltr'>Regii</span> <span class='ocrx_word' id='word_1_171' title='bbox 832 3730 1449 3753; x_wconf 90' lang='grc'><strong>...............................</strong></span> <span class='ocrx_word' id='word_1_172' title='bbox 1492 3686 1551 3749; x_wconf 95' lang='grc'>612</span> 
     </span>
     <span class='ocr_line' id='line_1_32' title="bbox 474 3790 1549 3865; baseline 0.004 -12"><span class='ocrx_word' id='word_1_173' title='bbox 474 3836 488 3865; x_wconf 83' lang='grc'>,,</span> <span class='ocrx_word' id='word_1_174' title='bbox 572 3790 743 3855; x_wconf 88' lang='lat' dir='ltr'>Abulensi</span> <span class='ocrx_word' id='word_1_175' title='bbox 750 3837 1446 3860; x_wconf 89' lang='grc'><strong>...................................</strong></span> <span class='ocrx_word' id='word_1_176' title='bbox 1490 3792 1549 3857; x_wconf 89' lang='grc'>617</span> 
     </span>
     <span class='ocr_line' id='line_1_33' title="bbox 413 3894 1549 3977; baseline 0.006 -17"><span class='ocrx_word' id='word_1_177' title='bbox 413 3969 416 3977; x_wconf 45' lang='grc'><strong>,</strong></span> <span class='ocrx_word' id='word_1_178' title='bbox 474 3943 487 3972; x_wconf 83' lang='grc'>,,</span> <span class='ocrx_word' id='word_1_179' title='bbox 572 3894 769 3977; x_wconf 84' lang='lat' dir='ltr'>Ognatonsi</span> <span class='ocrx_word' id='word_1_180' title='bbox 773 3944 1445 3969; x_wconf 87' lang='grc'><strong>.................................</strong></span> <span class='ocrx_word' id='word_1_181' title='bbox 1489 3902 1549 3965; x_wconf 93' lang='grc'>622</span> 
     </span>
     <span class='ocr_line' id='line_1_34' title="bbox 324 3996 1447 4092; baseline 0.012 -30"><span class='ocrx_word' id='word_1_182' title='bbox 324 3996 379 4063; x_wconf 91' lang='lat' dir='ltr'>De</span> <span class='ocrx_word' id='word_1_183' title='bbox 399 3997 437 4062; x_wconf 92' lang='lat' dir='ltr'>P.</span> <span class='ocrx_word' id='word_1_184' title='bbox 459 4000 589 4082; x_wconf 84' lang='lat' dir='ltr'>Araoz,</span> <span class='ocrx_word' id='word_1_185' title='bbox 612 4003 787 4070; x_wconf 90' lang='lat' dir='ltr'>Castellae</span> <span class='ocrx_word' id='word_1_186' title='bbox 816 4007 1046 4089; x_wconf 87' lang='lat' dir='ltr'>Provinciali,</span> <span class='ocrx_word' id='word_1_187' title='bbox 1078 4022 1112 4075; x_wconf 88' lang='lat' dir='ltr'>et</span> <span class='ocrx_word' id='word_1_188' title='bbox 1139 4011 1347 4092; x_wconf 86' lang='lat' dir='ltr'>quibusdam</span> <span class='ocrx_word' id='word_1_189' title='bbox 1369 4011 1447 4075; x_wconf 88' lang='lat' dir='ltr'>aliis</span> 
     </span>
     <span class='ocr_line' id='line_1_35' title="bbox 383 4106 1547 4183; baseline 0.009 -12"><span class='ocrx_word' id='word_1_190' title='bbox 383 4106 594 4174; x_wconf 88' lang='lat' dir='ltr'>Provinciae</span> <span class='ocrx_word' id='word_1_191' title='bbox 609 4112 714 4177; x_wconf 91' lang='lat' dir='ltr'>rebus</span> <span class='ocrx_word' id='word_1_192' title='bbox 721 4158 1442 4183; x_wconf 90' lang='grc'><strong>....................................</strong></span> <span class='ocrx_word' id='word_1_193' title='bbox 1487 4116 1547 4181; x_wconf 89' lang='grc'>624</span> 
     </span>
     <span class='ocr_line' id='line_1_36' title="bbox 322 4208 1546 4299; baseline 0.013 -21"><span class='ocrx_word' id='word_1_194' title='bbox 322 4208 379 4275; x_wconf 87' lang='lat' dir='ltr'>De</span> <span class='ocrx_word' id='word_1_195' title='bbox 396 4215 487 4278; x_wconf 83' lang='lat' dir='ltr'>actis</span> <span class='ocrx_word' id='word_1_196' title='bbox 502 4216 538 4280; x_wconf 93' lang='lat' dir='ltr'>in</span> <span class='ocrx_word' id='word_1_197' title='bbox 553 4216 726 4299; x_wconf 89' lang='lat' dir='ltr'>Hispania</span> <span class='ocrx_word' id='word_1_198' title='bbox 741 4239 762 4284; x_wconf 91' lang='lat' dir='ltr'>a</span> <span class='ocrx_word' id='word_1_199' title='bbox 777 4222 816 4285; x_wconf 93' lang='grc' dir='ltr'>Ρ.</span> <span class='ocrx_word' id='word_1_200' title='bbox 837 4222 955 4288; x_wconf 91' lang='lat' dir='ltr'>Natali</span> <span class='ocrx_word' id='word_1_201' title='bbox 965 4270 1441 4290; x_wconf 88' lang='grc'><strong>.......................</strong></span> <span class='ocrx_word' id='word_1_202' title='bbox 1486 4224 1546 4289; x_wconf 74' lang='grc'>635</span> 
     </span>
     <span class='ocr_line' id='line_1_37' title="bbox 321 4315 1545 4412; baseline 0.012 -26"><span class='ocrx_word' id='word_1_203' title='bbox 321 4315 376 4382; x_wconf 85' lang='lat' dir='ltr'>De</span> <span class='ocrx_word' id='word_1_204' title='bbox 391 4321 497 4386; x_wconf 89' lang='lat' dir='ltr'>rebus</span> <span class='ocrx_word' id='word_1_205' title='bbox 512 4322 548 4385; x_wconf 88' lang='grc' dir='ltr'>Ρ.</span> <span class='ocrx_word' id='word_1_206' title='bbox 564 4324 749 4393; x_wconf 89' lang='lat' dir='ltr'>Francisci</span> <span class='ocrx_word' id='word_1_207' title='bbox 763 4327 929 4412; x_wconf 80' lang='lat' dir='ltr'>Borgiae,</span> <span class='ocrx_word' id='word_1_208' title='bbox 946 4330 1188 4397; x_wconf 87' lang='lat' dir='ltr'>Commissarii</span> <span class='ocrx_word' id='word_1_209' title='bbox 1192 4377 1441 4398; x_wconf 88' lang='grc'><strong>.............</strong></span> <span class='ocrx_word' id='word_1_210' title='bbox 1485 4333 1545 4397; x_wconf 88' lang='grc'>643</span> 
     </span>
     <span class='ocr_line' id='line_1_38' title="bbox 319 4424 1542 4521; baseline 0.015 -32"><span class='ocrx_word' id='word_1_211' title='bbox 319 4424 374 4490; x_wconf 92' lang='lat' dir='ltr'>De</span> <span class='ocrx_word' id='word_1_212' title='bbox 388 4425 577 4495; x_wconf 88' lang='lat' dir='ltr'>Provincia</span> <span class='ocrx_word' id='word_1_213' title='bbox 591 4431 769 4515; x_wconf 87' lang='lat' dir='ltr'>Baeticae,</span> <span class='ocrx_word' id='word_1_214' title='bbox 786 4453 828 4500; x_wconf 90' lang='lat' dir='ltr'>ac</span> <span class='ocrx_word' id='word_1_215' title='bbox 844 4438 996 4517; x_wconf 89' lang='lat' dir='ltr'>primum</span> <span class='ocrx_word' id='word_1_216' title='bbox 1013 4438 1055 4503; x_wconf 91' lang='lat' dir='ltr'>de</span> <span class='ocrx_word' id='word_1_217' title='bbox 1071 4438 1227 4521; x_wconf 85' lang='lat' dir='ltr'>Collegio</span> <span class='ocrx_word' id='word_1_218' title='bbox 1243 4440 1439 4506; x_wconf 86' lang='lat' dir='ltr'>Cordubae.</span> <span class='ocrx_word' id='word_1_219' title='bbox 1481 4440 1542 4505; x_wconf 86' lang='grc'>666</span> 
     </span>
     <span class='ocr_line' id='line_1_39' title="bbox 317 4531 1541 4617; baseline 0.015 -19"><span class='ocrx_word' id='word_1_220' title='bbox 317 4531 372 4598; x_wconf 93' lang='lat' dir='ltr'>De</span> <span class='ocrx_word' id='word_1_221' title='bbox 387 4532 543 4617; x_wconf 82' lang='lat' dir='ltr'>Collegio</span> <span class='ocrx_word' id='word_1_222' title='bbox 560 4536 774 4607; x_wconf 87' lang='lat' dir='ltr'>Granatensi</span> <span class='ocrx_word' id='word_1_223' title='bbox 780 4585 1435 4614; x_wconf 89' lang='grc'><strong>.................................</strong></span> <span class='ocrx_word' id='word_1_224' title='bbox 1482 4548 1541 4612; x_wconf 89' lang='grc'>677</span> 
     </span>
     <span class='ocr_line' id='line_1_40' title="bbox 467 4645 1540 4729; baseline 0.009 -18"><span class='ocrx_word' id='word_1_225' title='bbox 467 4693 481 4724; x_wconf 82' lang='grc'>,,</span> <span class='ocrx_word' id='word_1_226' title='bbox 568 4645 771 4729; x_wconf 90' lang='lat' dir='ltr'>Hispalensi</span> <span class='ocrx_word' id='word_1_227' title='bbox 781 4696 1435 4722; x_wconf 75' lang='grc'><strong>.................................</strong></span> <span class='ocrx_word' id='word_1_228' title='bbox 1480 4654 1540 4719; x_wconf 90' lang='grc'>687</span> 
     </span>
    </p>
   </div>
   <div class='ocr_carea' id='block_1_2' title="bbox 0 0 1826 5350">
    <p class='ocr_par' dir='ltr' id='par_1_2' title="bbox 0 0 1826 5350">
     <span class='ocr_line' id='line_1_41' title="bbox 0 0 1826 5350; baseline 0 14"><span class='ocrx_word' id='word_1_229' title='bbox 0 0 1826 5350; x_wconf 95' lang='lat' dir='ltr'> </span> 
     </span>
    </p>
   </div>
  </div>
 </body>
</html>
