3642 5350
390 432 445 497 716
856 434 983 496 emor.
1004 431 1082 495 Soc.
1102 433 1173 510 Jas.

389 582 566 663 incipere,
593 581 758 663 quodque
785 580 986 662 theologiae
1010 581 1163 645 lectores
1184 580 1404 661 cogebantur
1430 580 1622 662 diligenter

388 706 474 753 suas
497 689 666 755 lectiones
689 705 925 771 praeparare,
947 704 1029 752 cum
1055 688 1108 751 sic
1126 687 1320 753 instructos
1333 688 1371 753 in
1392 676 1619 771 philosophia

387 795 579 878 discipulos
593 797 748 861 habituri
761 805 891 877 essent,
908 795 969 877 qui
983 794 1088 860 facile
1102 795 1306 877 percepturi
1319 804 1454 878 essent,
1470 815 1519 862 an
1534 814 1617 861 exa·

388 912 445 969 cte
460 904 510 968 illi
524 906 782 986 praelegerent.
1461 914 1468 927 ·

448 1010 540 1076 3098.
583 1011 705 1095 Aliqui
718 1020 837 1077 autem
851 1028 897 1075 ex
911 1010 1043 1075 nostris
1057 1010 1252 1075 examinati
1261 1010 1404 1075 fuerunt
1418 1010 1464 1075 ad
1479 1028 1618 1092 promo·

388 1120 520 1185 tionem
533 1120 570 1184 in
585 1120 819 1201 philosophia,
835 1128 871 1183 et
885 1118 1050 1200 quamvis
1063 1116 1134 1182 viri
1148 1116 1312 1182 doctrina
1326 1117 1414 1182 clari
1428 1127 1542 1199 erant,
1555 1120 1617 1201 qui

388 1225 617 1293 examinandi
637 1226 750 1291 officio
770 1224 1026 1306 iungebantur,
1049 1224 1119 1287 illis
1137 1223 1277 1288 abunde
1296 1233 1350 1289 est
1371 1242 1392 1287 a
1410 1225 1543 1289 nostris
1563 1244 1619 1290 sa·

387 1334 579 1414 tissactum,
594 1345 628 1399 et
639 1334 712 1398 suis
722 1332 975 1415 condiscipulis
984 1341 1128 1396 nostros
1139 1331 1247 1395 etiam
1257 1331 1294 1395 in
1305 1330 1469 1396 doctriua
1481 1334 1617 1398 anteire

389 1442 592 1507 censebant.

446 1548 537 1615 3099.
579 1548 679 1614 Haec
708 1548 874 1613 examina
898 1547 976 1613 fieri
1004 1546 1108 1612 solita
1133 1541 1237 1611 erant
1254 1548 1292 1611 in
1316 1546 1448 1611 scholis
1472 1545 1618 1628 majoris

388 1656 655 1736 UniversitatiS,
678 1656 741 1719 sed
766 1654 844 1719 Rex
867 1665 906 1720 ut
931 1654 1180 1719 auctoritatem
1204 1653 1260 1717 sui
1281 1652 1431 1733 Collegii
1457 1664 1616 1735 augeret,

387 1762 480 1845 quod
494 1762 662 1829 Societati
676 1772 820 1827 nostrae
835 1760 1041 1842 tradiderat,
1058 1761 1094 1826 in
1109 1778 1151 1824 eo
1165 1760 1242 1824 lieri
1256 1761 1385 1842 voluit;
1401 1771 1436 1826 et
1457 1762 1528 1827 alia
1546 1763 1616 1842 pri·

387 1871 518 1951 vilegia
533 1870 648 1935 eidem
662 1870 821 1951 Collegio
841 1870 1036 1949 concessit,
1058 1870 1188 1951 quibus
1207 1869 1312 1934 facile
1326 1886 1430 1935 suum
1450 1868 1616 1935 affectum

386 1994 474 2059 erga
489 1976 704 2044 Societatem
718 1988 877 2043 nostram
892 1977 1128 2059 significabat.

429 2084 539 2150 «3100.
581 2085 682 2151 Multi
695 2102 742 2151 ex
759 2086 985 2150 scholasticis
1003 2086 1050 2149 ad
1063 2083 1278 2150 Societatem
1299 2092 1460 2149 nostram
1483 2086 1615 2167 aspira-

385 2194 482 2273 bant,
497 2202 533 2258 et
547 2194 599 2259 sic
614 2194 739 2259 studiis
754 2192 1009 2269 afficiebantur,
1022 2203 1061 2257 ut
1072 2209 1138 2257 nec
1149 2192 1185 2256 in
1195 2201 1330 2256 aestate
1342 2190 1485 2272 quidem
1496 2192 1542 2256 ad
1554 2210 1612 2274 pa·

385 2300 491 2365 triam
510 2318 575 2383 pro
593 2318 690 2366 more
709 2318 775 2366 suo
801 2301 1021 2380 recederent,
1047 2310 1082 2365 et
1107 2300 1158 2363 ita
1181 2300 1218 2364 in
1237 2298 1401 2365 doctrina
1426 2308 1462 2363 et
1485 2300 1616 2381 pietate

385 2416 529 2473 strenue
543 2406 786 2490 proficiebant.

443 2514 534 2581 3101.
578 2514 616 2580 ln
631 2516 783 2581 ecclesia
798 2514 948 2597 Collegii
963 2515 1088 2580 diebus
1102 2514 1290 2579 dominicis
1306 2532 1328 2578 a
1342 2514 1493 2596 prandio
1508 2515 1615 2580 lectio

384 2622 618 2690 Ecclesiastes
631 2624 904 2706 praelegebatur
920 2622 967 2690 ad
980 2622 1102 2706 populi
1116 2622 1316 2703 utilitatem,
1332 2621 1396 2689 sed
1410 2620 1449 2688 Ρ.
1470 2620 1614 2689 Franci·

386 2748 468 2796 scus
491 2731 710 2813 Rodriguez,
737 2733 796 2814 qui
823 2749 904 2796 cum
925 2748 1057 2813 magna
1075 2731 1319 2795 satisfactione
1345 2730 1548 2796 auditorum
1572 2749 1614 2796 eo

385 2854 531 2903 munere
544 2839 770 2919 fungebatur,
786 2840 823 2904 in
837 2839 975 2904 Indiam
994 2839 1062 2903 hoc
1082 2855 1177 2903 anno
1198 2838 1358 2919 recessit,
1375 2846 1411 2904 et
1431 2855 1613 2904 successo·

386 2963 462 3010 rem
475 2946 599 3011 habuit
612 2943 651 3010 Ρ.
667 2945 862 3011 Antonium
877 2946 1066 3011 Choream.

444 3051 536 3118 3102.
578 3051 753 3134 Tempore
779 3063 898 3118 autem
923 3053 1227 3134 Quadragesimae
1248 3062 1400 3136 quatuor
1425 3054 1616 3119 conciones

385 3161 535 3240 singulis
549 3160 780 3227 hebdomadis
795 3179 868 3226 non
882 3163 928 3226 ab
942 3178 1014 3228 uno
1028 3171 1167 3226 tantum
1180 3180 1227 3226 ex
1240 3161 1373 3226 nostris
1388 3162 1614 3228 concionato-

384 3269 483 3333 ribus
498 3269 729 3352 habebantur,
743 3287 809 3334 nec
820 3269 973 3350 exiguus
987 3269 1125 3335 fructus
1136 3278 1264 3352 captus
1277 3286 1324 3334 ex
1337 3269 1406 3334 hoc
1419 3269 1615 3334 ministerio

385 3376 462 3457 iuit;
482 3385 517 3441 et
541 3377 706 3458 quamvis
730 3377 814 3442 alibi
830 3376 1079 3443 conimbricae
1100 3378 1410 3457 concionarentur,
1433 3377 1522 3442 satis
1544 3377 1613 3443 irc·

385 3501 497 3566 quens
512 3483 727 3550 auditorium
742 3485 857 3550 nostri
871 3486 1084 3550 habuerunt.
1271 3543 1275 3550 .

443 3589 535 3656 3103.
578 3590 661 3656 Duo
677 3602 797 3657 autem
812 3611 857 3656 ex
867 3593 1001 3658 nostris
1012 3592 1188 3674 theologis
1199 3593 1370 3658 talentum
1382 3593 1615 3658 concionandi

384 3716 455 3764 non
470 3700 621 3781 vulgare
636 3702 877 3782 ostenderunt,
892 3718 974 3765 cum
988 3702 1056 3766 hoc
1068 3701 1182 3767 officio
1193 3702 1294 3782 iungi
1304 3701 1513 3784 inciperent,
1525 3702 1615 3766 alter

384 3807 600 3873 Franciscus
615 3807 794 3890 AdornuS,
811 3809 1016 3891 genuensis,
1030 3811 1120 3874 alter
1133 3809 1344 3874 Dominicus
1358 3809 1551 3892 Cardosus,
1563 3811 1614 3874 lu·

382 3916 535 3996 sitanus;
548 3913 610 3980 sed
622 3933 702 3981 cum
714 3934 759 3980 ex
769 3932 882 3997 regno
894 3916 1082 3997 Castellae,
1094 3917 1199 4000 Junio
1211 3932 1344 3996 mense,
1361 3916 1399 3980 P.
1413 3915 1482 3981 S.tl
1497 3917 1588 3983 Cruz
1603 3915 1613 3949 ¹

385 4023 544 4089 venisset
559 4026 677 4106 (quem
692 4025 854 4106 superius
869 4043 915 4088 ex
926 4022 1145 4104 Portugallia
1157 4034 1367 4089 revocatum
1377 4024 1533 4090 diximus
1545 4022 1568 4104 ¹)
1579 4034 1616 4088 et

386 4139 531 4212 propter
549 4132 678 4213 pedum
698 4132 915 4197 debilitatem
935 4132 1182 4222 Conimbricae
1201 4131 1431 4212 substitisset,
1453 4132 1615 4213 quamvis

387 4239 580 4303 Lisbonam
591 4239 762 4320 tenderet,
776 4241 967 4306 conciones
977 4239 1120 4319 multas,
1132 4249 1168 4303 et
1182 4238 1325 4320 quidem
1335 4239 1499 4304 omnibus
1513 4238 1616 4304 valde

385 4355 523 4428 gratas,
539 4347 670 4412 habere
687 4349 815 4430 coepit,
832 4357 867 4413 et
882 4347 1110 4428 auditorium,
1124 4348 1219 4428 quod
1229 4347 1336 4412 valde
1345 4348 1513 4430 frequens
1527 4357 1614 4426 erat,

425 4621 434 4656 ¹
462 4619 574 4674 jacobus
586 4623 617 4670 dc
632 4621 879 4670 surrectum-Vide
889 4623 1015 4670 Litterae.
1023 4623 1255 4680 Quadrimestres,
1264 4631 1284 4672 t.
1296 4637 1331 4677 rr.
1342 4637 1403 4682 pag.
1412 4624 1460 4680 898,
1470 4629 1558 4672 annot.
1566 4626 1586 4670 l.

425 4691 437 4723 ¹
464 4691 532 4738 Vlrlc
542 4705 632 4751 sopra,
642 4700 661 4742 t.
671 4705 698 4752 v,
709 4705 769 4751 pag.
778 4693 828 4752 tat,
837 4706 863 4741 n.
874 4696 935 4741 1⁶11.
