3642 5350
775 461 840 520 Aa.
862 460 933 519 1556
1430 462 1469 519 77

237 603 479 685 frequentibus
504 615 539 669 et
569 609 694 688 amplis
726 607 931 672 muneribus
965 608 1205 687 testabantur;
1232 623 1322 686 quae
1347 616 1468 670 tamen

235 713 348 775 nostri
360 713 505 776 omnino
521 725 747 778 recusarunt.

295 819 368 882 245.
411 818 613 884 Redeuntes
633 831 752 884 autem
776 822 821 885 ad
847 831 1010 886 sanctam
1034 820 1189 886 Domum
1213 821 1466 900 Lauretanam,

237 927 467 1007 magistratus
491 929 560 1008 ipsi
584 945 665 992 cum
692 929 770 992 aliis
795 930 997 1010 praecipuis
1014 929 1152 992 civibus
1178 945 1289 1010 usque
1315 929 1466 992 adeum

236 1035 353 1097 locum
368 1034 601 1111 deduxerunt,
629 1053 675 1099 ex
698 1052 768 1116 quo
790 1037 960 1117 templum
985 1036 1100 1116 ipsum
1125 1035 1164 1099 B.
1191 1036 1353 1114 Virginis
1368 1037 1467 1098 cerni

235 1151 386 1220 poterat,
401 1157 554 1220 magnas
570 1142 621 1205 eis
636 1160 701 1222 pro
717 1152 864 1226 accepto
879 1143 1050 1206 beneficio
1063 1144 1200 1222 gratias
1215 1152 1373 1222 agentes.

295 1247 366 1310 246.
410 1247 601 1328 Cingulum
615 1250 734 1327 etiam,
751 1249 891 1330 insigne
912 1248 1093 1314 Marchiae
1110 1250 1277 1330 oppidum
1293 1249 1314 1329 ¹,
1336 1250 1405 1313 duo
1421 1269 1467 1314 ex

235 1355 367 1418 nostris
386 1355 486 1418 missi
505 1364 586 1418 sunt
603 1353 677 1434 J'am
700 1356 867 1434 secund0‚
890 1357 1016 1437 quibus
1038 1357 1185 1421 contulit
1204 1356 1303 1420 Deus
1324 1357 1467 1420 solitum

237 1462 377 1540 gratiae
402 1479 489 1526 suae
514 1461 696 1540 favorem;
723 1480 807 1526 nam
836 1463 1077 1543 frequentibus
1101 1464 1406 1527 communionibus
1432 1475 1468 1526 et

235 1568 516 1632 confessionibus
531 1571 709 1649 populum,
727 1587 832 1651 quem
847 1571 958 1650 priori
971 1571 1127 1634 adventu
1147 1571 1404 1649 excitaverant,
1422 1570 1466 1633 ad

235 1676 465 1739 maturiorem
488 1675 627 1756 frugem
646 1676 878 1751 adduxerunt3
901 1687 936 1741 et
960 1679 1088 1740 mirum
1114 1694 1261 1758 prorsus
1280 1677 1468 1741 videbatur

238 1791 408 1861 quantum
430 1783 568 1863 gratiae
593 1782 714 1846 divina
739 1784 878 1846 bonitas
904 1785 1077 1848 debilibus
1105 1801 1191 1847 suae
1220 1783 1467 1863 providentiae

238 1889 492 1967 instrumentis
510 1899 547 1952 ut
557 1891 682 1953 matris
698 1907 782 1953 suae
797 1890 834 1952 in
849 1900 972 1954 sancto
990 1891 1048 1954 illo
1062 1892 1141 1953 loco
1161 1891 1326 1969 alumnis,
1343 1891 1378 1952 in
1393 1891 1468 1954 suis

236 1997 441 2060 ministeriis
466 1997 769 2076 subministraret,
801 2015 844 2060 ac
872 1998 1083 2077 praesertim
1107 1998 1144 2062 in
1169 1997 1404 2062 confessionis
1432 2008 1468 2060 et

237 2103 498 2167 communionis
511 2105 750 2184 sacramentis
764 2103 999 2168 conferendis

296 2209 368 2274 247.
413 2210 543 2274 Missus
557 2211 622 2274 fuit
642 2210 746 2274 tertio
762 2211 806 2274 ad
828 2211 922 2274 idem
946 2211 1113 2291 oppidum
1133 2210 1321 2290 Cingulum
1336 2211 1478 2276 Rector·

233 2318 309 2396 ipse
325 2317 362 2381 P.
381 2315 560 2382 Oliverius
575 2317 776 2398 Manareus;
799 2319 850 2382 sic
866 2318 959 2381 enim
975 2317 1012 2380 P.
1039 2317 1221 2398 Montoya,
1242 2318 1466 2399 Superinten-

234 2425 323 2488 dens
337 2423 361 2502 ²,
383 2426 426 2488 de
445 2425 592 2488 consilio
615 2425 771 2488 omnium
796 2425 870 2488 fere
889 2425 1116 2489 sacerdotum
1136 2425 1303 2504 expedire
1323 2436 1466 2488 censue·

235 2541 304 2610 rat,
319 2541 358 2594 ut
371 2532 605 2594 communitas
620 2531 680 2594 illa
699 2532 877 2595 communi
897 2533 1056 2606 consilio,
1078 2534 1124 2596 ad
1144 2532 1341 2596 discordias
1363 2549 1468 2612 quas·

232 2639 366 2703 damet
380 2639 583 2703 inimicitias
599 2639 762 2719 antiquas
776 2640 868 2704 inter
882 2640 1071 2719 primarias
1086 2639 1238 2703 familias
1256 2637 1331 2719 ejus
1346 2640 1467 2721 oppidi

232 2747 507 2827 componendas
524 2745 737 2809 Societatem
752 2756 910 2811 nostram
925 2750 1082 2826 elegerat
1099 2757 1197 2811 tanto
1213 2747 1465 2827 suffragiorum

233 2870 422 2931 consensu,
440 2862 477 2916 ut
492 2872 536 2915 ex
553 2853 733 2933 octoginta
751 2853 826 2917 fere
842 2854 912 2917 duo
932 2854 1120 2919 dumtaxat
1140 2855 1208 2918 illis
1230 2854 1415 2933 defuerint;
1432 2858 1488 2917 et·

233 2960 388 3023 nobilem
403 2960 591 3040 quemdam
611 2960 804 3038 doctorem,
825 2968 863 3024 ut
878 2961 1036 3039 legatum
1056 2978 1170 3040 suum,
1193 2960 1388 3025 Lauretum
1405 2962 1466 3024 mi-

233 3075 366 3145 serant,
394 3075 432 3130 ut
456 3065 545 3129 duos
567 3066 772 3130 sacerdotes
792 3066 838 3129 ad
864 3066 956 3131 haec
982 3069 1127 3149 negotia
1152 3068 1340 3132 tractanda
1361 3069 1468 3148 impe·

234 3183 382 3237 trarent.
1334 3242 1338 3248 .

294 3278 366 3343 248.
409 3280 489 3343 Fuit
514 3290 632 3343 autem
659 3277 846 3360 adjunctus
869 3280 905 3345 P.
940 3279 1097 3345 Oliverio
1123 3280 1161 3344 P.
1189 3280 1398 3345 Emmanuel
1423 3280 1468 3345 de

233 3384 483 3465 Montemajori
499 3384 521 3465 ⁵,
538 3386 598 3467 qui
617 3387 669 3450 bis
690 3388 926 3452 concionatus
950 3398 1004 3451 est
1019 3387 1063 3451 de
1082 3388 1232 3451 utilitate
1253 3405 1297 3451 ac
1312 3389 1467 3452 necessi·

234 3503 310 3557 tate
329 3494 428 3575 pacis
448 3510 528 3557 cum
548 3510 680 3573 magna
703 3494 905 3558 auditorum
928 3495 1190 3574 satisfactione;
1213 3505 1248 3559 et
1269 3513 1291 3557 a
1312 3494 1468 3558 Domino

234 3600 371 3664 factum
385 3601 573 3665 videbatur
587 3600 681 3681 quod
697 3602 832 3666 duobus
848 3603 917 3665 illis
932 3601 1055 3665 diebus
1071 3601 1158 3680 (erat
1174 3612 1292 3665 autern
1308 3600 1468 3681 Quadra-

234 3710 393 3789 gesimae
421 3708 572 3789 tempus)
598 3708 829 3771 concionator
851 3706 927 3789 ejus
948 3707 1068 3789 oppidi
1090 3709 1257 3772 catarrho
1279 3707 1468 3787 impeditus

234 3814 441 3879 concionari
457 3815 594 3879 duobus
609 3815 678 3878 illis
692 3815 816 3879 dicbus
836 3834 906 3879 non
926 3815 1050 3896 potuit,
1073 3816 1237 3897 quamvis
1260 3815 1380 3878 statim
1400 3823 1466 3879 ter·

234 3922 284 3984 tio
300 3922 357 3985 die
373 3938 457 3985 suas
472 3922 662 3985 conciones
677 3923 878 4001 resumpsit.

296 4028 367 4092 249.
410 4028 549 4093 Deinde
569 4029 605 4091 in
625 4030 813 4093 tractando
832 4029 977 4109 negotio
999 4030 1098 4110 pacis
1117 4038 1264 4109 uterque
1283 4046 1396 4110 usque
1421 4029 1467 4091 ad

235 4145 376 4199 sextum
390 4136 484 4199 diem
501 4135 634 4215 Aprilis
644 4114 773 4199 ibidem
786 4136 995 4200 commorati
1006 4145 1099 4200 sunt.
1113 4136 1200 4201 Cum
1213 4144 1331 4199 autem
1343 4134 1381 4198 Ρ.
1396 4133 1467 4199 Oli-

234 4242 356 4306 verius
370 4260 446 4306 rem
461 4242 497 4305 in
511 4242 658 4321 longum
672 4242 812 4305 extrahi
827 4243 975 4323 videret,
992 4252 1027 4306 et
1048 4243 1193 4306 Laureti
1212 4258 1365 4321 magnus
1388 4259 1468 4305 con·

275 4483 285 4515 Ι
313 4482 504 4538 Ἦᾱοεαρτι,ῑ.
515 4495 541 4538 v,
554 4494 614 4539 pag.
629 4484 663 4538 81,
680 4494 704 4527 n.
719 4482 760 4527 200
774 4492 799 4528 et
814 4496 875 4539 pag.
891 4484 926 4537 85,
937 4496 961 4527 n.
977 4482 1087 4528 alu-Et
1101 4482 1224 4527 Litterae
1237 4482 1468 4536 Quadrimestres,

249 4564 301 4605 Α,
362 4584 369 4598 .
409 4586 415 4597 .

235 4558 246 4597 t
265 4564 287 4657 ι’
310 4554 424 4679 ligariis
435 4626 467 4669 de
478 4624 609 4683 Montoya.
618 4625 685 4669 Vide
696 4637 783 4680 supra,
795 4632 812 4670 t.
823 4640 847 4682 v,
860 4638 919 4681 pag.
929 4626 957 4670 92
966 4633 993 4670 et
1002 4626 1038 4681 91,
1048 4638 1090 4672 nn.
1101 4626 1148 4681 228,
1159 4625 1207 4669 232.

276 4694 289 4729 ⁸
314 4696 381 4741 Vide
392 4708 481 4753 supra,
492 4703 511 4743 t,
522 4710 547 4751 v,
559 4708 618 4753 pag.
627 4696 662 4753 8⁶,
670 4709 695 4742 n.
705 4698 755 4742 214.
