3642 5350
357 428 411 489 726
819 428 945 495 Caaott.
965 428 1043 493 soc.
1062 429 1133 506 Jns.

357 576 436 657 erit,
453 593 545 658 quae
559 576 732 669 hactenus
746 594 818 643 non
832 576 907 654 luit;
925 586 961 642 et
975 594 1015 641 se
1029 574 1212 659 praeferre
1227 576 1421 659 hospitium
1436 557 1589 642 xenodo-

358 683 430 749 chii
444 683 511 749 sibi
525 692 762 767 praeparatae
775 684 896 750 domui
911 682 1114 763 ostendens,
1130 685 1213 751 inde
1227 701 1299 750 non
1313 684 1473 749 recessit.

415 790 509 857 3138.
551 791 633 856 Alio
641 791 864 875 inhospitali,
876 809 959 857 cum
968 791 1128 857 dicerent
1138 793 1506 859 nullumesselectum
1518 808 1589 873 quo

357 898 593 979 exciperetur,
610 899 729 980 potius
743 899 791 963 ibi
805 917 844 965 se
859 898 1096 966 dormiturum
1106 900 1216 980 humi,
1229 916 1338 981 quam
1350 898 1436 965 alibi
1445 900 1483 965 iu
1497 900 1590 964 lecto

357 1015 393 1071 et
407 1014 624 1087 praeparata
637 1006 857 1071 habitatione
879 1005 1087 1085 affirmarim
1101 1016 1137 1072 et
1150 1006 1214 1084 ita,
1229 1008 1329 1072 illata
1342 1006 1410 1072 sibi
1424 1006 1587 1087 culcitra,

357 1113 538 1179 sarcinula
553 1130 618 1196 pro
633 1112 802 1179 cervicali
818 1114 989 1194 adhibita,
1005 1131 1088 1179 cum
1101 1114 1200 1179 socio
1215 1114 1396 1180 dormivit.

416 1220 509 1286 3139.
551 1221 682 1304 Aliqua
709 1219 928 1303 huiusmodi,
958 1238 1049 1304 quae
1076 1239 1149 1287 nou
1175 1238 1303 1304 pamm
1330 1220 1589 1287 aedificationis

358 1328 427 1394 illis
442 1330 581 1411 populis
595 1330 837 1412 praestabant,
853 1328 949 1411 quod
963 1330 1183 1411 singularem
1197 1331 1418 1412 paupertatis
1432 1346 1591 1395 amorem

358 1446 393 1502 et
413 1436 648 1503 humilitatem
667 1437 912 1518 ostenderent,
932 1438 978 1502 ab
996 1436 1174 1519 Episcopo
1188 1424 1332 1518 fi'ebant3
1347 1455 1418 1519 quo
1432 1436 1538 1503 tiebat
1552 1444 1592 1501 ut

361 1543 604 1610 incredibilem
618 1542 662 1609 de
676 1543 752 1626 eJus
766 1544 1003 1611 sanctimonia
1017 1545 1222 1627 opinionem
1235 1546 1476 1639 conciperent.

421 1650 514 1716 3140.
556 1651 739 1732 Mulionis,
762 1651 863 1733 qu'us
879 1650 1050 1733 jumentis
1068 1652 1244 1733 utebatur,
1261 1662 1297 1718 et
1315 1652 1467 1718 aliorum
1485 1652 1591 1733 pluri·

362 1776 500 1825 morum
515 1759 757 1825 confessiones
772 1760 921 1836 audivit
937 1768 974 1825 et
988 1776 1070 1824 cum
1084 1760 1215 1826 alicubi
1229 1760 1409 1836 ancillam,
1427 1768 1591 1842 quatuor·

362 1864 476 1931 decim
491 1867 549 1930 vel
563 1865 765 1949 quindecim
779 1882 894 1932 annos
908 1874 1043 1943 natam,
1058 1868 1103 1931 de
1112 1868 1272 1950 peccatis
1285 1884 1469 1949 nunquam
1482 1866 1592 1933 luisse

361 1974 562 2040 confessam
573 1974 816 2055 intellexisset,
830 1990 912 2039 cum
921 1990 1054 2055 magno
1066 1974 1200 2055 labore,
1212 1992 1255 2041 eo
1266 1974 1362 2057 quod
1373 1974 1589 2055 aethiopissa

245 2110 258 2128 ·
363 2089 458 2147 esset
478 2090 514 2145 et
532 2081 595 2145 vix
615 2081 763 2161 intelligi
780 2088 937 2163 poterat,
957 2080 1219 2147 consessionem
1238 2081 1391 2163 audivit,
1417 2089 1453 2147 et
1471 2098 1591 2147 sacra·

364 2197 520 2253 mentum
535 2187 815 2253 confirmationis
831 2187 947 2255 eidem
961 2188 1146 2271 impendit,
1160 2198 1197 2255 et
1215 2188 1292 2271 ejus
1305 2187 1469 2255 dominos
1482 2189 1592 2269 negli-

362 2298 506 2377 gentiae
524 2296 654 2360 acriter
672 2295 917 2377 reprehendit,
937 2294 1032 2379 quod
1051 2298 1192 2365 animae
1212 2296 1305 2363 illius
1324 2296 1500 2363 rationem
1522 2313 1594 2361 uon

363 2403 582 2469 habuissent.

423 2510 516 2576 3141.
560 2508 733 2575 Omnibus
747 2511 784 2575 in
799 2511 899 2591 locis,
920 2512 957 2575 in
978 2511 1107 2592 quibus
1126 2521 1390 2578 sacramentum
1411 2512 1596 2579 confirma·

364 2618 472 2685 tionis
495 2617 718 2699 conserebat,
745 2619 803 2683 vel
821 2617 1102 2684 concionabatur
1126 2619 1183 2684 vel
1203 2616 1247 2683 de
1267 2618 1374 2685 rebus
1393 2618 1524 2685 divinis
1544 2616 1594 2684 ia·

366 2727 548 2792 miliariter
571 2726 683 2792 verba
711 2725 887 2806 faciebat,
916 2742 983 2791 nec
1011 2735 1202 2807 antequam
1231 2727 1352 2792 omnia
1379 2726 1595 2805 absolveret,

365 2852 455 2916 quae
468 2833 633 2900 facienda
648 2842 762 2914 erant,
779 2834 897 2897 cibum
912 2833 1088 2914 capiebat.
1101 2833 1278 2900 Invitabat
1293 2835 1443 2916 ipsemet
1457 2834 1596 2900 incolas

366 2957 540 3024 pagorum
553 2958 618 3023 per
633 2957 756 3006 eorum
771 2957 876 3005 casas
891 2939 1138 3017 discurrendo,
1155 2950 1193 3006 ut
1208 2941 1245 3005 in
1259 2942 1430 3023 templum
1444 2941 1490 3007 ad
1511 2941 1599 3006 chri·

365 3065 442 3114 sma
457 3047 722 3131 suscipiendum
736 3047 781 3112 ab
796 3047 974 3130 Episcopo
988 3047 1234 3123 convenirent,
1248 3064 1354 3129 quem
1366 3046 1443 3129 ejus
1456 3049 1508 3114 rei
1519 3064 1599 3128 gra·

369 3157 418 3222 tia
430 3157 506 3238 jam
520 3155 645 3222 adesse
657 3155 798 3221 dicebat
811 3154 831 3218 ⁸.

427 3262 519 3329 3142.
561 3260 636 3328 Nec
657 3262 734 3328 sine
753 3279 863 3328 causa
883 3263 953 3326 hac
974 3263 1160 3344 diligentia
1181 3263 1356 3339 utebatur;
1378 3263 1488 3345 aliqui
1508 3262 1602 3328 enim

368 3388 473 3436 senes
493 3371 677 3451 utriusque
698 3387 805 3434 sexus
829 3386 1011 3452 nunquam
1035 3369 1317 3435 confirmationis
1333 3379 1601 3436 sacramentum

369 3488 595 3559 acceperant;
608 3486 643 3542 et
655 3476 772 3558 aliqua
783 3477 862 3541 loca
873 3477 1050 3558 adierunt,
1059 3493 1152 3558 quae
1162 3477 1336 3544 memoria
1346 3493 1418 3542 non
1430 3478 1599 3544 tenebant

368 3585 463 3666 quod
477 3585 568 3650 ullus
581 3583 628 3648 ad
642 3602 685 3649 ea
699 3583 897 3665 Episcopus
911 3602 1081 3667 umquam
1096 3585 1327 3663 accessisset,
1343 3601 1427 3650 cum
1446 3586 1484 3650 in
1504 3602 1602 3650 more

369 3693 522 3774 positum
535 3701 640 3772 esset,
656 3699 694 3758 ut
709 3708 731 3756 a
745 3691 868 3773 parvis
882 3691 1084 3774 hujusmodi
1095 3689 1210 3774 [locis]
1222 3692 1267 3757 ad
1279 3707 1415 3772 magna
1425 3692 1602 3758 viciniora

370 3797 441 3882 [ad]
456 3799 525 3865 hoc
538 3808 804 3864 sacramentum
816 3799 1083 3880 percipiendum
1097 3800 1260 3866 homines
1274 3799 1498 3866 accederent.

428 3905 520 3973 3143.
562 3907 607 3972 Et
621 3907 705 3989 quia
720 3907 756 3974 in
771 3905 934 3972 omuibus
947 3924 1038 3988 pene
1056 3909 1144 3973 locis
1159 3909 1354 3990 permultos
1375 3891 1601 3990 negligentes

371 4014 560 4080 admodum
575 4031 653 4079 esse
673 4014 770 4079 circa
791 4015 992 4079 animarum
1011 4016 1163 4080 salutem
1177 4015 1332 4096 videbat,
1350 4016 1396 4080 ad
1415 4017 1604 4096 generales

370 4121 612 4188 confessiones
625 4122 810 4187 iaciendas
824 4121 1051 4204 hortabatur,
1067 4132 1103 4187 et
1122 4129 1161 4188 ut
1179 4124 1225 4188 ad
1241 4122 1278 4187 id
1296 4122 1452 4188 Eboram
1474 4123 1519 4187 ad
1541 4139 1602 4186 no·

372 4239 467 4294 stros
480 4228 654 4294 venirent.
670 4226 868 4295 Accidebat
882 4237 921 4293 ut
932 4228 1007 4312 J‘am
1021 4229 1211 4312 aliquando
1225 4246 1447 4309 recessurus,
1468 4228 1605 4312 jumen·

372 4349 446 4404 tum
461 4337 739 4417 conscendisset,
755 4345 790 4402 et
805 4352 886 4401 cum
897 4337 1052 4419 aliquem
1062 4337 1329 4419 non‘accepisse
1339 4345 1605 4402 sacramentum

414 4615 423 4650 ¹
452 4615 523 4670 Quae
534 4616 568 4662 ab
577 4614 626 4660 hoc
636 4615 694 4660 loco
703 4625 782 4672 arque
792 4615 825 4660 ad
836 4615 959 4662 homines
970 4617 1128 4664 accederent
1137 4618 1267 4672 leguntur,
1277 4626 1309 4662 ea
1318 4616 1352 4663 ab
1367 4617 1477 4674 lprotnet
1487 4615 1604 4664 Polaueo

374 4699 436 4734 orae
446 4688 562 4745 paginae
570 4686 661 4733 addlta
668 4692 736 4732 aunt.
