<?xml version="1.0" encoding="UTF-8"?>
<!DOCTYPE html PUBLIC "-//W3C//DTD XHTML 1.0 Transitional//EN"
    "http://www.w3.org/TR/xhtml1/DTD/xhtml1-transitional.dtd">
<html xmlns="http://www.w3.org/1999/xhtml" xml:lang="en" lang="en">
 <head>
  <title>
</title>
<meta http-equiv="Content-Type" content="text/html;charset=utf-8" />
  <meta name='ocr-system' content='tesseract 3.04.00' />
  <meta name='ocr-capabilities' content='ocr_page ocr_carea ocr_par ocr_line ocrx_word'/>
</head>
<body>
  <div class='ocr_page' id='page_1' title='image "./vitaignatiiloio00polagoog_0842.png"; bbox 0 0 3642 5350; ppageno 0'>
   <div class='ocr_carea' id='block_1_1' title="bbox 369 456 1141 539">
    <p class='ocr_par' dir='ltr' id='par_1_1' title="bbox 369 456 1141 539">
     <span class='ocr_line' id='line_1_1' title="bbox 369 456 1141 539; baseline 0 -14"><span class='ocrx_word' id='word_1_1' title='bbox 369 456 424 525; x_wconf 74' lang='lat'><strong>820</strong></span> <span class='ocrx_word' id='word_1_2' title='bbox 828 458 956 525; x_wconf 73' lang='lat' dir='ltr'><strong>Canon.</strong></span> <span class='ocrx_word' id='word_1_3' title='bbox 974 456 1051 525; x_wconf 85' lang='lat' dir='ltr'><strong>Soc.</strong></span> <span class='ocrx_word' id='word_1_4' title='bbox 1070 458 1141 539; x_wconf 79' lang='lat' dir='ltr'><strong>Jrs.</strong></span> 
     </span>
    </p>
   </div>
   <div class='ocr_carea' id='block_1_2' title="bbox 321 606 1632 3789">
    <p class='ocr_par' dir='ltr' id='par_1_2' title="bbox 365 606 1598 1333">
     <span class='ocr_line' id='line_1_2' title="bbox 369 606 1598 690; baseline 0.002 -17"><span class='ocrx_word' id='word_1_5' title='bbox 369 608 494 690; x_wconf 87' lang='lat' dir='ltr'><strong>augeri</strong></span> <span class='ocrx_word' id='word_1_6' title='bbox 514 616 703 689; x_wconf 85' lang='lat' dir='ltr'><strong>oporteret.</strong></span> <span class='ocrx_word' id='word_1_7' title='bbox 723 606 793 673; x_wconf 87' lang='lat' dir='ltr'><strong>Sed</strong></span> <span class='ocrx_word' id='word_1_8' title='bbox 813 606 949 689; x_wconf 86' lang='lat' dir='ltr'><strong>majora</strong></span> <span class='ocrx_word' id='word_1_9' title='bbox 967 610 1126 675; x_wconf 88' lang='lat' dir='ltr'><strong>subsidia</strong></span> <span class='ocrx_word' id='word_1_10' title='bbox 1146 628 1192 677; x_wconf 86' lang='lat' dir='ltr'><strong>ex</strong></span> <span class='ocrx_word' id='word_1_11' title='bbox 1210 610 1310 677; x_wconf 90' lang='lat' dir='ltr'><strong>India</strong></span> <span class='ocrx_word' id='word_1_12' title='bbox 1329 610 1502 677; x_wconf 88' lang='lat' dir='ltr'><strong>mittenda</strong></span> <span class='ocrx_word' id='word_1_13' title='bbox 1524 619 1598 676; x_wconf 86' lang='lat' dir='ltr'><strong>tam</strong></span> 
     </span>
     <span class='ocr_line' id='line_1_3' title="bbox 367 716 1595 799; baseline 0 -18"><span class='ocrx_word' id='word_1_14' title='bbox 367 716 546 781; x_wconf 91' lang='lat' dir='ltr'><strong>sociorum</strong></span> <span class='ocrx_word' id='word_1_15' title='bbox 556 733 662 797; x_wconf 85' lang='lat' dir='ltr'><strong>quam</strong></span> <span class='ocrx_word' id='word_1_16' title='bbox 670 731 789 780; x_wconf 89' lang='lat' dir='ltr'><strong>retum</strong></span> <span class='ocrx_word' id='word_1_17' title='bbox 800 716 1246 799; x_wconf 76' lang='lat' dir='ltr'><strong>corporlnecessariarum‚</strong></span> <span class='ocrx_word' id='word_1_18' title='bbox 1257 735 1339 783; x_wconf 91' lang='lat' dir='ltr'><strong>cum</strong></span> <span class='ocrx_word' id='word_1_19' title='bbox 1348 718 1462 783; x_wconf 85' lang='lat' dir='ltr'><strong>nostri</strong></span> <span class='ocrx_word' id='word_1_20' title='bbox 1473 734 1595 799; x_wconf 87' lang='lat' dir='ltr'><strong>aegro·</strong></span> 
     </span>
     <span class='ocr_line' id='line_1_4' title="bbox 366 822 1595 906; baseline 0.001 -18"><span class='ocrx_word' id='word_1_21' title='bbox 366 832 495 903; x_wconf 84' lang='lat' dir='ltr'><strong>tarent,</strong></span> <span class='ocrx_word' id='word_1_22' title='bbox 511 823 733 903; x_wconf 81' lang='lat' dir='ltr'><strong>videbantur3</strong></span> <span class='ocrx_word' id='word_1_23' title='bbox 749 822 805 887; x_wconf 88' lang='lat' dir='ltr'><strong>bis</strong></span> <span class='ocrx_word' id='word_1_24' title='bbox 819 823 914 888; x_wconf 90' lang='lat' dir='ltr'><strong>enim</strong></span> <span class='ocrx_word' id='word_1_25' title='bbox 924 824 1143 906; x_wconf 84' lang='lat' dir='ltr'><strong>temporibus</strong></span> <span class='ocrx_word' id='word_1_26' title='bbox 1153 834 1227 891; x_wconf 91' lang='lat' dir='ltr'><strong>tres</strong></span> <span class='ocrx_word' id='word_1_27' title='bbox 1238 834 1377 891; x_wconf 89' lang='lat' dir='ltr'><strong>tantum</strong></span> <span class='ocrx_word' id='word_1_28' title='bbox 1388 824 1595 891; x_wconf 91' lang='lat' dir='ltr'><strong>sacerdotes</strong></span> 
     </span>
     <span class='ocr_line' id='line_1_5' title="bbox 366 929 1595 1013; baseline 0 -17"><span class='ocrx_word' id='word_1_29' title='bbox 366 931 474 996; x_wconf 90' lang='lat' dir='ltr'><strong>etalii</strong></span> <span class='ocrx_word' id='word_1_30' title='bbox 490 929 643 1013; x_wconf 91' lang='lat' dir='ltr'><strong>quinque</strong></span> <span class='ocrx_word' id='word_1_31' title='bbox 656 929 786 995; x_wconf 82' lang='lat' dir='ltr'><strong>tratres</strong></span> <span class='ocrx_word' id='word_1_32' title='bbox 801 930 837 998; x_wconf 89' lang='lat' dir='ltr'><strong>in</strong></span> <span class='ocrx_word' id='word_1_33' title='bbox 851 939 928 995; x_wconf 86' lang='lat' dir='ltr'><strong>tota</strong></span> <span class='ocrx_word' id='word_1_34' title='bbox 947 930 1007 995; x_wconf 88' lang='lat' dir='ltr'><strong>illa</strong></span> <span class='ocrx_word' id='word_1_35' title='bbox 1023 931 1140 997; x_wconf 86' lang='lat' dir='ltr'><strong>insula</strong></span> <span class='ocrx_word' id='word_1_36' title='bbox 1158 932 1405 998; x_wconf 88' lang='lat' dir='ltr'><strong>Malucbarum</strong></span> <span class='ocrx_word' id='word_1_37' title='bbox 1424 942 1543 1011; x_wconf 84' lang='lat' dir='ltr'><strong>erant,</strong></span> <span class='ocrx_word' id='word_1_38' title='bbox 1559 942 1595 996; x_wconf 92' lang='lat' dir='ltr'><strong>et</strong></span> 
     </span>
     <span class='ocr_line' id='line_1_6' title="bbox 367 1036 1595 1122; baseline -0.001 -18"><span class='ocrx_word' id='word_1_39' title='bbox 367 1040 459 1104; x_wconf 85' lang='lat' dir='ltr'><strong>bona</strong></span> <span class='ocrx_word' id='word_1_40' title='bbox 473 1056 519 1103; x_wconf 86' lang='lat' dir='ltr'><strong>ex</strong></span> <span class='ocrx_word' id='word_1_41' title='bbox 533 1047 635 1119; x_wconf 93' lang='lat' dir='ltr'><strong>parte</strong></span> <span class='ocrx_word' id='word_1_42' title='bbox 648 1036 915 1116; x_wconf 84' lang='lat' dir='ltr'><strong>valetudinarii;</strong></span> <span class='ocrx_word' id='word_1_43' title='bbox 932 1047 967 1102; x_wconf 91' lang='lat' dir='ltr'><strong>et</strong></span> <span class='ocrx_word' id='word_1_44' title='bbox 980 1040 1107 1104; x_wconf 91' lang='lat' dir='ltr'><strong>saltem</strong></span> <span class='ocrx_word' id='word_1_45' title='bbox 1120 1039 1157 1104; x_wconf 92' lang='lat' dir='ltr'><strong>in</strong></span> <span class='ocrx_word' id='word_1_46' title='bbox 1171 1041 1301 1122; x_wconf 89' lang='lat' dir='ltr'><strong>quavis</strong></span> <span class='ocrx_word' id='word_1_47' title='bbox 1315 1057 1360 1104; x_wconf 86' lang='lat' dir='ltr'><strong>ex</strong></span> <span class='ocrx_word' id='word_1_48' title='bbox 1374 1040 1431 1104; x_wconf 90' lang='lat' dir='ltr'><strong>his</strong></span> <span class='ocrx_word' id='word_1_49' title='bbox 1446 1038 1595 1121; x_wconf 67' lang='lat' dir='ltr'><strong>provin</strong></span> 
     </span>
     <span class='ocr_line' id='line_1_7' title="bbox 366 1143 1593 1227; baseline -0.002 -15"><span class='ocrx_word' id='word_1_50' title='bbox 366 1146 430 1212; x_wconf 91' lang='lat' dir='ltr'><strong>ciis</strong></span> <span class='ocrx_word' id='word_1_51' title='bbox 444 1146 514 1210; x_wconf 90' lang='lat' dir='ltr'><strong>duo</strong></span> <span class='ocrx_word' id='word_1_52' title='bbox 525 1145 729 1209; x_wconf 85' lang='lat' dir='ltr'><strong>sacerdotes</strong></span> <span class='ocrx_word' id='word_1_53' title='bbox 740 1161 819 1209; x_wconf 89' lang='lat' dir='ltr'><strong>esse</strong></span> <span class='ocrx_word' id='word_1_54' title='bbox 830 1143 959 1210; x_wconf 88' lang='lat' dir='ltr'><strong>debere</strong></span> <span class='ocrx_word' id='word_1_55' title='bbox 970 1144 1195 1227; x_wconf 85' lang='lat' dir='ltr'><strong>videbantur,</strong></span> <span class='ocrx_word' id='word_1_56' title='bbox 1208 1155 1246 1212; x_wconf 86' lang='lat' dir='ltr'><strong>nt</strong></span> <span class='ocrx_word' id='word_1_57' title='bbox 1257 1148 1346 1212; x_wconf 88' lang='lat' dir='ltr'><strong>alter</strong></span> <span class='ocrx_word' id='word_1_58' title='bbox 1357 1146 1504 1212; x_wconf 88' lang='lat' dir='ltr'><strong>alterius</strong></span> <span class='ocrx_word' id='word_1_59' title='bbox 1513 1162 1593 1211; x_wconf 92' lang='lat' dir='ltr'><strong>con·</strong></span> 
     </span>
     <span class='ocr_line' id='line_1_8' title="bbox 365 1252 839 1333; baseline -0.002 -16"><span class='ocrx_word' id='word_1_60' title='bbox 365 1253 553 1319; x_wconf 85' lang='lat' dir='ltr'><strong>sessionem</strong></span> <span class='ocrx_word' id='word_1_61' title='bbox 570 1252 692 1316; x_wconf 88' lang='lat' dir='ltr'><strong>audire</strong></span> <span class='ocrx_word' id='word_1_62' title='bbox 707 1259 839 1333; x_wconf 90' lang='lat' dir='ltr'><strong>posset.</strong></span> 
     </span>
    </p>

    <p class='ocr_par' dir='ltr' id='par_1_3' title="bbox 363 1358 1632 1655">
     <span class='ocr_line' id='line_1_9' title="bbox 423 1358 1595 1442; baseline 0.001 -18"><span class='ocrx_word' id='word_1_63' title='bbox 423 1358 516 1425; x_wconf 83' lang='lat'><strong>3513.</strong></span> <span class='ocrx_word' id='word_1_64' title='bbox 559 1359 711 1440; x_wconf 89' lang='lat' dir='ltr'><strong>Quidam</strong></span> <span class='ocrx_word' id='word_1_65' title='bbox 725 1376 771 1423; x_wconf 89' lang='lat' dir='ltr'><strong>ex</strong></span> <span class='ocrx_word' id='word_1_66' title='bbox 785 1360 840 1423; x_wconf 92' lang='lat' dir='ltr'><strong>bis</strong></span> <span class='ocrx_word' id='word_1_67' title='bbox 853 1358 1033 1440; x_wconf 84' lang='lat' dir='ltr'><strong>tratribus,</strong></span> <span class='ocrx_word' id='word_1_68' title='bbox 1049 1376 1131 1424; x_wconf 91' lang='lat' dir='ltr'><strong>cum</strong></span> <span class='ocrx_word' id='word_1_69' title='bbox 1150 1377 1214 1442; x_wconf 93' lang='lat' dir='ltr'><strong>per</strong></span> <span class='ocrx_word' id='word_1_70' title='bbox 1228 1360 1407 1441; x_wconf 82' lang='lat' dir='ltr'><strong>quoddam</strong></span> <span class='ocrx_word' id='word_1_71' title='bbox 1427 1359 1595 1442; x_wconf 88' lang='lat' dir='ltr'><strong>oppidum</strong></span> 
     </span>
     <span class='ocr_line' id='line_1_10' title="bbox 364 1466 1632 1548; baseline -0.006 -15"><span class='ocrx_word' id='word_1_72' title='bbox 364 1484 617 1533; x_wconf 82' lang='lat' dir='ltr'><strong>saracenorum</strong></span> <span class='ocrx_word' id='word_1_73' title='bbox 631 1466 799 1531; x_wconf 86' lang='lat' dir='ltr'><strong>transiret</strong></span> <span class='ocrx_word' id='word_1_74' title='bbox 813 1467 850 1531; x_wconf 92' lang='lat' dir='ltr'><strong>in</strong></span> <span class='ocrx_word' id='word_1_75' title='bbox 865 1466 1020 1548; x_wconf 87' lang='lat' dir='ltr'><strong>quadam</strong></span> <span class='ocrx_word' id='word_1_76' title='bbox 1034 1484 1080 1531; x_wconf 87' lang='lat' dir='ltr'><strong>ex</strong></span> <span class='ocrx_word' id='word_1_77' title='bbox 1094 1466 1149 1531; x_wconf 90' lang='lat' dir='ltr'><strong>bis</strong></span> <span class='ocrx_word' id='word_1_78' title='bbox 1163 1468 1301 1547; x_wconf 83' lang='lat' dir='ltr'><strong>insulis,</strong></span> <span class='ocrx_word' id='word_1_79' title='bbox 1319 1476 1432 1532; x_wconf 90' lang='lat' dir='ltr'><strong>totum</strong></span> <span class='ocrx_word' id='word_1_80' title='bbox 1446 1467 1533 1533; x_wconf 90' lang='lat' dir='ltr'><strong>illud</strong></span> <span class='ocrx_word' id='word_1_81' title='bbox 1546 1467 1593 1533; x_wconf 89' lang='lat' dir='ltr'><strong>ad</strong></span> <span class='ocrx_word' id='word_1_82' title='bbox 1628 1520 1632 1525; x_wconf 88' lang='lat'><strong>.</strong></span> 
     </span>
     <span class='ocr_line' id='line_1_11' title="bbox 363 1572 1451 1655; baseline -0.002 -15"><span class='ocrx_word' id='word_1_83' title='bbox 363 1576 495 1641; x_wconf 92' lang='lat' dir='ltr'><strong>Christi</strong></span> <span class='ocrx_word' id='word_1_84' title='bbox 508 1574 613 1639; x_wconf 88' lang='lat' dir='ltr'><strong>fidem</strong></span> <span class='ocrx_word' id='word_1_85' title='bbox 626 1572 789 1654; x_wconf 84' lang='lat' dir='ltr'><strong>adduxit,</strong></span> <span class='ocrx_word' id='word_1_86' title='bbox 806 1583 840 1638; x_wconf 93' lang='lat' dir='ltr'><strong>et</strong></span> <span class='ocrx_word' id='word_1_87' title='bbox 854 1574 913 1637; x_wconf 91' lang='lat' dir='ltr'><strong>hic</strong></span> <span class='ocrx_word' id='word_1_88' title='bbox 927 1576 1080 1655; x_wconf 89' lang='lat' dir='ltr'><strong>populus</strong></span> <span class='ocrx_word' id='word_1_89' title='bbox 1093 1592 1139 1639; x_wconf 85' lang='lat' dir='ltr'><strong>ex</strong></span> <span class='ocrx_word' id='word_1_90' title='bbox 1153 1573 1347 1655; x_wconf 85' lang='lat' dir='ltr'><strong>majoribus</strong></span> <span class='ocrx_word' id='word_1_91' title='bbox 1361 1582 1451 1639; x_wconf 89' lang='lat' dir='ltr'><strong>erat.</strong></span> 
     </span>
    </p>

    <p class='ocr_par' dir='ltr' id='par_1_4' title="bbox 357 1680 1592 2733">
     <span class='ocr_line' id='line_1_12' title="bbox 421 1680 1592 1762; baseline -0.002 -15"><span class='ocrx_word' id='word_1_92' title='bbox 421 1681 512 1747; x_wconf 79' lang='lat'><strong>3514.</strong></span> <span class='ocrx_word' id='word_1_93' title='bbox 555 1680 594 1746; x_wconf 90' lang='lat' dir='ltr'><strong>ln</strong></span> <span class='ocrx_word' id='word_1_94' title='bbox 609 1682 679 1746; x_wconf 89' lang='lat' dir='ltr'><strong>alio</strong></span> <span class='ocrx_word' id='word_1_95' title='bbox 693 1690 812 1747; x_wconf 88' lang='lat' dir='ltr'><strong>autem</strong></span> <span class='ocrx_word' id='word_1_96' title='bbox 826 1681 967 1761; x_wconf 85' lang='lat' dir='ltr'><strong>minori,</strong></span> <span class='ocrx_word' id='word_1_97' title='bbox 983 1681 1203 1746; x_wconf 88' lang='lat' dir='ltr'><strong>tantumdem</strong></span> <span class='ocrx_word' id='word_1_98' title='bbox 1217 1682 1316 1761; x_wconf 88' lang='lat' dir='ltr'><strong>secit;</strong></span> <span class='ocrx_word' id='word_1_99' title='bbox 1331 1680 1396 1746; x_wconf 92' lang='lat' dir='ltr'><strong>sed</strong></span> <span class='ocrx_word' id='word_1_100' title='bbox 1410 1680 1448 1745; x_wconf 91' lang='lat' dir='ltr'><strong>bi</strong></span> <span class='ocrx_word' id='word_1_101' title='bbox 1466 1688 1592 1762; x_wconf 88' lang='lat' dir='ltr'><strong>sponte</strong></span> 
     </span>
     <span class='ocr_line' id='line_1_13' title="bbox 361 1788 1591 1870; baseline -0.005 -13"><span class='ocrx_word' id='word_1_102' title='bbox 361 1809 427 1857; x_wconf 89' lang='lat' dir='ltr'><strong>sua</strong></span> <span class='ocrx_word' id='word_1_103' title='bbox 442 1789 488 1854; x_wconf 90' lang='lat' dir='ltr'><strong>ad</strong></span> <span class='ocrx_word' id='word_1_104' title='bbox 501 1788 605 1853; x_wconf 88' lang='lat' dir='ltr'><strong>fidem</strong></span> <span class='ocrx_word' id='word_1_105' title='bbox 619 1788 848 1869; x_wconf 89' lang='lat' dir='ltr'><strong>accedebant;</strong></span> <span class='ocrx_word' id='word_1_106' title='bbox 864 1789 972 1854; x_wconf 92' lang='lat' dir='ltr'><strong>immo</strong></span> <span class='ocrx_word' id='word_1_107' title='bbox 984 1788 1161 1870; x_wconf 82' lang='lat' dir='ltr'><strong>urgebant</strong></span> <span class='ocrx_word' id='word_1_108' title='bbox 1171 1788 1288 1870; x_wconf 91' lang='lat' dir='ltr'><strong>ipsum</strong></span> <span class='ocrx_word' id='word_1_109' title='bbox 1298 1788 1445 1852; x_wconf 82' lang='lat' dir='ltr'><strong>fratrem</strong></span> <span class='ocrx_word' id='word_1_110' title='bbox 1454 1799 1494 1852; x_wconf 91' lang='lat' dir='ltr'><strong>ut</strong></span> <span class='ocrx_word' id='word_1_111' title='bbox 1505 1788 1591 1869; x_wconf 92' lang='lat' dir='ltr'><strong>ipsis</strong></span> 
     </span>
     <span class='ocr_line' id='line_1_14' title="bbox 360 1895 1588 1979; baseline -0.004 -16"><span class='ocrx_word' id='word_1_112' title='bbox 360 1898 574 1979; x_wconf 87' lang='lat' dir='ltr'><strong>baptismum</strong></span> <span class='ocrx_word' id='word_1_113' title='bbox 595 1895 783 1975; x_wconf 77' lang='lat' dir='ltr'><strong>conferret3</strong></span> <span class='ocrx_word' id='word_1_114' title='bbox 804 1905 839 1960; x_wconf 93' lang='lat' dir='ltr'><strong>et</strong></span> <span class='ocrx_word' id='word_1_115' title='bbox 858 1895 938 1959; x_wconf 90' lang='lat' dir='ltr'><strong>aliis</strong></span> <span class='ocrx_word' id='word_1_116' title='bbox 956 1896 1076 1960; x_wconf 92' lang='lat' dir='ltr'><strong>multis</strong></span> <span class='ocrx_word' id='word_1_117' title='bbox 1099 1896 1137 1960; x_wconf 91' lang='lat' dir='ltr'><strong>id</strong></span> <span class='ocrx_word' id='word_1_118' title='bbox 1161 1895 1361 1977; x_wconf 90' lang='lat' dir='ltr'><strong>petentibus</strong></span> <span class='ocrx_word' id='word_1_119' title='bbox 1385 1896 1588 1976; x_wconf 80' lang='lat' dir='ltr'><strong>denegavit,</strong></span> 
     </span>
     <span class='ocr_line' id='line_1_15' title="bbox 360 2002 1588 2088; baseline -0.002 -19"><span class='ocrx_word' id='word_1_120' title='bbox 360 2005 443 2088; x_wconf 87' lang='lat' dir='ltr'><strong>quia</strong></span> <span class='ocrx_word' id='word_1_121' title='bbox 459 2004 504 2068; x_wconf 89' lang='lat' dir='ltr'><strong>ad</strong></span> <span class='ocrx_word' id='word_1_122' title='bbox 518 2004 677 2085; x_wconf 89' lang='lat' dir='ltr'><strong>ipsorum</strong></span> <span class='ocrx_word' id='word_1_123' title='bbox 691 2003 961 2067; x_wconf 90' lang='lat' dir='ltr'><strong>instructionem</strong></span> <span class='ocrx_word' id='word_1_124' title='bbox 975 2003 1191 2067; x_wconf 90' lang='lat' dir='ltr'><strong>commorari</strong></span> <span class='ocrx_word' id='word_1_125' title='bbox 1205 2003 1300 2083; x_wconf 91' lang='lat' dir='ltr'><strong>apud</strong></span> <span class='ocrx_word' id='word_1_126' title='bbox 1314 2020 1376 2067; x_wconf 91' lang='lat' dir='ltr'><strong>eos</strong></span> <span class='ocrx_word' id='word_1_127' title='bbox 1391 2002 1588 2083; x_wconf 73' lang='lat' dir='ltr'><strong>oportebaq</strong></span> 
     </span>
     <span class='ocr_line' id='line_1_16' title="bbox 359 2108 1588 2191; baseline -0.002 -15"><span class='ocrx_word' id='word_1_128' title='bbox 359 2122 394 2176; x_wconf 90' lang='lat' dir='ltr'><strong>et</strong></span> <span class='ocrx_word' id='word_1_129' title='bbox 412 2122 532 2179; x_wconf 86' lang='lat' dir='ltr'><strong>tamen</strong></span> <span class='ocrx_word' id='word_1_130' title='bbox 550 2111 594 2175; x_wconf 91' lang='lat' dir='ltr'><strong>ab</strong></span> <span class='ocrx_word' id='word_1_131' title='bbox 614 2109 813 2175; x_wconf 84' lang='lat' dir='ltr'><strong>obedientia</strong></span> <span class='ocrx_word' id='word_1_132' title='bbox 832 2110 868 2172; x_wconf 93' lang='lat' dir='ltr'><strong>in</strong></span> <span class='ocrx_word' id='word_1_133' title='bbox 888 2108 1024 2173; x_wconf 83' lang='lat' dir='ltr'><strong>Indiam</strong></span> <span class='ocrx_word' id='word_1_134' title='bbox 1047 2109 1265 2189; x_wconf 83' lang='lat' dir='ltr'><strong>mittebatur,</strong></span> <span class='ocrx_word' id='word_1_135' title='bbox 1282 2118 1322 2173; x_wconf 92' lang='lat' dir='ltr'><strong>ut</strong></span> <span class='ocrx_word' id='word_1_136' title='bbox 1343 2110 1588 2191; x_wconf 85' lang='lat' dir='ltr'><strong>operariorum</strong></span> 
     </span>
     <span class='ocr_line' id='line_1_17' title="bbox 359 2216 1588 2300; baseline -0.004 -15"><span class='ocrx_word' id='word_1_137' title='bbox 359 2218 553 2285; x_wconf 89' lang='lat' dir='ltr'><strong>subsidium</strong></span> <span class='ocrx_word' id='word_1_138' title='bbox 586 2217 793 2300; x_wconf 90' lang='lat' dir='ltr'><strong>postularet.</strong></span> <span class='ocrx_word' id='word_1_139' title='bbox 822 2216 1031 2281; x_wconf 86' lang='lat' dir='ltr'><strong>Affirmabat</strong></span> <span class='ocrx_word' id='word_1_140' title='bbox 1064 2216 1158 2281; x_wconf 93' lang='lat' dir='ltr'><strong>idem</strong></span> <span class='ocrx_word' id='word_1_141' title='bbox 1190 2234 1299 2298; x_wconf 87' lang='lat' dir='ltr'><strong>supra</strong></span> <span class='ocrx_word' id='word_1_142' title='bbox 1332 2216 1588 2299; x_wconf 82' lang='lat' dir='ltr'><strong>quinquaginta</strong></span> 
     </span>
     <span class='ocr_line' id='line_1_18' title="bbox 358 2322 1588 2407; baseline -0.003 -15"><span class='ocrx_word' id='word_1_143' title='bbox 358 2328 468 2392; x_wconf 91' lang='lat' dir='ltr'><strong>millia</strong></span> <span class='ocrx_word' id='word_1_144' title='bbox 491 2325 767 2407; x_wconf 87' lang='lat' dir='ltr'><strong>christianorum</strong></span> <span class='ocrx_word' id='word_1_145' title='bbox 786 2324 824 2387; x_wconf 90' lang='lat' dir='ltr'><strong>in</strong></span> <span class='ocrx_word' id='word_1_146' title='bbox 844 2323 994 2389; x_wconf 90' lang='lat' dir='ltr'><strong>Malueis</strong></span> <span class='ocrx_word' id='word_1_147' title='bbox 1010 2322 1085 2404; x_wconf 85' lang='lat' dir='ltr'><strong>jam</strong></span> <span class='ocrx_word' id='word_1_148' title='bbox 1104 2340 1202 2403; x_wconf 86' lang='lat' dir='ltr'><strong>esse,</strong></span> <span class='ocrx_word' id='word_1_149' title='bbox 1223 2333 1258 2388; x_wconf 90' lang='lat' dir='ltr'><strong>et</strong></span> <span class='ocrx_word' id='word_1_150' title='bbox 1277 2324 1418 2405; x_wconf 91' lang='lat' dir='ltr'><strong>quidem</strong></span> <span class='ocrx_word' id='word_1_151' title='bbox 1439 2323 1483 2388; x_wconf 93' lang='lat' dir='ltr'><strong>de</strong></span> <span class='ocrx_word' id='word_1_152' title='bbox 1504 2324 1588 2388; x_wconf 87' lang='lat' dir='ltr'><strong>Am·</strong></span> 
     </span>
     <span class='ocr_line' id='line_1_19' title="bbox 357 2416 1587 2514; baseline -0.004 -14"><span class='ocrx_word' id='word_1_153' title='bbox 357 2436 463 2500; x_wconf 93' lang='lat' dir='ltr'><strong>boino</strong></span> <span class='ocrx_word' id='word_1_154' title='bbox 477 2443 512 2499; x_wconf 91' lang='lat' dir='ltr'><strong>et</strong></span> <span class='ocrx_word' id='word_1_155' title='bbox 527 2431 858 2514; x_wconf 87' lang='lat' dir='ltr'><strong>circumjacentibus</strong></span> <span class='ocrx_word' id='word_1_156' title='bbox 872 2416 997 2496; x_wconf 89' lang='lat' dir='ltr'><strong>insulis</strong></span> <span class='ocrx_word' id='word_1_157' title='bbox 1011 2431 1047 2495; x_wconf 92' lang='lat' dir='ltr'><strong>id</strong></span> <span class='ocrx_word' id='word_1_158' title='bbox 1061 2431 1291 2512; x_wconf 83' lang='lat' dir='ltr'><strong>intelligebat,</strong></span> <span class='ocrx_word' id='word_1_159' title='bbox 1308 2440 1343 2495; x_wconf 93' lang='lat' dir='ltr'><strong>et</strong></span> <span class='ocrx_word' id='word_1_160' title='bbox 1357 2447 1448 2512; x_wconf 92' lang='lat' dir='ltr'><strong>quos</strong></span> <span class='ocrx_word' id='word_1_161' title='bbox 1460 2432 1537 2511; x_wconf 91' lang='lat' dir='ltr'><strong>ipse</strong></span> <span class='ocrx_word' id='word_1_162' title='bbox 1550 2431 1587 2495; x_wconf 92' lang='lat' dir='ltr'><strong>in</strong></span> 
     </span>
     <span class='ocr_line' id='line_1_20' title="bbox 358 2538 1584 2619; baseline -0.005 -12"><span class='ocrx_word' id='word_1_163' title='bbox 358 2543 489 2608; x_wconf 91' lang='lat' dir='ltr'><strong>ultimis</strong></span> <span class='ocrx_word' id='word_1_164' title='bbox 509 2540 645 2605; x_wconf 90' lang='lat' dir='ltr'><strong>duobus</strong></span> <span class='ocrx_word' id='word_1_165' title='bbox 664 2540 752 2603; x_wconf 93' lang='lat' dir='ltr'><strong>locis</strong></span> <span class='ocrx_word' id='word_1_166' title='bbox 771 2538 967 2619; x_wconf 87' lang='lat' dir='ltr'><strong>baptizavit</strong></span> <span class='ocrx_word' id='word_1_167' title='bbox 986 2538 1080 2601; x_wconf 93' lang='lat' dir='ltr'><strong>mille</strong></span> <span class='ocrx_word' id='word_1_168' title='bbox 1095 2546 1129 2602; x_wconf 93' lang='lat' dir='ltr'><strong>et</strong></span> <span class='ocrx_word' id='word_1_169' title='bbox 1144 2538 1294 2604; x_wconf 91' lang='lat' dir='ltr'><strong>trecenti</strong></span> <span class='ocrx_word' id='word_1_170' title='bbox 1307 2554 1456 2603; x_wconf 87' lang='lat' dir='ltr'><strong>numero</strong></span> <span class='ocrx_word' id='word_1_171' title='bbox 1470 2545 1584 2615; x_wconf 88' lang='lat' dir='ltr'><strong>erant,</strong></span> 
     </span>
     <span class='ocr_line' id='line_1_21' title="bbox 358 2642 1101 2733; baseline -0.008 -16"><span class='ocrx_word' id='word_1_172' title='bbox 358 2667 508 2733; x_wconf 92' lang='lat' dir='ltr'><strong>quorum</strong></span> <span class='ocrx_word' id='word_1_173' title='bbox 521 2648 666 2714; x_wconf 91' lang='lat' dir='ltr'><strong>nomina</strong></span> <span class='ocrx_word' id='word_1_174' title='bbox 680 2648 718 2712; x_wconf 90' lang='lat' dir='ltr'><strong>in</strong></span> <span class='ocrx_word' id='word_1_175' title='bbox 732 2645 861 2712; x_wconf 89' lang='lat' dir='ltr'><strong>librum</strong></span> <span class='ocrx_word' id='word_1_176' title='bbox 874 2643 1063 2727; x_wconf 89' lang='lat' dir='ltr'><strong>redegerat</strong></span> <span class='ocrx_word' id='word_1_177' title='bbox 1080 2642 1101 2711; x_wconf 86' lang='lat'><strong>¹.</strong></span> 
     </span>
    </p>

    <p class='ocr_par' dir='ltr' id='par_1_5' title="bbox 321 2753 1583 3682">
     <span class='ocr_line' id='line_1_22' title="bbox 416 2753 1583 2836; baseline -0.004 -14"><span class='ocrx_word' id='word_1_178' title='bbox 416 2757 506 2822; x_wconf 84' lang='lat'><strong>3515.</strong></span> <span class='ocrx_word' id='word_1_179' title='bbox 549 2755 743 2821; x_wconf 86' lang='lat' dir='ltr'><strong>Fatebatur</strong></span> <span class='ocrx_word' id='word_1_180' title='bbox 757 2763 875 2819; x_wconf 90' lang='lat' dir='ltr'><strong>autem</strong></span> <span class='ocrx_word' id='word_1_181' title='bbox 889 2754 931 2834; x_wconf 88' lang='lat' dir='ltr'><strong>is,</strong></span> <span class='ocrx_word' id='word_1_182' title='bbox 948 2753 1042 2836; x_wconf 91' lang='lat' dir='ltr'><strong>quod</strong></span> <span class='ocrx_word' id='word_1_183' title='bbox 1056 2771 1098 2819; x_wconf 90' lang='lat' dir='ltr'><strong>eo</strong></span> <span class='ocrx_word' id='word_1_184' title='bbox 1112 2762 1283 2836; x_wconf 89' lang='lat' dir='ltr'><strong>tempore,</strong></span> <span class='ocrx_word' id='word_1_185' title='bbox 1296 2771 1366 2834; x_wconf 91' lang='lat' dir='ltr'><strong>quo</strong></span> <span class='ocrx_word' id='word_1_186' title='bbox 1376 2754 1413 2818; x_wconf 92' lang='lat' dir='ltr'><strong>in</strong></span> <span class='ocrx_word' id='word_1_187' title='bbox 1423 2753 1583 2820; x_wconf 88' lang='lat' dir='ltr'><strong>remotis·</strong></span> 
     </span>
     <span class='ocr_line' id='line_1_23' title="bbox 356 2860 1582 2943; baseline -0.006 -12"><span class='ocrx_word' id='word_1_188' title='bbox 356 2866 455 2931; x_wconf 89' lang='lat' dir='ltr'><strong>simis</strong></span> <span class='ocrx_word' id='word_1_189' title='bbox 468 2865 537 2928; x_wconf 90' lang='lat' dir='ltr'><strong>illis</strong></span> <span class='ocrx_word' id='word_1_190' title='bbox 551 2863 638 2927; x_wconf 93' lang='lat' dir='ltr'><strong>locis</strong></span> <span class='ocrx_word' id='word_1_191' title='bbox 652 2871 786 2943; x_wconf 86' lang='lat' dir='ltr'><strong>ageret,</strong></span> <span class='ocrx_word' id='word_1_192' title='bbox 801 2878 869 2926; x_wconf 87' lang='lat' dir='ltr'><strong>nec</strong></span> <span class='ocrx_word' id='word_1_193' title='bbox 884 2860 980 2926; x_wconf 87' lang='lat' dir='ltr'><strong>aliud</strong></span> <span class='ocrx_word' id='word_1_194' title='bbox 994 2860 1141 2925; x_wconf 91' lang='lat' dir='ltr'><strong>baberet</strong></span> <span class='ocrx_word' id='word_1_195' title='bbox 1155 2861 1249 2943; x_wconf 93' lang='lat' dir='ltr'><strong>quod</strong></span> <span class='ocrx_word' id='word_1_196' title='bbox 1261 2862 1463 2926; x_wconf 88' lang='lat' dir='ltr'><strong>comederet</strong></span> <span class='ocrx_word' id='word_1_197' title='bbox 1476 2876 1582 2942; x_wconf 89' lang='lat' dir='ltr'><strong>quam</strong></span> 
     </span>
     <span class='ocr_line' id='line_1_24' title="bbox 354 2967 1581 3050; baseline -0.004 -13"><span class='ocrx_word' id='word_1_198' title='bbox 354 2973 443 3037; x_wconf 91' lang='lat' dir='ltr'><strong>ficus</strong></span> <span class='ocrx_word' id='word_1_199' title='bbox 460 2972 581 3035; x_wconf 87' lang='lat' dir='ltr'><strong>aridas</strong></span> <span class='ocrx_word' id='word_1_200' title='bbox 597 2986 709 3049; x_wconf 84' lang='lat' dir='ltr'><strong>assas,</strong></span> <span class='ocrx_word' id='word_1_201' title='bbox 733 2985 799 3050; x_wconf 88' lang='lat' dir='ltr'><strong>pro</strong></span> <span class='ocrx_word' id='word_1_202' title='bbox 820 2985 919 3032; x_wconf 89' lang='lat' dir='ltr'><strong>more</strong></span> <span class='ocrx_word' id='word_1_203' title='bbox 940 2967 1036 3032; x_wconf 91' lang='lat' dir='ltr'><strong>illius</strong></span> <span class='ocrx_word' id='word_1_204' title='bbox 1053 2967 1182 3048; x_wconf 88' lang='lat' dir='ltr'><strong>gentis,</strong></span> <span class='ocrx_word' id='word_1_205' title='bbox 1206 2977 1281 3032; x_wconf 90' lang='lat' dir='ltr'><strong>tum</strong></span> <span class='ocrx_word' id='word_1_206' title='bbox 1303 2969 1581 3050; x_wconf 88' lang='lat' dir='ltr'><strong>consolationem</strong></span> 
     </span>
     <span class='ocr_line' id='line_1_25' title="bbox 355 3074 1583 3162; baseline -0.005 -17"><span class='ocrx_word' id='word_1_207' title='bbox 355 3079 574 3162; x_wconf 88' lang='lat' dir='ltr'><strong>spiritualem</strong></span> <span class='ocrx_word' id='word_1_208' title='bbox 592 3077 793 3141; x_wconf 89' lang='lat' dir='ltr'><strong>uberiorem</strong></span> <span class='ocrx_word' id='word_1_209' title='bbox 812 3084 847 3139; x_wconf 92' lang='lat' dir='ltr'><strong>et</strong></span> <span class='ocrx_word' id='word_1_210' title='bbox 865 3074 1104 3140; x_wconf 88' lang='lat' dir='ltr'><strong>valetudinem</strong></span> <span class='ocrx_word' id='word_1_211' title='bbox 1119 3075 1227 3140; x_wconf 88' lang='lat' dir='ltr'><strong>etiam</strong></span> <span class='ocrx_word' id='word_1_212' title='bbox 1240 3075 1356 3157; x_wconf 85' lang='lat' dir='ltr'><strong>magis</strong></span> <span class='ocrx_word' id='word_1_213' title='bbox 1374 3092 1583 3157; x_wconf 90' lang='lat' dir='ltr'><strong>prosperam</strong></span> 
     </span>
     <span class='ocr_line' id='line_1_26' title="bbox 321 3181 1582 3265; baseline -0.006 -12"><span class='ocrx_word' id='word_1_214' title='bbox 321 3191 323 3195; x_wconf 80' lang='grc'><strong>’</strong></span> <span class='ocrx_word' id='word_1_215' title='bbox 353 3186 539 3253; x_wconf 87' lang='lat' dir='ltr'><strong>sentiebat.</strong></span> <span class='ocrx_word' id='word_1_216' title='bbox 555 3184 623 3249; x_wconf 92' lang='lat' dir='ltr'><strong>Hic</strong></span> <span class='ocrx_word' id='word_1_217' title='bbox 640 3185 717 3265; x_wconf 89' lang='lat' dir='ltr'><strong>ipse</strong></span> <span class='ocrx_word' id='word_1_218' title='bbox 734 3183 858 3264; x_wconf 82' lang='lat' dir='ltr'><strong>irater,</strong></span> <span class='ocrx_word' id='word_1_219' title='bbox 880 3201 902 3247; x_wconf 92' lang='lat' dir='ltr'><strong>a</strong></span> <span class='ocrx_word' id='word_1_220' title='bbox 922 3182 1134 3264; x_wconf 89' lang='lat' dir='ltr'><strong>quibusdam</strong></span> <span class='ocrx_word' id='word_1_221' title='bbox 1152 3183 1289 3247; x_wconf 91' lang='lat' dir='ltr'><strong>insulae</strong></span> <span class='ocrx_word' id='word_1_222' title='bbox 1304 3182 1424 3248; x_wconf 91' lang='lat' dir='ltr'><strong>Gilioli</strong></span> <span class='ocrx_word' id='word_1_223' title='bbox 1437 3181 1582 3255; x_wconf 84' lang='lat' dir='ltr'><strong>homini·</strong></span> 
     </span>
     <span class='ocr_line' id='line_1_27' title="bbox 353 3288 1581 3375; baseline -0.005 -16"><span class='ocrx_word' id='word_1_224' title='bbox 353 3296 418 3360; x_wconf 90' lang='lat' dir='ltr'><strong>bus</strong></span> <span class='ocrx_word' id='word_1_225' title='bbox 437 3302 574 3375; x_wconf 76' lang='lat' dir='ltr'><strong>captuS,</strong></span> <span class='ocrx_word' id='word_1_226' title='bbox 595 3292 642 3356; x_wconf 90' lang='lat' dir='ltr'><strong>ad</strong></span> <span class='ocrx_word' id='word_1_227' title='bbox 660 3289 796 3371; x_wconf 88' lang='lat' dir='ltr'><strong>Regem</strong></span> <span class='ocrx_word' id='word_1_228' title='bbox 815 3291 932 3371; x_wconf 92' lang='lat' dir='ltr'><strong>ipsum</strong></span> <span class='ocrx_word' id='word_1_229' title='bbox 953 3289 1021 3371; x_wconf 92' lang='lat' dir='ltr'><strong>ipsi</strong></span> <span class='ocrx_word' id='word_1_230' title='bbox 1042 3288 1323 3354; x_wconf 89' lang='lat' dir='ltr'><strong>inimicissimum</strong></span> <span class='ocrx_word' id='word_1_231' title='bbox 1344 3288 1581 3368; x_wconf 83' lang='lat' dir='ltr'><strong>deferebatur;</strong></span> 
     </span>
     <span class='ocr_line' id='line_1_28' title="bbox 353 3395 1580 3482; baseline -0.005 -16"><span class='ocrx_word' id='word_1_232' title='bbox 353 3401 415 3467; x_wconf 90' lang='lat' dir='ltr'><strong>sed</strong></span> <span class='ocrx_word' id='word_1_233' title='bbox 435 3418 516 3465; x_wconf 85' lang='lat' dir='ltr'><strong>curn</strong></span> <span class='ocrx_word' id='word_1_234' title='bbox 534 3397 799 3482; x_wconf 87' lang='lat' dir='ltr'><strong>supervenisset</strong></span> <span class='ocrx_word' id='word_1_235' title='bbox 818 3395 897 3461; x_wconf 84' lang='lat' dir='ltr'><strong>Rex</strong></span> <span class='ocrx_word' id='word_1_236' title='bbox 916 3395 1131 3461; x_wconf 76' lang='lat' dir='ltr'><strong>tarnatensis</strong></span> <span class='ocrx_word' id='word_1_237' title='bbox 1151 3413 1232 3460; x_wconf 92' lang='lat' dir='ltr'><strong>cum</strong></span> <span class='ocrx_word' id='word_1_238' title='bbox 1250 3397 1413 3460; x_wconf 87' lang='lat' dir='ltr'><strong>lusitanis</strong></span> <span class='ocrx_word' id='word_1_239' title='bbox 1435 3396 1580 3461; x_wconf 90' lang='lat' dir='ltr'><strong>homini·</strong></span> 
     </span>
     <span class='ocr_line' id='line_1_29' title="bbox 351 3498 1581 3590; baseline -0.006 -15"><span class='ocrx_word' id='word_1_240' title='bbox 351 3510 428 3590; x_wconf 88' lang='lat' dir='ltr'><strong>bus,</strong></span> <span class='ocrx_word' id='word_1_241' title='bbox 445 3509 496 3573; x_wconf 93' lang='lat' dir='ltr'><strong>illi</strong></span> <span class='ocrx_word' id='word_1_242' title='bbox 509 3507 713 3589; x_wconf 89' lang='lat' dir='ltr'><strong>giliolenses</strong></span> <span class='ocrx_word' id='word_1_243' title='bbox 728 3498 908 3570; x_wconf 85' lang='lat' dir='ltr'><strong>hominem</strong></span> <span class='ocrx_word' id='word_1_244' title='bbox 922 3503 1071 3568; x_wconf 89' lang='lat' dir='ltr'><strong>liberum</strong></span> <span class='ocrx_word' id='word_1_245' title='bbox 1085 3503 1319 3585; x_wconf 89' lang='lat' dir='ltr'><strong>reliquerunt:</strong></span> <span class='ocrx_word' id='word_1_246' title='bbox 1336 3513 1371 3568; x_wconf 92' lang='lat' dir='ltr'><strong>et</strong></span> <span class='ocrx_word' id='word_1_247' title='bbox 1385 3503 1436 3570; x_wconf 88' lang='lat' dir='ltr'><strong>ita</strong></span> <span class='ocrx_word' id='word_1_248' title='bbox 1449 3504 1494 3568; x_wconf 93' lang='lat' dir='ltr'><strong>de</strong></span> <span class='ocrx_word' id='word_1_249' title='bbox 1509 3521 1581 3569; x_wconf 92' lang='lat' dir='ltr'><strong>ma·</strong></span> 
     </span>
     <span class='ocr_line' id='line_1_30' title="bbox 351 3612 869 3682; baseline -0.008 -1"><span class='ocrx_word' id='word_1_250' title='bbox 351 3617 456 3682; x_wconf 88' lang='lat' dir='ltr'><strong>nibus</strong></span> <span class='ocrx_word' id='word_1_251' title='bbox 470 3631 594 3680; x_wconf 90' lang='lat' dir='ltr'><strong>eorum</strong></span> <span class='ocrx_word' id='word_1_252' title='bbox 607 3613 673 3677; x_wconf 88' lang='lat' dir='ltr'><strong>suit</strong></span> <span class='ocrx_word' id='word_1_253' title='bbox 687 3612 869 3677; x_wconf 89' lang='lat' dir='ltr'><strong>liberatus.</strong></span> 
     </span>
    </p>

    <p class='ocr_par' dir='ltr' id='par_1_6' title="bbox 411 3719 797 3789">
     <span class='ocr_line' id='line_1_31' title="bbox 411 3719 797 3789; baseline -0.018 0"><span class='ocrx_word' id='word_1_254' title='bbox 411 3723 457 3789; x_wconf 92' lang='lat' dir='ltr'><strong>Et</strong></span> <span class='ocrx_word' id='word_1_255' title='bbox 471 3722 561 3788; x_wconf 86' lang='lat' dir='ltr'><strong>haec</strong></span> <span class='ocrx_word' id='word_1_256' title='bbox 576 3722 620 3786; x_wconf 91' lang='lat' dir='ltr'><strong>de</strong></span> <span class='ocrx_word' id='word_1_257' title='bbox 634 3719 797 3785; x_wconf 91' lang='lat' dir='ltr'><strong>Malucis.</strong></span> 
     </span>
    </p>
   </div>
   <div class='ocr_carea' id='block_1_3' title="bbox 351 3899 563 3913">
    <p class='ocr_par' dir='ltr' id='par_1_7' title="bbox 351 3899 563 3913">
     <span class='ocr_line' id='line_1_32' title="bbox 351 3899 563 3913; baseline -0.014 0"><span class='ocrx_word' id='word_1_258' title='bbox 351 3899 563 3913; x_wconf 47' lang='grc' dir='ltr'><strong>ψ</strong></span> 
     </span>
    </p>
   </div>
   <div class='ocr_carea' id='block_1_4' title="bbox 349 3995 1579 4130">
    <p class='ocr_par' dir='ltr' id='par_1_8' title="bbox 349 3995 1579 4130">
     <span class='ocr_line' id='line_1_33' title="bbox 390 3995 1579 4059; baseline -0.003 -11"><span class='ocrx_word' id='word_1_259' title='bbox 390 4003 399 4038; x_wconf 83' lang='lat'><strong>¹</strong></span> <span class='ocrx_word' id='word_1_260' title='bbox 427 4001 514 4048; x_wconf 77' lang='lat' dir='ltr'><strong>“Unus</strong></span> <span class='ocrx_word' id='word_1_261' title='bbox 522 4002 576 4059; x_wconf 79' lang='lat' dir='ltr'><strong>lpse</strong></span> <span class='ocrx_word' id='word_1_262' title='bbox 587 3997 853 4056; x_wconf 77' lang='lat' dir='ltr'><strong>[Nicolnusllunnlut]</strong></span> <span class='ocrx_word' id='word_1_263' title='bbox 863 3999 1074 4056; x_wconf 76' lang='lat' dir='ltr'><strong>baptismomllle</strong></span> <span class='ocrx_word' id='word_1_264' title='bbox 1084 4003 1274 4044; x_wconf 73' lang='lat' dir='ltr'><strong>trecentorum</strong></span> <span class='ocrx_word' id='word_1_265' title='bbox 1283 4007 1362 4044; x_wconf 75' lang='lat' dir='ltr'><strong>manu</strong></span> <span class='ocrx_word' id='word_1_266' title='bbox 1371 4000 1521 4056; x_wconf 72' lang='lat' dir='ltr'><strong>lustravit..</strong></span> <span class='ocrx_word' id='word_1_267' title='bbox 1530 3995 1579 4045; x_wconf 76' lang='lat' dir='ltr'><strong>Oa·</strong></span> 
     </span>
     <span class='ocr_line' id='line_1_34' title="bbox 349 4070 736 4130; baseline -0.008 -9"><span class='ocrx_word' id='word_1_268' title='bbox 349 4085 464 4130; x_wconf 75' lang='lat' dir='ltr'><strong>aarum,</strong></span> <span class='ocrx_word' id='word_1_269' title='bbox 474 4075 492 4120; x_wconf 81' lang='lat'><strong>1.</strong></span> <span class='ocrx_word' id='word_1_270' title='bbox 503 4087 535 4129; x_wconf 71' lang='lat' dir='ltr'><strong>c„</strong></span> <span class='ocrx_word' id='word_1_271' title='bbox 543 4075 588 4119; x_wconf 88' lang='lat' dir='ltr'><strong>lib.</strong></span> <span class='ocrx_word' id='word_1_272' title='bbox 598 4081 654 4130; x_wconf 82' lang='lat' dir='ltr'><strong>xvt,</strong></span> <span class='ocrx_word' id='word_1_273' title='bbox 665 4082 691 4116; x_wconf 87' lang='lat' dir='ltr'><strong>n.</strong></span> <span class='ocrx_word' id='word_1_274' title='bbox 700 4070 736 4118; x_wconf 73' lang='lat'><strong>8³.</strong></span> 
     </span>
    </p>
   </div>
   <div class='ocr_carea' id='block_1_5' title="bbox 0 0 1826 5350">
    <p class='ocr_par' dir='ltr' id='par_1_9' title="bbox 0 0 1826 5350">
     <span class='ocr_line' id='line_1_35' title="bbox 0 0 1826 5350; baseline 0 9"><span class='ocrx_word' id='word_1_275' title='bbox 0 0 1826 5350; x_wconf 95' lang='lat' dir='ltr'><strong> </strong></span> 
     </span>
    </p>
   </div>
  </div>
 </body>
</html>
