3642 5350
797 418 861 476 Au.
884 419 957 479 1556
1435 419 1488 478 t7t

317 561 413 625 2025.
462 562 605 641 Infirmi,
629 564 688 643 qui
708 564 745 627 in
765 564 916 644 privatis
938 563 1101 627 domibus
1117 563 1392 641 decumbebant,
1414 581 1495 627 sae-

259 688 303 751 pe
318 678 461 733 nostros
476 668 666 733 confitendi
682 670 800 749 gratia
817 670 1061 749 accersebant,
1076 681 1111 733 et
1126 669 1272 749 quidam
1290 688 1336 733 ex
1354 670 1424 733 illis
1442 671 1494 733 di·

261 777 371 839 tiores
384 777 489 839 enixe
503 776 681 840 interdum
695 776 883 856 rogabant,
900 786 939 839 ut
957 777 1117 857 ipsorum
1142 777 1286 841 nomine
1300 777 1494 858 eleemosy-

261 900 328 947 nas
342 884 557 964 pauperibus
571 884 832 961 distribuerent;
850 894 885 948 et
897 885 978 949 inde
989 884 1185 963 accidebat,
1199 896 1238 947 ut
1250 902 1357 965 saepe
1372 902 1394 946 a
1409 902 1494 965 pau·

262 991 405 1072 peribus
419 992 741 1072 interpellarentur.

321 1095 413 1161 2026.
455 1098 1492 1181 Juvenisquidam,vigintiquatuorannosnatuS,quiprae·

260 1214 315 1269 ter
329 1206 602 1285 grammaticam
613 1205 685 1286 juri
700 1207 796 1269 civili
811 1224 958 1288 operam
972 1207 1130 1283 dederat,
1146 1216 1336 1288 postquam
1356 1207 1490 1287 aliquot

261 1312 439 1375 mensibus
456 1311 492 1376 P.
509 1312 677 1391 Quintino
693 1314 853 1378 confiteri
866 1324 1175 1395 perseveraverat,
1192 1312 1363 1378 Societati
1378 1330 1416 1377 se
1433 1313 1497 1377 ad·

261 1419 378 1482 dicere
394 1419 555 1497 instituit,
573 1430 608 1482 et
622 1436 694 1483 non
714 1420 902 1484 mediocris
922 1421 999 1501 spei
1016 1438 1096 1484 esse
1111 1420 1309 1485 videbatur.
1332 1420 1490 1501 Jacobus

261 1526 419 1605 BagiviS,
434 1526 631 1606 burgensis
644 1526 828 1591 dicebatur
843 1526 862 1591 ¹.
874 1526 976 1591 Alius
990 1528 1099 1591 etiam
1112 1527 1277 1606 Lovanii,
1295 1528 1331 1591 in
1350 1529 1488 1591 artibus

261 1641 455 1714 promotus
472 1634 518 1697 ad
534 1634 704 1697 exercitia
724 1633 922 1714 spiritualia
941 1644 1022 1715 post
1041 1634 1278 1713 Epiphaniam
1298 1634 1486 1711 admissus

262 1740 370 1803 etiam
395 1741 550 1821 priorem
575 1741 673 1804 illum
697 1750 867 1821 sequutus
884 1751 954 1819 est,
980 1742 1070 1805 duos
1094 1759 1203 1821 supra
1227 1742 1357 1821 viginti
1378 1758 1497 1805 annos

263 1856 382 1926 natuS,
400 1864 502 1927 quem
516 1846 666 1911 Romam
678 1848 887 1912 mittendum
898 1848 1013 1928 primo
1027 1866 1112 1912 vere
1124 1846 1162 1911 P.
1176 1848 1366 1928 Quintinus
1376 1849 1497 1911 existi·

263 1955 397 2018 mabat.
524 2036 527 2045 ,

323 2061 414 2126 2027.
458 2062 536 2126 Hac
561 2063 639 2143 ipsa
666 2063 950 2143 Quadragesima
968 2063 1175 2127 Ludovicus
1196 2062 1349 2141 BlosiuS,
1372 2062 1499 2126 Abbas

264 2170 474 2233 monasterii
501 2170 716 2249 Laetiensis,
743 2187 912 2250 magnum
937 2170 1152 2234 desiderium
1176 2170 1305 2233 litteris
1329 2170 1423 2248 suiS,
1449 2169 1498 2232 ad

263 2274 300 2340 P.
319 2276 495 2356 ignatium
515 2278 644 2355 missis,
662 2277 814 2341 ostendit
830 2289 867 2341 ut
883 2278 920 2340 in
935 2278 1138 2343 inferiorem
1154 2278 1251 2340 illam
1266 2276 1498 2341 Germaniam

261 2384 415 2463 operarii
430 2382 618 2448 Societatis
633 2385 853 2448 destinentur
865 2384 890 2463 ',
903 2394 940 2448 et
950 2386 1031 2448 acui
1046 2384 1267 2464 praedictum
1280 2383 1497 2448 desiderium

261 2492 464 2569 praesentia
484 2500 703 2566 nostrorum,
724 2492 784 2572 qui
803 2491 955 2555 Lovanii
977 2502 1011 2556 et
1030 2491 1185 2555 'fornaci
1200 2490 1394 2570 degebant3
1420 2493 1496 2569 qui,

262 2598 344 2660 licet
357 2615 504 2662 numero
521 2599 725 2679 paucissimi
739 2608 869 2677 essent,
887 2608 1070 2661 strenuam
1084 2596 1275 2662 admodum
1297 2613 1443 2678 operam
1459 2598 1496 2659 in

262 2706 458 2770 excolenda
479 2705 622 2769 Domini
642 2707 747 2769 vinea
768 2707 961 2783 navabant,
982 2724 1048 2770 nec
1070 2707 1146 2769 sine
1171 2721 1354 2784 successu,
1383 2721 1496 2784 usque

229 2859 230 2862 ¹
262 2810 364 2888 ade0,
381 2823 420 2876 ut
435 2814 492 2876 vel
507 2814 583 2876 sola
599 2830 720 2876 eorum
735 2814 842 2890 fama,
859 2814 960 2876 multi
974 2813 1022 2876 ad
1034 2813 1215 2876 meliorem
1231 2821 1385 2875 mentem
1405 2812 1496 2874 redi·

262 2927 341 2981 rent
366 2928 399 2982 et
418 2919 552 2983 Christi
574 2937 686 2983 suave
702 2918 825 2998 jugum
846 2920 1016 2984 subirent.
1039 2919 1130 2983 Etsi
1154 2917 1267 2998 major
1291 2918 1491 2998 hujusmodi

264 3027 509 3105 operariorum
524 3043 692 3089 numerus
706 3038 811 3104 esset,
825 3027 927 3090 brevi
940 3044 1012 3089 non
1023 3026 1239 3089 mediocrem
1250 3024 1431 3090 Ecclesiae
1441 3041 1495 3088 re-

262 3132 521 3210 formationem,
538 3132 643 3213 idque
659 3130 755 3214 [non]
771 3133 808 3196 in
823 3132 1075 3196 ecclesiasticis
1089 3133 1204 3196 solum
1218 3132 1333 3195 sedin
1354 3134 1488 3197 secula·

262 3238 360 3302 ribus
374 3241 483 3303 etiam
502 3248 577 3303 tum
598 3239 745 3320 plebejis
765 3251 838 3303 tum
859 3240 1036 3304 nobilibus
1053 3241 1232 3320 sperabat,
1248 3251 1283 3302 et
1306 3241 1355 3302 ita
1375 3256 1441 3304 suo
1460 3249 1497 3302 et

261 3347 412 3409 aliorum
427 3347 829 3426 religiosorumpomine
841 3345 880 3410 Ρ.
897 3325 1076 3426 Ignatium
1088 3347 1253 3426 rogabat,
1266 3358 1306 3408 ut
1317 3345 1499 3426 operario·

262 3470 342 3517 rum
358 3471 543 3517 numerum
558 3465 716 3534 augeret.

322 3559 414 3623 2028.
457 3559 668 3624 Recesserat
683 3561 844 3624 Lovanio
861 3559 899 3624 P.
916 3559 1133 3638 Bernardus,
1150 3569 1186 3623 et
1205 3577 1287 3624 cum
1304 3557 1497 3639 jubilaeum

265 3665 482 3746 publicatum
494 3667 766 3748 Tornaciesset,
780 3684 950 3746 magnam
962 3667 1218 3746 poenitentium
1231 3683 1382 3730 messem
1394 3665 1499 3728 simul

266 3789 347 3837 cum
362 3774 441 3837 aliis
455 3773 589 3838 habuit.
607 3773 727 3838 Bonus
742 3782 861 3836 tamen
883 3771 989 3836 Pater
1005 3772 1196 3853 Quintinus
1212 3791 1257 3836 ex
1270 3773 1389 3836 nimiis
1403 3772 1500 3835 labo·

265 3879 363 3944 ribus
378 3898 457 3944 eum
469 3881 628 3944 dolorem
640 3881 767 3961 capitis
779 3890 1022 3960 contraxerat,
1036 3889 1074 3943 ut
1089 3879 1178 3943 nibil
1191 3881 1224 3942 ei
1239 3878 1278 3943 P.
1293 3878 1502 3943 Bernardus

264 3986 395 4050 laboris
421 3988 539 4050 subire
564 3987 794 4067 permitteret.
822 3985 989 4066 Rogabat
1010 3994 1131 4050 autem
1153 3984 1191 4049 Ρ.
1211 3984 1500 4066 Ribadeneyram

262 4093 356 4157 idem
370 4093 585 4171 BernarduS,
602 4105 641 4158 ut
662 4093 865 4158 Tornacum
885 4093 1074 4157 accederet
1093 4101 1127 4156 et
1148 4091 1291 4171 juvaret
1306 4091 1344 4156 Ρ.
1361 4091 1497 4172 Quinti·

263 4217 346 4264 num
369 4202 414 4265 ad
436 4201 660 4265 condendum
685 4210 948 4264 testamentum.
974 4199 1043 4264 Ivit
1068 4211 1186 4264 autem
1214 4218 1257 4263 eo
1284 4199 1499 4263 cumfratre

260 4305 456 4372 Francisco
468 4307 652 4388 Ghiraldo,
662 4318 696 4372 et
709 4324 878 4388 maguam
890 4307 1010 4371 retulit
1022 4309 1305 4372 consolationem
1316 4325 1362 4372 ex
1373 4325 1498 4371 eorum

304 4513 311 4546 ¹
341 4511 380 4556 De
391 4523 421 4556 eu
431 4514 551 4568 nuperius
561 4514 659 4558 dietum
670 4517 719 4565 est,
729 4521 755 4555 n.
767 4511 828 4555 iseo.

301 4583 314 4616 ¹
341 4583 409 4628 Vlde
427 4583 474 4629 Stl.
485 4585 580 4640 Ignatii
597 4595 749 4639 responsum
765 4583 790 4627 ln
809 4583 904 4627 Curius
921 4583 956 4626 de
971 4581 1027 4626 San
1042 4581 1161 4636 lauacro,
1175 4592 1194 4626 t.
1214 4594 1248 4638 vr,
1258 4595 1319 4639 pag.
1335 4583 1384 4638 ³²⁴3
1399 4594 1504 4628 necnon

261 4667 329 4710 quae
339 4665 419 4710 supra
430 4655 501 4701 dicta
510 4665 578 4712 nunt,
589 4667 613 4701 n.
625 4657 688 4700 issa.
