3642 5350
788 385 853 446 Art.
874 385 945 446 1556
1427 380 1481 440 727

250 533 527 598 confirmationis
537 532 780 613 intellexisset,
793 532 874 599 licet
888 549 977 613 puer
988 548 1079 598 unus
1088 539 1195 611 esset,
1204 530 1241 595 in
1252 530 1423 611 templum
1433 527 1480 593 ad

250 640 286 706 id
300 638 555 705 conferendum
575 638 723 705 redibat.
1215 626 1220 632 ’

308 745 401 812 3144.
443 746 586 815 Nullum
606 746 674 813 sibi
692 746 928 812 ministerium
948 745 1109 813 exhiberi
1128 743 1375 827 permittebat,
1397 759 1479 809 cum

249 856 325 939 ipse
338 872 403 937 per
416 854 572 937 seipsum
586 863 772 938 praestare
786 862 918 936 posset,
934 853 1003 918 nisi
1016 853 1108 918 forte
1127 851 1381 931 consessiones,
1404 851 1478 932 qui·

250 965 315 1029 bus
329 963 494 1043 vacabat,
511 964 567 1027 vel
586 962 739 1027 aliorum
758 948 1037 1045 ministeriorum
1058 956 1187 1043 [usum]
1205 957 1427 1041 impedisset;
1442 968 1478 1023 et

248 1071 397 1153 pedibus
411 1070 485 1135 suis
500 1086 608 1151 saepe
623 1069 669 1134 ab
684 1086 754 1133 uno
769 1069 806 1133 in
825 1068 924 1134 aliud
942 1067 1112 1151 oppidum
1132 1067 1199 1132 iter
1219 1065 1395 1135 faciebat,
1408 1064 1477 1131 De·

249 1195 346 1244 mum
357 1176 433 1259 ejus
443 1177 624 1242 humilitas
635 1186 671 1241 et
685 1175 843 1243 charitas
856 1175 894 1241 in
908 1175 969 1241 illo
984 1174 1296 1257 archiepiscopatu
1310 1173 1357 1239 ad
1370 1172 1473 1238 devo·

249 1286 381 1351 tionem
391 1294 427 1350 et
437 1300 595 1350 amorem
606 1282 681 1365 ejus
689 1284 851 1349 homines
860 1282 1078 1364 excitabant;
1088 1299 1170 1348 cum
1178 1278 1311 1365 [autem
1319 1298 1477 1362 eaquae

248 1392 449 1459 Cardinalis
475 1392 542 1473 ipsi
562 1388 776 1473 iniunxerat]
802 1390 1058 1473 praestitisset,
1085 1390 1336 1472 Ulyssiponem
1360 1388 1475 1469 rediit,

248 1501 308 1569 ubi
321 1518 360 1565 se
375 1500 420 1565 nd
435 1499 591 1565 indicam
605 1499 874 1579 navigationem
888 1498 1140 1581 praeparabat.

306 1607 397 1674 3145.
442 1606 595 1687 Quidam
606 1605 675 1671 viri
687 1606 822 1672 nobiles
834 1605 975 1671 Eborae
989 1606 1120 1671 mutuis
1134 1622 1174 1671 se
1188 1605 1395 1670 vulneribus
1406 1607 1474 1669 lae·

248 1718 372 1783 dentes
386 1714 592 1781 inimicitias
602 1713 838 1794 gravissimas
849 1714 1035 1795 gerebanu
1048 1713 1094 1778 ad
1105 1714 1171 1778 hos
1183 1729 1265 1778 cum
1275 1711 1420 1794 quidam
1429 1728 1475 1777 ex

247 1822 381 1889 nostris
394 1821 576 1902 iratribus
593 1820 760 1887 Lionelus
774 1821 817 1886 de
831 1820 934 1887 Lima
945 1814 1099 1900 nomine,
1113 1820 1243 1885 missus
1253 1817 1390 1900 suisset,
1401 1836 1476 1884 non

248 1932 363 1997 solum
377 1930 413 1995 id
427 1930 579 1995 obtinuit
593 1937 632 1993 ut
643 1929 679 1994 in
690 1929 848 2009 gratiam
858 1927 1028 2007 redirent,
1041 1927 1106 1992 sed
1116 1927 1225 1992 etiam
1234 1926 1273 1992 in
1282 1938 1475 2014 perpetuae

247 2037 425 2105 amicitiae
439 2037 593 2118 signum,
609 2036 698 2101 utin
713 2038 845 2118 templo
856 2052 981 2102 coram
990 2034 1071 2100 Sim>
1085 2052 1236 2117 corpore
1246 2034 1392 2100 Domini
1402 2051 1474 2100 mu·

247 2156 308 2212 tuo
323 2146 632 2228 amplecterentur;
646 2162 716 2227 qua
730 2143 774 2208 de
786 2161 825 2209 re
836 2160 973 2224 omnes
986 2144 1047 2226 qui
1058 2144 1220 2224 aderant,
1233 2158 1385 2223 magnas
1395 2139 1474 2207 Deo

245 2254 383 2335 gratias
397 2253 553 2334 agebant
569 2251 590 2317 ⁸.

302 2358 395 2426 3146.
438 2360 528 2427 Cum
548 2360 619 2426 duo
639 2360 710 2425 viri
732 2358 779 2423 ad
793 2369 994 2426 extremum
1015 2360 1226 2442 supplicium
1246 2358 1472 2439 ducerentur,

244 2470 333 2534 alter
347 2485 472 2533 eorum
486 2476 560 2532 tam
575 2468 706 2533 acerbo
722 2467 842 2533 animo
856 2468 1072 2533 sententiam
1087 2468 1180 2532 hanc
1195 2468 1338 2547 tulerat,
1354 2474 1393 2531 ut
1406 2466 1473 2531 sibi

242 2576 311 2659 ipsi
321 2585 473 2641 mortem
487 2576 724 2655 consciscere,
736 2584 776 2641 ur
789 2576 983 2655 serebatur,
995 2575 1247 2655 constituisset;
1261 2574 1325 2639 sed
1335 2581 1472 2639 nostro·

244 2702 323 2750 rum
337 2684 646 2760 exhortationibus
661 2684 706 2749 ab
724 2685 793 2750 hac
813 2683 1021 2750 detestanda
1042 2683 1227 2750 daemonis
1240 2681 1472 2765 persuasione

245 2792 431 2871 liberatus,
447 2791 598 2872 genibus
612 2790 714 2856 flexis
727 2791 871 2857 veniam
885 2791 931 2857 ab
945 2786 1109 2857 omnibus
1123 2791 1337 2873 postulabat.

303 2897 396 2964 3147.
438 2898 541 2964 Alter
560 2898 668 2965 etiam
687 2916 759 2964 non
777 2899 926 2980 patienti
939 2900 1065 2979 solum,
1082 2898 1145 2964 sed
1166 2908 1201 2964 et
1214 2899 1337 2964 libenti
1351 2896 1470 2963 animo

245 3024 289 3072 ac
302 3007 404 3072 vultu
417 3016 569 3072 mortem
583 3006 739 3088 excepit3
759 3014 948 3089 utrumque
967 3007 1080 3072 nostri
1099 3007 1146 3072 ad
1159 3006 1372 3089 supplicium
1389 3021 1471 3071 cum

244 3112 492 3178 aedificatione
511 3113 671 3178 comitati
688 3123 787 3190 sunt,
809 3123 843 3179 et
864 3131 947 3180 cum
964 3114 1034 3180 hoc
1053 3114 1197 3197 pietatis
1210 3113 1327 3180 officio
1348 3112 1470 3198 sunge-

243 3220 384 3299 bantur,
402 3218 447 3286 ad
462 3219 786 3302 frequentissimam
800 3222 922 3303 populi
935 3222 1093 3302 turbam,
1113 3238 1206 3304 quae
1223 3221 1270 3287 ad
1288 3228 1469 3303 spectacu-

241 3327 314 3393 lum
329 3327 521 3393 convenire
536 3327 640 3392 solita
655 3336 746 3408 erat,
761 3329 1076 3394 concionabantur.

301 3433 394 3498 3148.
438 3433 591 3515 Quidam
604 3434 785 3516 sacerdos,
802 3435 862 3516 qui
877 3435 1112 3501 concubinam
1126 3435 1187 3501 diu
1201 3443 1374 3516 tenuerat,
1389 3450 1472 3501 cum

244 3539 356 3624 [eum]
372 3541 517 3623 quidam
530 3557 576 3606 ex
591 3542 725 3606 nostris
745 3543 1031 3624 reprehendisset
1044 3552 1080 3608 et
1093 3543 1150 3608 sui
1162 3543 1302 3625 peccati
1315 3542 1471 3624 gravita-

244 3658 318 3714 tem
332 3647 562 3730 ostendisset,
579 3665 652 3714 non
664 3650 780 3714 solum
801 3649 1038 3714 concubinam
1058 3651 1216 3732 reliquit,
1239 3649 1303 3716 sed
1316 3658 1401 3715 voto
1415 3665 1472 3714 ca·

244 3757 378 3821 stitatis
391 3765 585 3839 perpetuae
599 3772 638 3820 se
653 3756 806 3822 Domino
821 3742 1058 3823 consecravit.

303 3861 396 3928 3149.
439 3863 568 3945 inopes
588 3873 622 3929 et
642 3872 789 3945 egentes
807 3862 959 3930 divitum
982 3865 1219 3948 eleemosynis
1238 3863 1378 3950 [nostri]
1397 3881 1472 3930 sus·

241 3970 371 4035 tentari
397 3971 588 4048 curabant,
615 3980 650 4036 et
675 3971 852 4053 quaedam
876 3974 1094 4038 monasteria
1117 3974 1323 4040 monialium
1344 3974 1472 4057 J'uvare

241 4079 450 4160 pergebant:
468 4078 669 4160 spiritualia
683 4077 793 4144 etiam
807 4079 978 4144 exercitia
989 4081 1200 4162 quibusdam
1213 4083 1470 4164 proponebant;

241 4184 304 4250 sed
328 4185 366 4250 in
390 4185 548 4268 quodam
572 4185 791 4252 monasterio
814 4185 1019 4268 hujusmodi
1042 4187 1266 4269 monialium,
1291 4188 1472 4257 Cardinali

242 4291 397 4374 subdito,
423 4293 579 4359 fructum
604 4293 806 4360 uberiorem
830 4312 939 4377 quam
964 4295 1048 4361 alibi
1071 4307 1280 4379 coeperunt,
1307 4299 1366 4363 ubi
1390 4315 1471 4364 cum

240 4401 392 4466 caeteris
420 4399 604 4483 praelecta
622 4401 763 4483 luisset,
785 4401 897 4484 priori
915 4401 1109 4470 Abbatissa
1126 4414 1280 4485 remota,
1302 4406 1471 4486 religiosa

282 4653 289 4677 ³
318 4641 446 4690 litterae
455 4643 686 4700 Quadrimestm,
695 4649 713 4692 t.
724 4655 760 4702 rr,
770 4656 829 4702 pag.
838 4645 889 4692 tas.
