3642 5350
764 438 827 497 An.
849 436 920 497 1556
1399 436 1454 497 725

226 581 331 647 dreas
345 581 388 647 de
403 581 541 649 Oviedo
567 600 648 649 cum
672 582 892 664 Patriarcha,
919 583 977 649 cui
998 583 1182 666 coadiutor
1204 591 1239 648 et
1264 600 1452 651 successor

227 699 304 756 erat
318 690 499 765 institutus
515 688 537 772 ¹,
555 690 851 773 proficisceretur,
864 692 901 755 in
916 692 1071 771 gratiam
1085 690 1232 756 Infantis
1252 690 1454 758 Cardinalis

227 798 273 864 ad
292 798 640 879 archiepiscopatum
654 799 863 863 eborensem
886 799 1111 864 lustrandum
1136 810 1171 863 et
1191 809 1454 866 sacramentum

227 906 507 977 confirmationis
530 906 968 988 populis·ministrandum
994 907 1101 972 venit.
1127 906 1267 972 Eborac
1286 906 1395 973 etiam
1418 909 1455 973 in

228 1012 388 1095 Collegio
414 1023 538 1079 nostro
562 1013 687 1097 primis
709 1014 892 1079 ordinibus
914 1014 1053 1096 aliquos
1073 1014 1238 1091 initiavit;
1262 1024 1298 1079 et
1321 1033 1403 1081 cum
1418 1017 1455 1081 in

229 1130 397 1187 autumno
406 1121 652 1203 praecedente,
663 1122 740 1204 ipso
752 1121 809 1186 die
818 1120 879 1187 S.⁸¹
893 1121 1065 1186 Matthaei
1075 1130 1218 1187 centum
1228 1124 1456 1205 septuaginta

228 1228 274 1295 ad
289 1246 413 1295 sacros
427 1228 569 1295 ordines
588 1230 689 1295 abeo
703 1229 938 1311 promovendi
953 1230 1215 1311 convenissent,
1231 1230 1456 1313 septuaginta

228 1355 273 1401 ex
287 1338 339 1402 eis
352 1338 456 1403 electi
471 1338 599 1402 initiati
613 1344 712 1419 sunt3
729 1354 800 1418 qua
814 1336 850 1401 in
864 1353 904 1402 re
918 1354 1030 1419 usque
1049 1336 1097 1401 ad
1117 1337 1311 1402 secundam
1331 1338 1457 1403 horam

228 1443 507 1527 pomeridianam
522 1443 721 1526 Episcopus
735 1437 976 1509 commoratus
992 1443 1073 1524 luit,
1090 1453 1125 1509 et
1138 1461 1203 1526 pro
1218 1445 1382 1511 ordinum
1395 1464 1456 1510 va·
1529 1497 1533 1504 .

228 1552 354 1617 rietate
368 1552 491 1616 varias
506 1560 581 1616 toto
596 1568 639 1616 eo
655 1561 815 1633 tempore
830 1550 876 1616 ad
887 1567 962 1632 eos,
974 1551 1035 1634 qui
1048 1553 1362 1634 promovebantur,
1375 1571 1456 1618 con·

228 1661 350 1725 ciones
363 1658 497 1740 habuit,
514 1668 548 1725 et
564 1676 645 1724 cum
660 1659 821 1724 cereolos
834 1659 878 1724 de
893 1675 993 1724 more
1007 1660 1085 1724 dari
1099 1660 1223 1725 solitos
1241 1678 1313 1724 non
1334 1660 1456 1726 admit·

229 1776 331 1849 teret,
347 1785 419 1833 non
440 1784 567 1849 parum
586 1768 636 1833 illi
656 1768 818 1834 homines
835 1767 1016 1833 insolitam
1035 1766 1112 1850 ejus
1129 1768 1378 1833 liberalitatem
1398 1768 1455 1834 ad-

230 1876 451 1941 mirabantur
464 1877 488 1938 ¹.

289 1984 381 2049 3135.
424 1982 616 2065 Postquam
631 1992 750 2048 autem
766 1984 802 2048 in
823 1982 982 2064 collegio
1003 2001 1086 2049 aras
1106 1991 1142 2049 et
1160 1995 1281 2049 vestes
1298 2002 1422 2050 sacras
1437 2004 1459 2050 a

230 2092 419 2157 Cardinale
433 2090 572 2157 Infante
588 2091 739 2156 donatas
753 2100 949 2172 sacrasset,
969 2092 1080 2156 fratre
1102 2091 1257 2174 quodam
1271 2102 1393 2159 nostro
1405 2092 1457 2157 iti·
1565 2088 1578 2107 '

230 2200 325 2264 neris
345 2200 492 2279 comite,
514 2199 578 2263 sub
604 2198 742 2264 initium
762 2196 928 2264 Octobris
942 2215 1017 2281 per
1041 2198 1233 2265 dioecesim
1252 2200 1459 2265 eborensem

188 2364 191 2371 ,
231 2307 411 2388 profectus
430 2315 494 2372 est.
517 2307 607 2372 Cum
627 2316 744 2371 autem
759 2306 867 2388 aliqui
882 2324 928 2371 ex
941 2306 1113 2371 ministris
1132 2306 1332 2373 Cardinalis
1353 2307 1458 2372 valde

230 2414 483 2480 contenderent
498 2433 542 2479 ne
557 2422 737 2495 pateretur
753 2422 790 2479 ut
805 2414 862 2479 ille
884 2414 990 2479 mulis
1009 2415 1202 2508 clitellariis
1221 2416 1456 2499 archiepisco·

230 2533 353 2606 patum
366 2524 552 2603 lustraret,
568 2539 639 2587 non
654 2522 690 2587 id
709 2523 949 2603 obtinuerunt,
970 2540 1050 2588 cum
1069 2521 1270 2589 cardinalis
1288 2524 1458 2607 Episcopi

230 2630 417 2699 consilium
433 2647 476 2696 ac
491 2630 725 2696 humilitatem
739 2631 775 2696 in
789 2630 858 2696 hac
874 2639 975 2713 parte
989 2632 1168 2713 probaret.

289 2739 382 2805 3136.
424 2739 581 2820 Rogavit
603 2749 722 2804 autem
741 2739 777 2804 in
796 2739 922 2805 itinere
941 2738 1139 2822 Episcopus
1156 2741 1293 2805 socium
1312 2740 1379 2804 sibi
1398 2739 1457 2805 ad·

228 2847 389 2930 junctum
405 2845 429 2926 ⁸,
445 2857 483 2912 ut
497 2846 687 2927 diligenter
711 2846 898 2912 adnotaret
913 2855 1001 2912 etse
1017 2848 1233 2929 admoneret,
1251 2848 1281 2912 si
1297 2846 1380 2930 quid
1396 2849 1458 2913 mi·

232 2971 298 3020 nus
320 2963 416 3019 recte
431 2971 453 3018 a
468 2955 656 3018 selectum
670 2952 821 3035 videret,
838 2970 946 3036 seque
962 2953 1006 3020 de
1020 2954 1076 3019 his
1090 2965 1260 3021 moneret.

291 3045 383 3126 31'37.
426 3059 638 3128 obsecravit
651 3063 759 3127 etiam
773 3060 962 3144 quemdam
973 3062 1207 3144 sacerdotem,
1221 3080 1326 3146 quem
1337 3061 1458 3128 Cardi-

233 3171 325 3236 nalis
346 3185 427 3234 cum
451 3168 530 3250 ipso
555 3153 723 3250 miserat,
740 3186 785 3234 ne
805 3187 844 3234 se
869 3168 1120 3235 honorificent
1141 3170 1369 3253 Episcopum,
1396 3170 1460 3236 sed

233 3287 372 3343 tantum
385 3287 424 3342 ut
439 3276 662 3341 sacerdotem
675 3261 891 3357 religiosum,
903 3278 995 3341 inter
1009 3277 1235 3359 loquendum,
1252 3279 1457 3360 appellaret.

232 3385 336 3452 Nullo
362 3385 469 3450 modo
488 3385 555 3450 sibi
575 3385 716 3449 obviarn
737 3383 880 3466 prodire
899 3385 1062 3450 homines
1080 3403 1126 3450 ex
1141 3386 1290 3468 oppidIs,
1314 3386 1460 3452 honoris

231 3493 684 3576 gratia‚permittebat,nec
696 3492 902 3558 comitatum
910 3490 1159 3558 deducentium
1167 3493 1389 3576 adtemplum
1398 3505 1459 3559 aut

234 3592 478 3666 'reducentium
492 3601 639 3680 ferebat,
655 3601 718 3666 sed
732 3618 814 3665 cum
828 3599 941 3665 fratre
955 3601 1083 3666 comite
1097 3602 1171 3666 ibat
1184 3601 1222 3667 in
1235 3603 1404 3683 templum
1424 3611 1459 3666 et
1500 3583 1505 3592 ⁹

234 3708 383 3774 redibat.
398 3708 438 3774 In
449 3708 598 3791 oppidis,
612 3710 647 3772 in
660 3709 786 3790 quibus
797 3718 900 3774 erant
914 3709 1114 3791 hospitalia,
1127 3727 1199 3774 non
1211 3709 1294 3774 alibi
1305 3726 1412 3791 quam
1424 3709 1459 3773 in

234 3817 286 3882 eis
300 3815 478 3880 divertere
492 3816 645 3892 volebat;
663 3825 698 3880 et
713 3833 794 3880 cum
808 3816 952 3898 quidam
976 3817 1223 3894 reclamarent,
1239 3825 1274 3882 et
1289 3833 1368 3882 eam
1382 3833 1461 3881 esse

234 3923 525 3990 consuetudinem
539 3931 723 4005 negarent;
739 3931 875 4005 postea,
890 3923 1003 4006 inquit
1017 3923 1226 4006 Episcopus,
1243 3922 1461 3990 consuetudo

276 4205 286 4240 ¹
315 4203 384 4252 Vide
394 4215 484 4262 snpra,
495 4211 515 4250 t.
526 4218 553 4261 v,
563 4216 623 4261 pag.
634 4204 736 4260 609-611,
746 4215 772 4251 n.
782 4203 836 4250 toto
846 4209 873 4250 et
880 4215 946 4262 req..
955 4215 1054 4252 necnon
1064 4203 1159 4250 Conon
1167 4204 1202 4249 de
1212 4203 1268 4250 San
1276 4203 1397 4260 reneca,
1407 4210 1426 4252 t.
1436 4217 1464 4259 v,

234 4278 339 4332 passim.

275 4351 287 4383 ¹
314 4349 438 4396 Litterae
456 4337 719 4404 Quaanmsrmjr.
729 4359 767 4406 ln,
782 4359 842 4406 pag.
855 4348 897 4394 7⁶5
912 4355 1009 4406 etseq..
1026 4360 1059 4393 ox
1075 4347 1168 4405 qulbus
1183 4348 1320 4394 transtullt
1334 4347 1463 4394 l’olnncun

236 4428 319 4468 totum
329 4423 396 4468 hone
408 4423 439 4467 de
450 4422 478 4468 Ρ.
489 4421 588 4467 Ovledo
597 4420 782 4467 narrationem.

274 4493 287 4529 ⁸
314 4493 361 4541 llo.
371 4495 463 4540 nabet:
474 4493 617 4548 Rogavit...
627 4493 792 4551 Episcopum
802 4495 892 4540 soclus
901 4495 956 4539 sibi
965 4494 1136 4551 adjunctus...
1147 4491 1254 4538 Rectius
1263 4492 1385 4539 Lmem
1393 4492 1464 4548 Quo·

236 4567 406 4620 arianestres,
417 4573 435 4611 t.
447 4577 483 4620 ur,
493 4578 553 4622 pag.
563 4566 612 4612 766:
622 4567 715 4613 “Pater
724 4567 869 4624 Episcopus
880 4567 1000 4622 innuen,
1009 4577 1086 4624 quem
1095 4565 1216 4612 comitem
1225 4565 1348 4620 habebnt,
1357 4566 1463 4621 rogavit

232 4647 262 4684 vt
272 4639 359 4686 omnin
368 4650 545 4697 quaecumque
556 4651 572 4684 a
584 4651 613 4685 nc
622 4639 705 4686 mlnus
715 4647 788 4685 recte
801 4641 845 4697 agl
862 4640 1040 4686 viderentur...
1058 4645 1172 4694 notaret,
1182 4649 1260 4694 seque
1275 4638 1306 4684 de
1324 4637 1365 4684 blo
1374 4638 1462 4684 adno-

133 4731 138 4736 ·
235 4717 330 4768 neret,
