3642 5350
331 410 386 469 ill)
788 411 917 471 Cuaon.
938 411 1015 470 Soc.
1036 410 1106 483 Jss.

339 559 449 621 multa
464 554 634 623 Societati
648 556 793 638 imponi.
810 556 894 621 Ideo
912 556 1153 622 necessariam
1171 557 1301 621 esseio
1319 560 1420 621 curin
1439 560 1565 637 grans

332 664 479 745 aliquus
493 666 562 730 viri
577 667 620 729 de
635 663 811 729 Societate
826 681 984 745 operam,
997 674 1036 727 ut
1047 664 1306 728 obtrectatores
1317 665 1374 729 vel
1385 666 1562 729 seminare

332 788 403 835 non
418 772 588 836 auderent
603 772 788 836 mendacia
805 780 930 834 contra
944 771 1075 834 bonum
1089 788 1219 834 nomen
1234 770 1437 851 societatis,
1459 775 1517 835 vel
1531 774 1563 837 si

336 878 370 943 id
384 878 566 956 fecissent,
582 888 676 943 esset
696 878 755 959 qui
774 895 877 941 suam
894 876 964 939 illis
983 878 1233 941 auctoritatem
1247 878 1352 941 simul
1372 858 1452 942 cum
1471 880 1564 943 reri·

330 994 403 1049 tate
418 998 623 1066 opponeret:
639 998 674 1049 et
690 985 729 1051 P.
746 986 866 1050 Araoz
882 993 945 1047 aut
960 986 999 1050 P.
1014 983 1248 1050 Franciscum
1260 985 1427 1064 Borgiam
1440 986 1487 1050 nd
1497 986 1561 1050 Re·

330 1092 387 1171 gis
402 1093 537 1157 curiam
552 1092 681 1156 adhoc
697 1094 813 1174 ipsum
827 1094 1037 1161 mittendum
1051 1110 1130 1159 esse
1149 1095 1335 1174 censebat,
1355 1104 1391 1157 et
1405 1093 1561 1175 quicum-

330 1214 398 1281 que
412 1200 540 1264 ibidem
554 1211 771 1281 versarctur,
787 1219 868 1267 eum
881 1204 1011 1268 debere
1026 1204 1214 1267 certiorem
1228 1203 1342 1281 reddi,
1357 1219 1429 1265 non
1443 1202 1563 1265 minus

329 1306 373 1371 de
392 1307 735 1371 contradictionibus
752 1324 859 1389 quam
878 1309 922 1373 de
943 1310 1125 1391 prosperis
1149 1309 1257 1373 rebus
1281 1308 1560 1387 SocietatiS,·ut,

329 1406 481 1479 veritate
495 1416 653 1493 cognita,
669 1414 769 1478 salsis
783 1418 986 1481 rumoribus
1000 1418 1137 1499 sparsis
1151 1417 1347 1481 remedium
1361 1425 1480 1497 posset
1501 1416 1561 1479 ad·

329 1520 461 1599 hibere,
476 1536 665 1601 antequam
681 1522 775 1601 ignis
788 1540 900 1605 usque
913 1521 1005 1588 adeo
1019 1534 1212 1602 cresceret,
1235 1525 1379 1587 utnulla
1394 1540 1487 1603 aqua
1510 1524 1560 1586 in-

328 1626 486 1691 dustriae
497 1628 674 1691 humanae
688 1640 809 1709 posset
824 1633 997 1709 extingui.

390 1732 479 1797 1887.
522 1734 566 1798 Et
581 1736 664 1817 quia
679 1734 717 1798 P.
740 1736 913 1815 Ignatius,
930 1754 1011 1801 cum
1034 1739 1188 1802 mitteret
1203 1737 1242 1802 P.
1259 1736 1557 1817 Ribadeneyram,

328 1841 374 1904 ad
387 1840 518 1905 bonurn
530 1842 710 1906 missionis
722 1859 939 1921 successum,
952 1846 1167 1925 promiserat
1182 1846 1332 1923 singulis
1344 1844 1468 1907 diebus
1479 1843 1559 1907 Mis·

327 1966 404 2013 sam
419 1966 526 2013 unam
542 1949 659 2029 Domi,
676 1954 825 2015 alteram
843 1952 878 2015 in
892 1951 1052 2033 Collegio
1064 1951 1326 2028 celebrandam,
1339 1968 1463 2015 earum
1478 1968 1559 2013 con·

326 2056 569 2135 tinuationem,
587 2067 624 2121 ut
639 2074 862 2138 summopere
877 2060 1131 2136 necessariam,
1148 2058 1362 2139 postulabat.

389 2162 476 2227 1888.
520 2163 607 2228 Cum
624 2162 860 2245 Antuerpiam
878 2162 992 2229 nostri
1011 2167 1193 2229 venissent
1207 2165 1310 2245 J'uxta
1326 2164 1435 2245 Regis
1455 2182 1559 2246 prae·

326 2271 511 2351 scriptum,
538 2271 735 2335 declaravit
761 2273 893 2336 nostris
918 2273 1046 2337 Comes
1070 2272 1282 2353 Ruigomez,
1307 2272 1397 2354 quod
1424 2272 1558 2353 Regem

325 2377 582 2457 aliquantulum
596 2376 773 2442 difficilem
788 2380 824 2442 in
840 2380 984 2459 negotio
1005 2381 1236 2459 collegiorum
1252 2382 1456 2459 invenerat,
1477 2397 1556 2460 par·

326 2484 389 2547 tim
409 2483 503 2565 quod
522 2496 680 2565 tempore
701 2485 969 2563 gubernationis
989 2486 1144 2565 Reginae
1168 2487 1305 2550 Mariae
1330 2490 1340 2522 ¹
1365 2496 1558 2550 tractatum

326 2590 441 2654 fuerat
455 2602 490 2654 et
505 2608 573 2655 non
590 2594 831 2669 constitutum,
848 2596 978 2675 partim
1003 2594 1107 2676 quod¹
1121 2593 1317 2673 Imperator
1331 2612 1404 2657 non
1423 2594 1460 2657 id
1479 2612 1557 2676 pro-

324 2701 437 2778 baret;
452 2701 564 2764 videri
576 2711 696 2765 tamen
708 2701 774 2766 sibi
785 2702 885 2779 dixit,
899 2713 937 2765 ut
949 2704 1097 2782 ipsemet
1108 2703 1145 2767 P.
1160 2703 1409 2784 Ribadeneyra
1421 2703 1557 2781 Regem

325 2809 577 2889 alloqueretur.
595 2806 672 2871 Non
689 2809 935 2873 dissimulabat
950 2823 1080 2885 autem,
1102 2812 1216 2874 donec
1231 2829 1276 2874 ex
1298 2811 1421 2888 Belgio
1443 2825 1557 2873 reces-

324 2915 429 2978 sisset
454 2913 608 2993 Regina,
636 2915 763 2980 confici
789 2918 973 2997 negotium
998 2917 1137 2981 difficile
1164 2919 1251 2981 lore.
1277 2917 1411 2981 Obtulit
1437 2927 1557 2980 tamen

323 3039 426 3086 suam
452 3039 598 3101 operam
622 3039 754 3100 magno
774 3039 854 3086 cum
872 3023 1001 3087 affectu
1016 3025 1061 3087 ad
1081 3024 1305 3088 consiliarios
1323 3024 1433 3104 Regis
1451 3023 1555 3090 insor-

322 3127 484 3192 mandos.

387 3232 475 3298 1889.
518 3233 564 3299 Et
580 3231 855 3317 [Rivadeneira],
873 3255 912 3300 re
926 3239 1057 3300 collata
1077 3255 1157 3301 cum
1173 3236 1376 3303 Secretario
1397 3238 1557 3304 Gonzalo
1634 3248 1638 3254 ’

324 3339 444 3417 Perez,
462 3341 578 3406 denuo
592 3344 762 3406 convenit
776 3343 950 3408 Comitem
961 3343 1157 3424 Ruigomez
1171 3356 1206 3409 et
1221 3345 1450 3424 significavit,
1466 3347 1556 3410 veri·

323 3447 437 3512 simile
453 3449 520 3512 sibi
542 3449 654 3514 videri
677 3449 832 3530 Regem,
850 3453 906 3516 cui
925 3462 1115 3532 perspecta
1132 3453 1221 3515 satis
1242 3462 1317 3516 erat
1338 3451 1509 3527 Societas
1525 3454 1556 3517 si

321 3553 499 3634 judicaret
514 3555 590 3637 ejus
604 3558 801 3622 institutum
814 3559 882 3622 illis
897 3560 934 3622 in
948 3559 1100 3622 statibus
1112 3561 1196 3623 utile
1206 3558 1292 3635 lore,
1308 3559 1479 3638 majorem
1494 3560 1557 3623 ha·

327 3661 481 3729 biturum
499 3681 576 3726 esse
590 3665 766 3728 rationem
780 3667 945 3746 propriae
960 3667 1198 3730 conscientiae
1212 3684 1318 3746 quarn
1337 3666 1554 3730 informatio·

325 3786 407 3833 nem
422 3771 604 3835 sinistram
619 3770 788 3851 Reginae.
812 3771 849 3837 Si
871 3783 991 3837 tamen
1012 3775 1079 3853 ipsi
1097 3773 1280 3837 videretur
1293 3773 1552 3853 expectandum

323 3893 401 3940 esse
416 3895 595 3942 recessum
611 3879 697 3959 eJ‘uS,
714 3891 903 3960 antequam
919 3883 1104 3960 negotium·
1115 3888 1340 3958 tractaretur,
1356 3897 1395 3943 se
1409 3881 1553 3944 minime

306 3983 501 4061 destinare,
525 4003 580 4064 ne,
603 3989 632 4049 si
655 3989 838 4066 negotium
857 3999 1023 4068 coeptum
1036 4005 1108 4051 non
1129 3985 1373 4065 conficeretur,
1390 3987 1553 4050 homines

321 4091 390 4156 sibi
404 4091 658 4172 persuaderent
675 4111 749 4157 rem
764 4093 894 4158 bonam
908 4113 980 4158 non
995 4112 1084 4172 esse,
1098 4111 1189 4174 quae
1203 4093 1293 4172 Regi
1308 4103 1343 4156 et
1354 4091 1428 4173 ejus
1440 4095 1551 4157 consi-

322 4198 369 4262 lio
384 4214 455 4262 non
471 4200 698 4280 probaretur:
715 4203 772 4263 vel
792 4201 918 4282 quibus
936 4213 1014 4265 erat
1029 4201 1160 4283 alioqui
1175 4209 1362 4281 perspecta
1376 4199 1548 4279 SocietaS,

321 4305 437 4369 minus
452 4307 539 4370 bene
555 4307 598 4371 de
613 4307 690 4388 ipso
705 4307 802 4387 Rege
816 4309 1000 4385 sentirent,
1017 4308 1111 4389 quod
1125 4308 1177 4372 rei
1191 4318 1339 4371 sanctae
1353 4319 1388 4370 et
1408 4306 1550 4388 perutili

333 4475 521 4484 .—...---.

363 4585 369 4616 Ι
398 4583 490 4636 Marla,
508 4585 592 4640 Belgil
609 4587 789 4640 gubernatrix.
807 4585 892 4630 Caroli
905 4585 929 4626 V
940 4596 1023 4636 soror,
1039 4585 1071 4628 de
1088 4594 1237 4638 quasupru,
1252 4591 1272 4629 t.
1283 4597 1309 4636 v,
1325 4594 1385 4639 pag.
1397 4583 1446 4636 292,
1461 4595 1486 4627 n.
1496 4583 1546 4636 79⁶3

315 4669 375 4711 pag.
386 4657 434 4706 dot.
443 4669 466 4700 n.
477 4657 525 4710 ala
535 4657 648 4712 penult,
660 4669 684 4701 n.
694 4657 742 4699 838.
