3642 5350
363 381 417 442 Μ
822 384 950 444 Canon.
971 381 1046 442 Soc.
1068 381 1137 455 Jas.

363 545 421 594 res
446 537 668 609 pervenerat,
695 529 799 593 etita
826 530 870 593 de
895 530 963 593 hac
989 527 1095 593 domo
1119 525 1336 593 instituenda
1358 527 1599 592 Prouincialis

364 635 544 702 Gonzalus
559 635 597 699 P.
614 636 790 716 ignatium
805 636 1025 716 consulebat,
1042 635 1104 701 sed
1116 642 1159 700 eo
1171 645 1342 717 tempore,
1354 652 1425 717 quo
1437 636 1512 717 ipse
1520 634 1597 717 jam

365 760 411 809 ex
425 742 521 808 vivis
531 752 746 808 excesserat.

423 1064 515 1130 3415.
559 1064 733 1131 Chaulani
747 1068 855 1132 etiam
869 1067 938 1133 hoc
949 1085 1044 1133 anno
1054 1068 1092 1132 P.
1104 1066 1272 1133 Nicolaus
1282 1069 1499 1136 Lancillotus
1514 1065 1593 1132 Col·

365 1173 457 1255 legio
472 1182 595 1238 nostro
610 1173 762 1256 praefuit
779 1172 799 1252 ¹,
816 1176 887 1257 qui,
902 1177 1021 1241 ethica
1039 1176 1137 1241 febre
1151 1177 1334 1254 laborans,
1350 1176 1504 1260 quotidie
1519 1192 1590 1240 mo·

366 1281 499 1347 riturus
513 1280 711 1361 videbatur;
727 1293 761 1347 et
776 1284 928 1363 interim,
942 1292 980 1349 ut
990 1284 1066 1366 ipse
1078 1286 1319 1366 conqueritur,
1330 1285 1391 1350 alii
1402 1285 1501 1348 multi
1514 1283 1593 1347 sani

367 1404 410 1455 ac
422 1389 543 1465 fortes,
554 1398 588 1453 et
599 1389 739 1471 quidem
751 1390 856 1455 valde
867 1391 1018 1457 studiosi
1028 1392 1193 1474 operarii,
1203 1409 1246 1457 eo
1257 1392 1459 1474 superstite,
1469 1408 1514 1455 ex
1524 1389 1594 1454 hac

366 1494 442 1561 vita
461 1496 690 1562 decedebant.
707 1496 796 1562 Cum
821 1514 917 1563 anno
941 1500 1134 1581 praeterito
1148 1499 1331 1565 imminere
1352 1498 1420 1581 ipsi
1444 1506 1595 1562 mortem

368 1604 495 1669 medici
510 1603 679 1685 dicerent,
696 1603 810 1671 Goam
826 1606 918 1671 inter
935 1606 1065 1673 fratres
1085 1625 1169 1673 suos
1188 1608 1388 1691 moriturus,
1399 1605 1594 1686 navigave-

368 1720 435 1791 rat;
451 1711 514 1777 sed
533 1712 614 1777 inde
633 1713 850 1779 medicorum
869 1714 978 1779 etiam
999 1723 1034 1779 et
1052 1724 1255 1780 nostrorum
1274 1714 1423 1779 consilio
1444 1712 1595 1778 Chaula·

368 1836 450 1883 num
465 1819 580 1899 rediit;
597 1820 713 1884 minus
728 1822 821 1886 enim
835 1822 952 1888 omnis
965 1822 1139 1888 industria
1154 1822 1372 1888 medicorum
1385 1819 1486 1886 Goae
1499 1829 1593 1902 pote-

368 1935 436 2005 rat,
452 1926 524 2002 (ubi
538 1926 645 1993 etiam
660 1928 752 1992 ratio
767 1930 885 1993 victus
899 1929 1004 2009 longe
1018 1929 1202 1995 delicatior
1216 1947 1294 1995 esse
1309 1928 1472 2012 poterat),
1486 1944 1594 2009 quam

368 2041 430 2099 aer
450 2034 526 2115 ipse
547 2032 720 2100 Chaulani
743 2054 824 2101 eum
844 2034 1004 2118 J'uvabat3
1019 2056 1097 2116 nec
1120 2054 1247 2120 parum
1269 2035 1432 2101 conferre
1456 2036 1503 2099 ad
1526 2035 1596 2099 hoc

368 2142 484 2223 ipsum
498 2140 573 2223 ejus
587 2142 795 2209 exercitatio
810 2145 846 2209 in
862 2146 1106 2226 proximorum
1121 2146 1293 2220 auxilium
1306 2144 1505 2209 videbatur.

427 2248 518 2315 3416.
562 2236 650 2315 Cum
661 2267 748 2331 ergo
765 2250 989 2317 Chaulanum
1000 2252 1174 2330 rediisset,
1187 2252 1313 2316 melius
1323 2250 1455 2315 habere
1466 2250 1596 2331 coepit,

368 2366 499 2423 etcum
514 2358 613 2439 prius
622 2358 686 2423 vix
697 2359 847 2439 singulis
859 2359 1038 2426 mensibus
1053 2358 1200 2423 Missam
1217 2359 1397 2425 celebrare
1412 2368 1448 2423 et
1463 2366 1597 2421 nostro·

370 2480 450 2539 rum
473 2464 714 2530 confessiones
739 2466 862 2531 audire
883 2467 1074 2548 potuisset;
1088 2466 1163 2548 J‘am
1182 2464 1257 2531 fere
1277 2466 1432 2547 quotidie
1453 2465 1599 2530 Missam

370 2572 616 2637 celebrabatet
624 2571 809 2650 dominicis
820 2590 862 2638 ac
871 2574 971 2639 festis
979 2574 1103 2640 diebus
1113 2574 1404 2639 concionabatur.
1417 2574 1599 2639 anutem

373 2679 409 2743 in
423 2681 501 2744 loco
516 2681 614 2745 velut
628 2691 730 2762 pater
744 2683 864 2765 populi
880 2683 988 2748 totius
1007 2682 1191 2747 christiani
1206 2693 1240 2748 et
1252 2682 1362 2765 J'udex
1380 2691 1474 2762 erat,
1497 2691 1531 2745 et
1549 2681 1599 2745 ita

371 2786 513 2854 Patrem
528 2797 692 2854 sanctum
706 2807 787 2854 eum
804 2790 995 2855 vocabant.

386 2923 389 2928 ·
431 2893 523 2960 3417.
567 2895 763 2976 Collegium
777 2908 896 2962 autem
915 2898 1026 2978 ipsius
1047 2899 1116 2963 hoc
1137 2914 1231 2962 anno
1253 2895 1420 2962 satisfuit
1440 2893 1599 2961 imminu·

372 3011 463 3080 tum;
482 3019 563 3069 cum
578 3004 671 3070 enim
686 3005 876 3086 aliquando
891 3005 1150 3088 quinquaginta
1164 3022 1295 3087 pueros
1308 3004 1412 3070 indos
1426 3002 1523 3068 domi
1540 3001 1600 3065 ha·

274 3105 277 3112 ’
329 3173 331 3175 ,
372 3112 487 3190 beret,
516 3113 646 3192 viginti
673 3111 827 3194 quinque
852 3122 989 3177 tantum
1010 3110 1085 3193 jam
1109 3112 1280 3192 habebat,
1305 3112 1389 3194 quia
1410 3111 1601 3191 interprete

372 3219 498 3299 etiam,
515 3236 619 3302 quem
634 3219 766 3283 habere
781 3219 905 3284 solitus
920 3233 1009 3299 erat,
1025 3220 1292 3299 destituebatur;
1309 3218 1373 3284 sed
1387 3226 1528 3300 praeter
1543 3213 1600 3279 do-

373 3326 540 3392 mesticos
554 3328 691 3391 externi
706 3328 813 3391 etiam
829 3328 929 3408 pueri
950 3326 1156 3392 instituendi
1176 3326 1222 3391 ad
1245 3326 1444 3407 Collegium
1459 3323 1601 3388 accede·

372 3435 475 3514 bant,
492 3451 614 3499 omnes
627 3434 702 3499 fere
716 3451 863 3499 numero
878 3435 1118 3516 septuaginta,
1134 3452 1224 3517 quos
1237 3435 1328 3498 alius
1344 3434 1454 3498 frater
1468 3439 1601 3509 noster,

373 3541 577 3608 Ludovicus
591 3540 636 3606 de
650 3540 790 3622 Govea,
808 3542 917 3606 etiam
930 3542 1226 3622 valetudinariuS,
1242 3543 1361 3622 legere
1376 3557 1419 3605 ac
1434 3539 1600 3618 scribere,

374 3659 408 3714 et
423 3649 562 3730 praxim
577 3649 821 3714 arithmeticae
836 3649 998 3714 docebat.

436 3755 527 3820 3418.
570 3754 728 3821 Curabat
755 3765 874 3821 autem
902 3758 967 3821 sub
995 3756 1100 3821 linem
1125 3754 1231 3837 hujus
1258 3755 1343 3820 anni
1371 3753 1409 3819 P.
1435 3753 1603 3819 Nicolaus

375 3866 482 3929 alium
498 3864 644 3929 fratrem
658 3862 845 3929 Societatis
860 3864 1035 3944 obtinere,
1052 3865 1112 3946 qui
1130 3875 1204 3928 tam
1218 3863 1381 3929 lusitanis
1401 3878 1508 3945 quam
1523 3878 1601 3925 neo·

376 3971 498 4053 phytis
517 3971 724 4036 concionari
742 3981 776 4035 et
795 3972 1050 4036 catechismum
1069 3972 1249 4053 explicare
1267 3980 1400 4053 posset,
1420 3967 1515 4052 quod
1529 3970 1604 4050 ipse

377 4089 522 4162 propter
536 4079 753 4145 debilitatem
770 4096 877 4160 aegre
892 4079 1083 4144 admodum
1096 4087 1280 4161 praestare
1290 4086 1441 4160 poterat.

439 4185 530 4252 3419.
574 4186 771 4252 curaverat
787 4205 831 4250 ex
843 4187 1019 4268 lapidibus
1030 4185 1228 4267 Collegium
1239 4185 1496 4251 conficiendum
1508 4203 1606 4268 prae·

377 4305 432 4360 ter
452 4295 653 4374 ecclesiam,
679 4303 713 4358 et
734 4292 807 4374 jam
830 4304 925 4359 tecto
945 4294 1075 4376 ligneo,
1096 4295 1225 4376 tegulis
1239 4294 1352 4359 coctis
1372 4309 1479 4376 super
1500 4295 1604 4376 impo-

377 4403 466 4484 sitis,
481 4419 581 4467 more
595 4402 771 4483 Europae,
788 4402 975 4467 ecclesiam
989 4410 1139 4482 texerat,
1161 4401 1324 4484 quamvis
1343 4401 1470 4468 domus
1483 4410 1608 4466 nostra

423 4647 432 4678 ²
460 4643 528 4689 Vide
537 4653 626 4700 supra,
637 4651 655 4688 t.
665 4655 690 4699 v,
701 4654 763 4699 pag.
773 4642 821 4698 ⁶⁷2,
830 4653 855 4688 n.
865 4642 926 4689 105⁶.
