3642 5350
354 436 409 499 696
814 432 942 497 Chaon.
961 434 1039 497 Soc.
1058 435 1130 511 Jns.

355 584 650 665 Montemregium
676 583 890 664 destinatus,
915 594 950 648 et
971 583 1161 648 Marcellus
1184 564 1370 648 Murciam.
1397 579 1585 649 Admissus

355 703 410 758 est
424 691 567 757 tandem
586 692 725 773 Hispali
743 691 782 756 P.
804 690 1036 773 Hippolytus,
1053 691 1172 773 itaque
1192 692 1347 773 quinque
1365 691 1582 772 sacerdotes,

355 812 390 866 et
414 819 479 866 sex
505 808 566 865 aut
592 810 726 881 septem
742 799 872 864 iratres
886 798 935 863 ibi
953 808 1065 863 erant.
1087 799 1255 880 Hospites
1274 797 1465 881 aliquando
1485 816 1582 863 acce·

355 908 484 974 debant
499 908 560 973 alii
572 908 629 972 vel
644 907 690 972 ad
704 906 952 987 suscipiendos
962 906 1106 972 ordines
1116 908 1175 971 vel
1186 908 1266 971 aliis
1277 926 1322 973 ex
1336 908 1466 973 causis.
1480 907 1582 971 Alius

353 1025 541 1101 praeterea
555 1015 736 1096 sacerdos,
753 1016 909 1097 egregiis
924 1016 1032 1080 animi
1047 1014 1189 1081 dotibus
1203 1016 1395 1097 praeditus,
1412 1012 1583 1081 Societati

354 1124 529 1189 sededere
539 1123 608 1188 hac
620 1130 756 1187 aestate
768 1122 963 1203 constituit,
975 1130 1010 1187 et
1024 1121 1187 1203 Augusto
1199 1140 1320 1187 mense
1332 1123 1428 1203 Mag.
1440 1120 1582 1203 Gaspar

354 1232 483 1315 Lopez,
501 1230 561 1312 qui
585 1230 621 1295 ln
637 1230 782 1295 civitate
795 1228 899 1313 Jerez
918 1229 1007 1294 duos
1024 1229 1272 1311 philosophiae
1293 1246 1419 1294 cursus
1440 1245 1581 1311 perege·

353 1347 428 1421 rat,
444 1348 481 1403 et
494 1338 710 1418 theologiam
729 1338 837 1401 etiam
855 1337 1085 1418 praelegebat
1100 1336 1122 1418 ⁸,
1143 1336 1357 1403 Societatem
1377 1338 1513 1419 Hispali
1533 1338 1583 1401 in-

353 1464 499 1529 gressus
521 1456 591 1526 est;
613 1462 693 1511 cum
714 1446 810 1509 enim
828 1445 864 1509 in
885 1445 946 1509 illa
965 1444 1111 1509 civitate
1128 1445 1232 1529 Jerez
1251 1442 1459 1527 Collegium,
1479 1453 1583 1527 prout

353 1556 429 1637 ipse
444 1554 600 1635 optabat,
614 1570 686 1617 non
695 1552 951 1632 institueretur,
964 1553 1161 1634 noluitipse
1173 1554 1326 1634 amplius
1335 1570 1439 1618 suurn
1449 1553 1582 1633 ingres·

352 1680 432 1729 sum
444 1660 599 1726 differre.
1141 1653 1145 1667 '

411 1768 504 1833 3013.
547 1767 686 1833 Auctus
697 1775 750 1833 est
762 1768 869 1833 etiam
880 1785 1060 1845 numerus,
1074 1768 1153 1849 illis,
1167 1769 1226 1851 qui
1238 1769 1333 1852 apud
1343 1767 1437 1835 Sim
1447 1769 1582 1835 Lucam

353 1878 396 1943 de
411 1875 629 1942 Barrameda
645 1875 858 1955 residebant,
875 1874 1051 1957 Hispalim
1071 1876 1310 1956 venientibus;
1331 1878 1395 1943 sed
1415 1877 1454 1941 P.
1477 1877 1578 1961 Joan·

285 2034 287 2039 -
353 2003 417 2051 nes
431 1983 565 2052 Suarez
579 1983 645 2048 sub
662 1991 868 2049 autumnum
883 2000 964 2047 cum
979 1983 1090 2047 fratre
1101 1993 1223 2049 nostro
1235 1984 1370 2066 Teglio,
1386 2004 1408 2049 a
1423 1984 1461 2049 P.
1473 1983 1581 2049 Fran·

353 2094 449 2158 cisco
465 2100 648 2171 evocatae,
665 2090 803 2172 Hispali
818 2092 977 2156 recessit.
994 2090 1073 2155 Non
1085 2092 1207 2156 deerat
1217 2102 1337 2157 tamen
1348 2093 1486 2173 messis,
1499 2093 1581 2157 licet

353 2201 473 2265 multis
488 2199 672 2281 operariis
689 2216 771 2264 curn
785 2208 819 2263 et
834 2199 912 2280 ipsa
928 2199 1056 2263 civitas
1071 2209 1164 2264 esset
1179 2200 1397 2282 amplissima
1411 2208 1447 2265 et
1457 2201 1581 2265 crebro

354 2309 401 2373 ad
416 2305 702 2387 circumjacentia
723 2308 802 2371 loca
822 2318 1069 2386 excurrerent;
1090 2317 1264 2388 quatenus
1284 2310 1378 2373 enirn
1399 2308 1583 2373 observari
1613 2366 1617 2373 .

353 2424 519 2499 poterant
534 2414 692 2496 Regulae
704 2412 893 2481 Societatis
904 2413 941 2478 id
952 2414 1139 2496 diligenter
1150 2415 1268 2495 fiebat,
1284 2434 1366 2481 cum
1380 2414 1581 2481 Provincia·

354 2524 397 2589 lis
412 2522 584 2588 sollicitus
598 2538 723 2587 earum
738 2530 832 2588 esset
855 2531 1018 2598 exact0r3
1035 2530 1070 2585 et
1094 2521 1130 2586 id
1149 2522 1300 2603 insignis
1318 2522 1479 2587 utilitatis
1502 2539 1582 2587 cau·

354 2648 432 2698 sam
447 2648 525 2696 esse
541 2629 579 2697 P.
597 2629 776 2696 Gonzalez
791 2647 856 2696 sua
871 2630 979 2695 etiam
994 2628 1213 2712 experientia
1229 2629 1380 2698 dicebat.

414 2739 459 2806 Et
472 2739 562 2804 haec
575 2738 619 2804 de
633 2738 837 2820 Hispalensi
851 2737 1019 2819 Collegio.

434 3113 499 3181 Da
519 3077 816 3180 connnorono
839 3112 898 3180 s.tl
931 3115 1089 3181 Lucan
1112 3117 1176 3182 on
1202 3115 1502 3182 BARRAMEDA

770 3321 839 3367 HOC
859 3321 955 3370 Auito
980 3323 1168 3370 DISSOLUTO

411 3596 505 3662 3014.
548 3598 586 3665 Ρ.
601 3597 757 3681 Joannes
772 3598 904 3664 Paulus
925 3592 1008 3664 cum
1028 3599 1098 3664 alio
1113 3601 1301 3665 sacerdote
1322 3610 1357 3665 et
1372 3600 1509 3666 duobus
1522 3603 1582 3666 vel

355 3705 469 3770 tribus
482 3705 651 3770 fratribus
670 3706 706 3770 in
723 3707 910 3788 collegiolo
932 3705 993 3771 S.‘¹
1011 3707 1132 3772 Lucae
1152 3709 1376 3789 versabatur,
1397 3718 1433 3773 et
1451 3709 1487 3774 in
1500 3725 1581 3791 gra·

356 3813 443 3877 tiam
461 3812 602 3877 Ducum
621 3813 848 3895 Methymnae
869 3812 1055 3894 Sidoniae,
1076 3815 1159 3880 licet
1178 3816 1367 3897 collegium
1386 3817 1433 3881 ibi
1451 3817 1581 3881 stabili-

355 3931 429 3994 tum
443 3937 514 3985 non
529 3929 622 3984 esset
637 3919 660 3981 ¹.
675 3920 723 3986 Hi
735 3921 889 4002 operarii
900 3922 936 3985 in
949 3922 1008 3986 illo
1020 3922 1149 4004 oppido
1162 3940 1204 3987 ac
1214 3933 1329 4004 portu,
1342 3924 1473 3988 celebri
1483 3925 1582 3988 navi·

354 4027 493 4106 gaturis
514 4029 550 4091 in
571 4027 718 4108 Indiam,
739 4027 954 4106 residebant3
980 4048 1046 4095 nec
1063 4031 1168 4096 otiosi
1181 4031 1218 4094 in
1243 4049 1287 4096 ea
1307 4029 1452 4096 Domini
1477 4033 1581 4098 vinea

354 4135 604 4217 versabantur,
619 4154 703 4202 nam
718 4146 752 4201 et
768 4137 1015 4213 concionibus,
1036 4147 1071 4202 et
1085 4137 1300 4203 christianae
1321 4139 1504 4204 doctrinae
1524 4157 1582 4204 ex·

393 4413 402 4446 ¹
431 4413 498 4458 Vide
512 4413 654 4469 Epistulae
664 4413 776 4468 Mixtae,
785 4422 805 4459 t.
816 4427 833 4466 ι,
845 4427 905 4471 pag.
914 4417 963 4467 509,
973 4417 1021 4472 511,
1031 4417 1079 4469 515,
1089 4418 1138 4470 515,
1147 4417 1196 4462 575.

391 4485 403 4516 ²
430 4483 576 4530 videantur
598 4485 631 4529 ad
651 4486 719 4531 hunc
738 4497 833 4532 annum
857 4495 1006 4542 spectantes
1030 4487 1153 4534 Litterae
1177 4487 1416 4542 Quaarrmestres,
1435 4500 1469 4534 ex
1488 4501 1580 4534 comm,
1643 4541 1650 4558 ι

354 4557 381 4600 Ρ.
392 4555 498 4610 Joannla
508 4557 589 4612 Pauli,
601 4558 662 4603 olim
672 4558 796 4610 Alrarez,
807 4565 827 4604 t.
838 4569 874 4611 rv,
886 4569 947 4614 pag.
956 4559 983 4603 9⁶
993 4566 1019 4604 et
1029 4559 1078 4612 301,
1089 4562 1182 4616 quibus
1193 4560 1319 4605 Polancns
1329 4573 1390 4607 nans
1401 4561 1521 4608 ent-De
1529 4562 1581 4608 Dn-

352 4629 425 4673 cibns
435 4627 600 4683 Methymnae
611 4627 731 4675 Sldonlae
741 4640 772 4674 nc
784 4630 814 4674 de
824 4641 914 4676 eorum
924 4629 984 4687 lillo,
996 4629 1096 4678 Comlte
1107 4633 1138 4678 d·
1148 4633 1249 4688 Niebla,
1260 4633 1359 4680 dictum
1369 4639 1410 4680 est
1426 4646 1514 4693 snpra,
1524 4642 1545 4680 1.
1554 4648 1579 4692 v,

352 4711 412 4758 pag.
422 4699 463 4746 501
473 4707 499 4746 et
509 4701 557 4756 505,
569 4713 593 4746 n.
607 4701 666 4746 1576.
