3642 5350
816 365 880 425 Art.
902 364 972 427 1506
1450 366 1506 427 277

338 512 424 577 1079.
468 511 640 593 Quamvis
664 514 751 577 novi
772 512 976 576 sacerdotes
1005 513 1259 594 poenitentium
1288 528 1503 577 concursum

275 637 444 701 maguum
457 620 640 700 haberent,
657 620 817 684 homines
836 629 957 685 tamen
974 621 1189 702 antiquiores
1209 620 1448 686 confessarios
1469 630 1504 686 et

276 736 392 792 aetate
407 727 651 809 provectiores
666 746 737 792 non
751 727 828 791 sine
842 744 953 792 causa
968 729 1192 809 expetebant.

339 834 426 899 1000.
469 834 618 915 Propter
631 834 814 900 Ecclesiae
829 836 1132 916 perturbationem
1147 845 1181 901 et
1197 835 1407 900 afflictiones
1427 853 1504 900 ora·

275 944 325 1007 tio
340 942 578 1025 quadraginta
591 940 761 1007 horarum
775 944 812 1007 in
826 944 958 1023 templo
972 952 1094 1008 nostro
1110 944 1174 1007 sub
1194 944 1331 1007 initium
1352 943 1504 1023 Augusti

276 1049 341 1113 fuit
362 1050 551 1127 inchoata3
579 1058 715 1113 etcum
741 1065 871 1129 magno
900 1050 1081 1131 utriusque
1110 1068 1216 1114 sexus
1241 1066 1416 1114 concursu
1437 1050 1503 1116 suit

275 1158 449 1221 absoluta.

337 1261 424 1326 1081.
467 1263 678 1328 Nostrorum
690 1264 883 1327 auctoritas
899 1263 993 1343 apud
1008 1266 1139 1345 vulgus
1153 1280 1283 1344 magna
1294 1272 1382 1344 erat,
1403 1262 1503 1344 cujus

272 1371 415 1451 signum
428 1370 514 1435 illud
528 1379 593 1449 est,
615 1371 721 1451 quod,
738 1386 820 1435 cum
841 1371 950 1453 aliqui
968 1388 1012 1434 ex
1028 1372 1158 1436 nostris
1178 1370 1349 1452 quosdam
1364 1370 1502 1451 publice

273 1478 446 1552 ludentes,
460 1494 592 1557 magna
608 1476 830 1541 multitudine
841 1474 1106 1558 circumstante,
1123 1478 1293 1542 vidissent
1306 1488 1342 1541 et
1356 1494 1417 1542 eos
1432 1494 1503 1541 mo·

273 1584 372 1648 desta
396 1582 706 1665 reprehenderent,
723 1594 758 1648 et
786 1584 892 1649 etiam
913 1584 1058 1649 chartas
1078 1586 1273 1661 auferrent,
1296 1584 1502 1666 quibuscum

274 1690 451 1770 ludebant,
468 1693 605 1756 lusores
629 1708 702 1755 non
717 1692 830 1755 solum
847 1692 884 1756 in
902 1694 1034 1774 malam
1053 1702 1190 1774 partem
1214 1691 1250 1754 id
1268 1709 1339 1756 non
1360 1707 1502 1773 accepe·

274 1808 367 1877 runt,
384 1798 447 1862 sed
462 1800 522 1879 qui
537 1800 629 1863 inter
640 1815 702 1861 eos
712 1798 847 1879 primas
862 1798 1021 1878 gerebat,
1038 1800 1194 1863 omnium
1209 1799 1350 1863 nomine
1362 1798 1503 1862 veniam

273 1906 466 1987 postulavit
487 1906 542 1970 sui
561 1906 704 1984 erroris,
728 1914 762 1969 et
785 1905 947 1985 promisit
972 1922 1010 1969 se
1032 1907 1070 1970 in
1096 1905 1223 1986 ignem*
1240 1914 1274 1969 et
1294 1922 1453 1969 mensam
1468 1914 1503 1968 et

273 2012 420 2077 chartas
434 2012 637 2077 missurum.

335 2119 423 2184 1082.
466 2120 567 2185 Initio
582 2120 796 2184 Novembris
810 2119 960 2199 repetita
982 2130 1036 2183 est
1055 2120 1169 2185 oratio
1185 2120 1244 2184 illa
1265 2120 1502 2201 quadraginta

272 2227 458 2308 horarum,
486 2228 615 2310 partim
638 2244 703 2308 pro
729 2224 916 2304 defunctis
943 2216 1073 2308 partim
1098 2244 1163 2307 pro
1189 2226 1360 2290 bellorum
1384 2224 1501 2307 pacili-

273 2334 435 2413 catione;
462 2344 497 2399 et
524 2334 582 2397 hic
615 2334 722 2397 etiarn
751 2332 928 2397 maximus
962 2333 1028 2397 fuit
1059 2349 1264 2412 concursus,
1293 2342 1326 2396 et
1349 2332 1427 2413 ipso
1446 2330 1502 2396 die

274 2440 439 2506 Omnium
473 2440 684 2505 Sanctorum
708 2440 866 2505 sexcenti
890 2448 1013 2504 nostra
1039 2441 1075 2504 in
1096 2442 1245 2505 ecclesia
1269 2440 1502 2505 communica·

274 2558 355 2611 runt
368 2550 446 2630 plus
461 2548 590 2626 minus,
611 2555 753 2628 praeter
771 2548 902 2610 multas
920 2546 1069 2611 devotas
1084 2548 1259 2627 mulieres,
1276 2563 1366 2628 quae
1382 2546 1451 2610 alio
1467 2545 1501 2609 in

273 2657 403 2736 templo
422 2654 738 2720 communicarunt.
1401 2715 1404 2724 ,

335 2761 423 2826 1083.
466 2761 544 2826 Hoc
559 2771 729 2826 autumno
743 2759 781 2826 P.
804 2761 1039 2827 Prouincialis
1058 2760 1222 2826 Messana
1244 2761 1280 2825 in
1300 2761 1502 2826 triremibus

275 2870 423 2934 recessit
441 2886 522 2934 cum
541 2868 721 2949 Pro-rege3
744 2867 807 2932 sed
826 2885 907 2932 cum
926 2869 1017 2932 ultra
1036 2867 1158 2933 fauces
1176 2869 1255 2933 illas
1275 2869 1395 2948 maris,
1411 2886 1502 2950 quae

273 2975 476 3041 Calabriam
495 2993 517 3039 a
536 2973 656 3040 Sicilia
681 2975 861 3052 dividunt,
882 2975 1140 3055 aliquantulum
1159 2991 1372 3057 progressus
1393 2985 1500 3053 esset,

270 3091 378 3148 vento
393 3092 541 3162 mutato,
558 3099 624 3147 nec
638 3083 786 3146 ulterius
805 3081 977 3164 progredi
991 3100 1057 3146 nec
1073 3082 1276 3146 Messanam
1290 3081 1406 3148 redire
1421 3093 1502 3163 post

270 3191 425 3255 triduum
449 3197 651 3271 potuerunt,
666 3188 731 3253 sed
745 3189 886 3254 demum
901 3187 1104 3258 Messanam
1119 3190 1282 3254 triremes
1303 3189 1499 3268 redierunt,

271 3305 318 3377 et,
334 3305 523 3379 expectata
536 3304 724 3360 ventorum
744 3295 1007 3374 commoditate,
1028 3296 1142 3360 denuo
1163 3296 1430 3376 navigationem
1446 3312 1498 3359 re-

270 3405 450 3486 petierunt
465 3413 500 3467 et
513 3402 652 3468 felicius
666 3403 903 3467 coniecerunt.

334 3509 423 3574 1084.
466 3509 567 3590 Quae
581 3510 618 3574 in
632 3512 774 3591 populo,
791 3510 878 3573 Itala
893 3517 1034 3585 vocato,
1051 3519 1154 3590 gesta
1169 3520 1263 3587 sunt,
1277 3507 1500 3575 Messanensi

271 3618 430 3698 Collegio
444 3618 563 3682 vicino
577 3626 659 3680 sunt
674 3616 921 3696 adscribenda;
938 3616 1093 3681 distabat
1108 3617 1311 3698 quingentis
1330 3617 1403 3682 sere
1420 3634 1500 3699 pas·

270 3725 368 3790 sibus
381 3726 440 3790 hic
453 3725 603 3807 populus
618 3743 640 3788 a
654 3724 882 3803 monasterio,
899 3724 958 3788 cui
972 3723 1132 3789 subditus
1148 3733 1236 3804 erat,
1253 3733 1289 3788 et
1309 3724 1410 3804 cujus
1426 3724 1499 3788 Ab·

270 3834 365 3898 batia
379 3832 534 3897 Domino
548 3830 706 3896 Antonio
722 3833 765 3896 de
780 3831 896 3911 Vega,
913 3830 1094 3912 Pro-regis
1113 3831 1228 3911 fratri,
1249 3833 1497 3896 commendata

270 3949 348 4006 erat
364 3940 385 4005 ⁹.
401 3939 439 4005 P.
457 3939 584 4003 Daniel
598 3938 775 4004 Paribuch
788 3940 811 4019 ¹,
828 3957 870 4003 eo
882 3941 1022 4017 missuS,
1040 3948 1152 4004 totum
1166 3940 1240 4004 lere
1255 3939 1348 4003 hunc
1366 3957 1498 4004 annum

269 4049 319 4112 ibi
334 4066 415 4113 cum
429 4049 527 4113 socio
542 4048 672 4128 exegit.

334 4155 422 4220 1005.
466 4156 637 4221 italenses
659 4162 865 4218 nostrorum
891 4156 1092 4234 praesentia
1113 4155 1217 4219 valde
1232 4157 1268 4220 in
1294 4156 1419 4238 spiritu
1444 4172 1496 4219 re·

270 4263 494 4343 creabantur;
517 4281 583 4327 nec
610 4263 750 4340 mirum,
778 4278 858 4325 cum
883 4280 922 4325 se
947 4279 1099 4342 suosque
1127 4263 1218 4327 iiiios
1243 4262 1288 4327 ad
1318 4263 1499 4327 meliorem

271 4380 402 4436 statum
418 4388 481 4451 per
495 4387 557 4434 eos
572 4368 739 4434 reductos
755 4385 833 4432 esse
849 4379 1096 4448 agnoscerent.
1117 4369 1243 4434 Socius
1258 4372 1351 4435 enim
1372 4370 1410 4434 Ρ.
1424 4369 1496 4466 ¹Da·

312 4539 320 4570 1
350 4537 417 4583 Vide
429 4549 517 4594 supra,
529 4544 551 4584 t,
559 4547 667 4594 qung.
677 4535 726 4589 202,
737 4549 762 4581 n.
773 4537 813 4580 413
823 4548 882 4582 cum
891 4541 980 4584 aanor·
991 4537 1012 4580 3.

310 4607 322 4642 ¹
349 4609 528 4668 Paeybroeek.
538 4609 604 4654 Vide
614 4620 702 4664 supra,
713 4620 772 4666 pag.
782 4608 830 4666 271,
839 4620 864 4653 n.
876 4608 937 4657 tote.
