3642 5350
349 442 404 501 676
806 441 934 504 curor.
955 439 1032 502 Soc.
1053 440 1122 515 Jns.

347 587 441 652 dnba
461 589 595 669 aliquot
620 588 723 657 ulnas
740 589 846 652 serici
865 597 900 652 et
916 605 983 652 vas
997 595 1207 668 argenteum
1221 586 1258 649 in
1277 584 1475 666 praemium
1493 601 1572 664 pro·

347 696 465 779 posuit
480 696 502 757 ¹.

403 802 493 868 2909.
537 803 627 868 Cum
652 819 740 884 ergo
768 803 967 885 Episcopus
995 811 1133 867 mature
1161 803 1351 868 admodum
1378 803 1415 866 in
1440 809 1571 866 octava

343 910 652 992 CorporisChristi
662 911 818 975 venisset
830 911 877 975 ad
888 909 1096 990 Collegium,
1106 909 1389 976 benedictionem
1399 909 1571 975 ecclesiae

344 1036 408 1100 per
421 1020 576 1100 seipsum
591 1019 746 1100 peregit,
763 1028 797 1083 et
811 1018 961 1101 ipsemet
976 1035 1143 1098 egressus
1158 1028 1211 1083 est
1226 1019 1272 1083 ad
1287 1035 1408 1083 aream
1421 1027 1456 1082 et
1470 1017 1569 1080 scho-

344 1129 398 1190 las
412 1143 506 1207 aqua
520 1126 705 1190 benedicta
722 1124 965 1206 aspergendas
1001 1124 1130 1189 Secuta
1145 1134 1198 1189 est
1216 1125 1341 1190 deinde
1361 1124 1470 1189 Missa
1488 1141 1570 1194 cum

342 1249 474 1313 magna
489 1242 675 1299 cantorum
689 1242 724 1298 et
738 1235 1053 1300 instrumentorum
1066 1233 1351 1314 praeparatione.
1367 1232 1504 1297 Deinde
1525 1231 1571 1296 ad

346 1341 532 1422 prandium
545 1341 609 1405 init
623 1342 795 1405 invitatus
816 1339 1016 1422 Episcopus
1031 1358 1053 1404 a
1067 1339 1221 1405 Domino
1238 1340 1391 1424 Joanne,
1411 1341 1471 1421 qui
1486 1357 1571 1421 prae

345 1449 485 1512 animae
502 1448 635 1512 laetitia
655 1448 854 1527 exultabam
881 1456 917 1511 et
940 1449 1063 1512 videre
1087 1448 1351 1513 sanctissimum
1372 1465 1571 1512 sacramen-

344 1567 419 1619 tnm
433 1556 470 1618 in
483 1571 548 1619 suo
563 1555 721 1636 Collegio
737 1555 949 1636 repositum,
970 1555 1080 1637 pluris
1099 1573 1137 1620 se
1151 1553 1271 1620 facere
1285 1554 1424 1619 dicebat
1445 1554 1571 1618 benefi-

296 1718 301 1734 ,
343 1662 435 1725 cium
455 1662 500 1726 ab
518 1662 694 1743 Episcopo
714 1680 756 1726 ea
775 1663 812 1726 in
833 1680 872 1726 re
893 1671 1091 1744 acceptum,
1106 1680 1213 1744 quam
1231 1663 1262 1726 si
1284 1663 1567 1743 archiepiscopa-

343 1779 418 1832 tum
434 1770 628 1834 toletanum
639 1770 848 1852 accepisset.

402 1875 494 1940 2910.
537 1876 673 1956 Quarta
688 1878 777 1940 hora
791 1887 871 1959 post
885 1876 1069 1942 meridiem
1083 1895 1128 1942 ex
1143 1879 1294 1942 ecclesia
1309 1875 1568 1955 S.t¹Dominici,

343 2000 433 2064 quae
453 2001 564 2064 prope
585 1983 782 2064 Collegium
796 1993 867 2064 est,
887 1985 1152 2049 sanctissimum
1171 1995 1432 2050 sacramentum
1454 1985 1490 2048 in
1509 2001 1570 2048 no·

341 2098 454 2154 stram
479 2074 665 2155 ecclesiam
692 2109 772 2156 cum
797 2108 928 2171 magna
953 2092 1175 2156 solemnitate
1195 2093 1259 2156 fuit
1273 2092 1438 2156 delatum.
1464 2091 1568 2156 Prae·

340 2197 514 2261 cedebant
529 2216 652 2263 omnes
667 2200 919 2280 parochiarum
933 2217 1070 2280 cruces;
1087 2199 1171 2263 etin
1186 2200 1338 2280 singulis
1352 2211 1506 2280 quatuor
1522 2200 1569 2264 al·

341 2305 492 2384 taribuS,
510 2323 601 2386 quae
615 2316 830 2389 praeparata
852 2307 1006 2372 diximus
1025 2307 1062 2370 in
1076 2325 1180 2387 area,
1203 2307 1374 2372 stationes
1395 2307 1512 2372 factae
1535 2317 1570 2370 et

344 2412 504 2476 carmina
529 2413 566 2476 in
589 2414 730 2478 laudem
754 2415 971 2479 sanctissimi
995 2415 1210 2479 sacramenti
1234 2414 1423 2478 decantata
1450 2411 1569 2496 [sunt];

342 2518 600 2599 praecedebant
624 2529 659 2584 et
678 2521 853 2601 quaedam
871 2522 1024 2586 choreae
1049 2520 1155 2586 valde
1173 2530 1321 2586 ornatae
1343 2522 1569 2586 scholastico·

342 2643 437 2706 rum,
454 2627 580 2707 quibus
595 2629 705 2710 aliqui
718 2629 854 2694 nobiles
867 2646 907 2693 se
924 2627 1179 2709 adjunxerunt,
1196 2639 1230 2694 et
1244 2631 1392 2695 multum
1408 2628 1569 2695 aedifica·

340 2734 447 2799 tionis
467 2737 709 2815 spectantibus
733 2735 917 2801 dederunt.
940 2738 985 2801 Et
1006 2739 1055 2801 ita
1078 2738 1123 2801 ad
1148 2738 1336 2801 ecclesiam
1360 2747 1568 2818 perventum

340 2850 413 2921 est,
440 2842 500 2905 ubi
523 2843 787 2908 sanctissimum
812 2854 1075 2909 sacramentum
1100 2844 1165 2908 suit
1192 2844 1403 2925 repositum;
1430 2854 1464 2908 et
1490 2861 1569 2908 cum

341 2949 460 3027 aliqua
475 2959 742 3030 repraesentata
757 2961 792 3016 et
807 2960 953 3016 cantata
972 2952 1121 3015 inissent
1136 2951 1179 3015 de
1194 2950 1317 3015 eodem
1332 2960 1567 3027 sacrament0,

340 3054 444 3118 rediit
460 3056 506 3120 ad
520 3055 663 3120 domum
682 3068 841 3123 nostram
861 3059 1058 3139 Episcopus
1077 3068 1112 3123 et
1131 3077 1211 3123 cum
1231 3060 1310 3123 aliis
1325 3059 1442 3123 multis
1461 3059 1570 3123 dialo-

338 3161 476 3239 gumde
487 3164 1030 3245 sanctissimosacramentO,per
1039 3166 1272 3229 scholasticos
1284 3168 1427 3247 egregie
1437 3174 1567 3243 actum,

341 3285 423 3333 cum
437 3271 680 3335 consolatione
693 3272 840 3354 audivit;
856 3282 892 3336 et
906 3274 958 3337 sic
974 3273 1115 3338 demum
1129 3273 1326 3354 Episcopus
1340 3274 1499 3337 recessit.

399 3376 491 3439 2911.
535 3377 623 3442 Cum
652 3388 770 3443 autem
798 3383 931 3443 multae
960 3380 1125 3444 mulieres
1150 3381 1417 3459 convenissent,
1444 3379 1570 3444 necin

340 3481 536 3563 Collegium
551 3485 668 3549 aditus
687 3486 739 3549 eis
758 3496 912 3567 pateret,
935 3486 1029 3567 quod
1048 3487 1249 3551 institutum
1263 3495 1423 3551 nostrum
1442 3487 1477 3551 id
1498 3504 1568 3551 non

339 3590 440 3670 ferat,
458 3589 495 3653 P.
512 3590 748 3657 Prouincialis
763 3594 809 3657 ad
823 3594 967 3658 easdem
983 3594 1189 3659 concionem
1205 3596 1241 3658 in
1262 3595 1413 3659 ecclesia
1433 3594 1476 3657 de
1491 3612 1568 3657 san·

337 3696 494 3762 ctissimo
515 3710 739 3764 sacramento
762 3701 901 3781 habuit,
923 3702 1018 3782 quod
1040 3700 1160 3767 utilius
1185 3712 1220 3767 et
1240 3703 1379 3783 gratius
1404 3700 1490 3781 ipsis
1512 3718 1567 3765 ac-

338 3804 423 3867 cidit
439 3822 547 3886 quam
561 3807 592 3869 si
606 3806 799 3887 dialogum,
816 3818 922 3889 prout
937 3809 1138 3890 cupierant,
1155 3810 1385 3874 audivissent.
1407 3806 1465 3871 Sic
1480 3824 1567 3887 ergo

335 3929 417 3975 cum
444 3929 582 3976 summa
611 3922 814 3979 nostrorum
842 3917 978 3981 laetitia
1005 3916 1113 3980 Sam
1145 3916 1408 3981 Eucharistiam
1436 3914 1568 3978 habere

336 4020 448 4082 nostri
463 4020 501 4083 in
514 4037 580 4083 suo
594 4024 726 4086 sacello
741 4033 944 4104 coeperunt.

397 4124 486 4188 2912.
527 4128 677 4207 Propter
690 4139 822 4208 aestus
839 4131 900 4210 qui
915 4129 1104 4196 Cordubae
1119 4134 1155 4197 in
1170 4144 1305 4198 aestate
1317 4144 1398 4199 sunt
1410 4134 1568 4214 maximi,

333 4234 464 4296 remitti
486 4234 621 4315 aliquot
640 4236 820 4301 mensibus
842 4237 959 4301 studia
979 4256 1024 4302 ex
1046 4250 1148 4320 parte
1166 4241 1377 4318 debuerunt,
1401 4242 1566 4323 quamvis

333 4358 437 4403 mane
463 4351 498 4405 et
523 4360 672 4423 vespere
697 4344 733 4407 in
758 4344 908 4425 singulis
933 4347 1107 4411 classibus
1133 4348 1264 4429 aliquid
1291 4350 1337 4412 sit
1366 4360 1496 4428 actum,
1522 4366 1568 4412 ne

332 4448 536 4513 scholastici
552 4450 624 4514 otio
638 4449 937 4531 distraherentur,
955 4463 990 4516 et
1005 4454 1211 4533 ingratiam
1227 4474 1364 4535 eorum,
1381 4456 1440 4538 qui
1454 4456 1569 4537 philo·

371 4688 380 4720 ¹
407 4686 530 4733 Litterae
538 4688 769 4743 Quadrimestres,
778 4696 797 4735 t.
805 4702 840 4746 tv,
850 4704 912 4749 pag.
920 4693 969 4737 389.
