3642 5350
381 418 435 479 690
838 416 964 477 Cuaou.
986 414 1062 477 Soc.
1084 417 1153 491 Jns.

380 563 522 630 Ducum
537 560 606 647 [de]
621 564 747 644 Areos,
763 562 808 627 ad
819 579 943 628 eorum
954 561 1197 627 confessiones
1209 561 1404 627 audiendas
1414 570 1449 626 et
1459 562 1609 625 verbum

380 670 448 736 Dei
461 668 737 753 praedicandum
753 689 791 735 se
806 670 967 747 contulit;
983 679 1018 733 et
1038 669 1167 733 mirum
1186 678 1262 733 erat
1275 668 1445 749 studium,
1468 686 1537 751 quo
1558 669 1609 733 illi

379 780 468 846 clari
482 780 591 843 duces
605 779 651 843 ad
664 778 861 859 profectum
876 794 982 842 suum
996 786 1031 840 et
1043 794 1190 840 suorum
1205 775 1450 845 afficiebantur
1462 773 1484 841 ¹.

437 884 528 951 2980.
572 864 744 966 Quamvis
769 893 887 949 autem
917 880 1115 963 hujusmodi
1140 884 1339 948 functiones
1364 882 1606 965 professorum

377 1001 640 1070 exercerentur,
669 992 774 1056 lectio
800 990 1028 1055 nibilominus
1052 992 1254 1071 theologica
1279 1008 1383 1055 mane
1408 1000 1443 1055 et
1467 993 1608 1073 vesperi

377 1101 474 1167 domi
486 1110 629 1166 nostrae
644 1099 838 1179 legebatur,
857 1116 963 1179 quam
978 1116 1042 1163 sex
1056 1116 1102 1162 ex
1116 1100 1249 1164 nostris
1263 1098 1464 1163 audiebant.

435 1206 526 1273 2981.
558 1206 712 1271 ·Accidit
727 1214 846 1271 autem
857 1216 896 1270 ut
910 1204 1048 1287 Hispali
1062 1206 1099 1269 in
1110 1203 1214 1285 bujus
1225 1206 1309 1270 anni
1321 1205 1608 1287 Quadragesima

376 1314 519 1398 quidam
540 1314 745 1395 religiosus,
775 1312 981 1379 Ludovicus
1005 1313 1049 1377 de
1074 1314 1108 1376 la
1133 1313 1226 1379 Cruz
1251 1313 1394 1378 nomine
1420 1312 1444 1393 ⁸,
1472 1314 1608 1379 ordinis

375 1422 677 1502 Praedicatorum,
693 1420 832 1500 nobiliS,
849 1430 944 1484 etex
964 1419 1089 1484 eadem
1102 1420 1249 1484 civitate
1265 1420 1381 1501 ortuS,
1397 1420 1553 1502 iugenio,
1571 1431 1606 1485 et

376 1528 538 1595 doctrina
553 1538 587 1593 et
606 1527 807 1609 eloquentia
826 1544 898 1590 non
920 1526 1077 1607 vulgari,
1094 1524 1309 1593 Societatem
1329 1536 1489 1593 nostram
1506 1544 1607 1593 exer·

376 1634 525 1701 cendam
549 1634 756 1717 susciperet.
783 1634 1002 1699 Benevolum
1030 1651 1069 1697 se
1094 1633 1284 1715 aliquando
1306 1636 1364 1699 ille
1388 1633 1603 1715 ostenderat,

376 1742 469 1825 quod
491 1751 526 1807 et
547 1742 746 1807 institutum
769 1750 932 1805 nostrum
950 1740 1117 1821 probaret
1137 1751 1172 1804 et
1191 1740 1381 1822 quemdam
1395 1743 1605 1822 consangui-

375 1867 481 1915 neum
493 1850 527 1915 in
540 1846 719 1913 Societate
730 1848 889 1927 haberet;
902 1847 965 1912 sed
979 1864 1062 1912 cum
1072 1849 1173 1927 alter,
1186 1850 1246 1928 qui
1257 1866 1302 1913 ex
1313 1865 1438 1913 sorore
1449 1850 1482 1913 ei
1492 1866 1606 1930 nepos

375 1967 464 2038 erat,
481 1955 696 2021 Societatem
710 1954 836 2021 fuisset
850 1954 927 2019 sine
943 1953 1019 2037 ejus
1038 1971 1214 2020 consensu
1235 1956 1435 2036 ingressus,
1455 1974 1521 2021 uec
1536 1965 1605 2021 sta-

375 2064 438 2129 tim
457 2063 671 2144 relinqueret
693 2062 969 2143 consanguineis
988 2072 1176 2144 paternam
1195 2062 1468 2141 haereditatem,
1489 2065 1605 2145 coepit

322 2156 326 2161 ’
376 2172 525 2236 infestus
549 2186 629 2234 esse
653 2168 834 2251 societati,
859 2180 893 2235 et
914 2186 980 2249 pro
1001 2170 1173 2234 concione
1195 2170 1311 2251 coepit
1330 2171 1510 2236 miseriam
1529 2170 1605 2254 eJ'us

376 2278 532 2344 civitatis
553 2277 755 2358 deplorare,
777 2295 868 2358 quae
887 2278 941 2343 sic
965 2276 1186 2356 excipiendis
1206 2278 1414 2343 haeresibus
1432 2288 1526 2343 esset
1546 2298 1604 2344 ex·

374 2386 504 2468 posita.

432 2491 526 2557 2982.
566 2491 704 2557 Deinde
718 2492 834 2574 coepit
854 2493 974 2558 invehi
993 2493 1029 2557 in
1051 2493 1235 2575 quosdam,
1257 2495 1328 2577 qui,
1346 2512 1426 2559 cum
1447 2495 1603 2559 exterius

372 2600 575 2684 spirituales
589 2607 818 2683 apparerent,
838 2600 934 2665 intus
954 2600 1146 2665 ambitione
1166 2610 1200 2665 et
1219 2602 1374 2667 avaritia
1394 2602 1600 2684 flagrarent.

372 2709 562 2775 Mentalem
577 2709 774 2773 orationem
792 2708 1091 2789 reprehendebat,
1112 2717 1186 2773 uta
1210 2712 1305 2774 nullo
1325 2721 1531 2776 sanctorum
1550 2711 1600 2776 in·

372 2826 535 2892 ventam;
556 2815 620 2880 sed
641 2814 686 2881 ad
705 2815 962 2881 dementandos
982 2815 1145 2882 homines
1169 2827 1204 2882 et
1228 2819 1455 2884 devorandas
1476 2819 1601 2884 domos

373 2923 561 2988 viduarum
575 2921 829 3002 excogitatam,
841 2923 878 2987 in
893 2923 1144 2988 detrimentum
1155 2925 1374 3006 psalmodiae
1388 2927 1425 2991 in
1439 2926 1600 2991 Ecclesia

372 3040 575 3097 consuetae.
592 3029 793 3095 Conciones
807 3030 843 3094 in
859 3030 986 3112 plateis
1000 3039 1035 3094 et
1050 3032 1199 3112 publicis
1213 3032 1300 3096 locis
1316 3033 1469 3110 babitus,
1489 3033 1601 3098 ambi·

371 3139 477 3203 tionis
490 3137 692 3203 damnabat.
708 3135 869 3202 Studium
884 3139 921 3202 in
937 3137 1189 3220 promovendis
1200 3139 1455 3220 poenitentium
1470 3140 1599 3204 animis

373 3246 547 3310 avaritiae
562 3244 751 3310 tribuebat.
770 3244 889 3309 Animi
905 3246 1121 3326 aequitatem
1135 3246 1181 3310 ad
1198 3246 1351 3312 adversa
1370 3256 1407 3311 et
1426 3264 1598 3329 prospera

371 3361 406 3418 et
420 3350 618 3435 hujusmodi
634 3349 848 3435 [tamquam]
869 3352 1041 3434 dogmata
1054 3354 1332 3418 illuminatorum
1352 3373 1396 3420 ac
1416 3356 1597 3420 derelicto·

370 3477 448 3526 rum
463 3461 646 3538 (baeretici
661 3461 697 3524 hi
712 3459 902 3541 aliquando
918 3460 954 3524 in
968 3459 1142 3541 Hispania
1157 3461 1309 3541 fuerant,
1327 3460 1543 3544 [damnabat]
1558 3461 1595 3542 ⁸):

369 3568 723 3634 communicationem
734 3567 941 3632 meritorum
952 3566 1112 3632 haeresis
1127 3569 1342 3633 convincere
1356 3570 1545 3649 nitebatur,
1558 3580 1597 3634 ut

368 3692 459 3758 quae
474 3674 654 3740 videretur
673 3675 813 3756 gratiae
832 3675 1080 3740 certitudinem
1098 3692 1309 3756 supponere.
1326 3675 1478 3741 Demum
1496 3675 1596 3741 Anti·

369 3781 491 3848 christi
505 3799 758 3864 praecursores
769 3779 843 3862 jam
857 3799 896 3847 se
910 3800 1058 3848 cernere
1072 3783 1316 3863 asseverabat,
1329 3793 1364 3847 et
1375 3801 1414 3848 se
1425 3783 1471 3848 ad
1483 3781 1595 3865 lnqui-

367 3890 495 3954 sitores
514 3889 715 3954 haereticae
735 3889 925 3970 pravitatis
938 3898 950 3931 ⁴
965 3887 1076 3970 [banc
1091 3887 1244 3971 pestem]
1266 3890 1466 3955 delaturum
1486 3879 1595 3956 mina·

367 3997 482 4062 batur.

424 4103 515 4168 2983.
559 4103 732 4184 Quamvis
750 4110 867 4166 autem
888 4111 1022 4167 taceret
1040 4102 1230 4169 Societatis
1252 4122 1396 4184 nomeu,
1417 4105 1480 4170 vix
1501 4106 1593 4171 ullus

366 4221 443 4276 erat
461 4211 673 4290 auditorum,
696 4210 756 4290 qui
774 4226 845 4274 non
867 4209 1080 4290 intelligeret
1099 4228 1180 4275 eum
1199 4211 1243 4275 de
1265 4211 1445 4278 Societate
1467 4222 1591 4278 nostra

406 4380 416 4414 ¹
443 4379 565 4426 Litterae
574 4379 805 4434 Quadrtmestres,
815 4385 835 4426 t.
845 4391 881 4436 tv,
892 4391 953 4436 pag.
963 4380 1012 4432 tta,
1023 4387 1111 4426 annot.
1122 4383 1143 4435 5,
1155 4389 1181 4426 et
1197 4393 1285 4437 supra,
1297 4395 1322 4428 n.
1335 4381 1398 4427 2968.
1412 4382 1450 4426 De
1460 4389 1593 4438 praestan·

365 4449 471 4494 tlulmis
481 4450 522 4495 bis
532 4449 647 4495 Ducibus
656 4449 725 4495 inira
735 4449 831 4496 redibit
841 4460 936 4502 sermo,
946 4461 972 4494 n.
980 4449 1036 4494 8947
1045 4455 1072 4493 et
1081 4460 1135 4504 seq.

403 4520 415 4553 ¹
442 4521 509 4566 Vide
519 4521 595 4576 inira,
607 4533 631 4566 n.
640 4519 704 4575 tout,
714 4522 758 4566 ubl
768 4533 833 4566 vera
843 4521 920 4576 buius
929 4521 1008 4567 anlml
1019 4532 1035 4565 a
1046 4521 1177 4565 societate
1185 4523 1293 4568 alleuati
1303 4525 1422 4579 aperitur
1432 4533 1521 4570 causa.

403 4593 415 4626 Ι
441 4593 510 4638 Vide
520 4593 641 4638 Litterae
652 4593 880 4646 quadrimum.
890 4600 909 4638 t.
921 4605 956 4644 iv,
967 4603 1019 4647 pag
1039 4591 1081 4637 262
1090 4598 1117 4637 et
1125 4593 1175 4638 ¹2⁶3.

405 4667 417 4699 ⁴
442 4664 490 4710 lde.
500 4665 596 4720 repetit
606 4666 699 4710 lterum
709 4675 748 4708 se.
