3642 5350
782 448 846 506 Art.
869 446 939 507 1556
1419 446 1474 505 457

241 608 313 655 non
328 589 495 671 sperabat
510 588 548 653 P.
565 588 814 684 Ribadeneyra
829 591 949 671 (prout
961 592 999 655 in
1014 594 1113 657 curia
1134 594 1223 656 satis
1237 593 1473 670 intellexerat)

243 716 301 763 res
315 708 458 761 nostras
473 696 571 761 illum
587 714 665 761 esse
680 708 936 777 promoturum.

306 802 393 868 1968.
441 803 675 883 Praecipuum
708 815 826 869 autem
867 806 1050 886 negotium
1087 822 1237 886 gravem
1270 806 1473 887 patiebatur

243 910 489 977 adversarium
518 910 808 988 Granvellanum,
839 910 1055 992 Episcopum
1083 912 1387 995 Attrebatensem,
1417 916 1474 977 cui

244 1019 394 1083 Praeses
409 1018 551 1097 Viglius
567 1014 876 1097 conjunctissimus
891 1028 980 1098 erat,
1001 1028 1036 1082 et
1049 1020 1143 1083 idem
1159 1020 1194 1084 in
1214 1022 1365 1100 collegio
1381 1020 1475 1084 illius

244 1125 441 1191 fundatoris
465 1124 626 1200 sabaudi,
649 1126 781 1189 nostris
799 1126 988 1206 diligenter
1002 1127 1187 1191 obstiterat
1212 1128 1234 1191 ¹.
1261 1128 1306 1192 Et
1330 1128 1413 1208 quia
1438 1130 1475 1191 in

243 1235 349 1297 rebus
363 1234 503 1297 illarum
518 1232 783 1311 provinciarum
800 1235 1057 1315 circumspecte
1067 1234 1146 1298 Rex
1157 1234 1340 1316 Philippus
1354 1253 1476 1317 proce·

243 1340 361 1419 debat,
378 1340 495 1403 timeri
510 1339 637 1403 merito
658 1350 810 1420 poterat,
833 1358 877 1404 ne
895 1340 1001 1421 hujus
1019 1341 1153 1421 negotii
1174 1358 1405 1423 progressum
1425 1343 1476 1406 illi

242 1447 465 1527 impedirent.

307 1552 395 1617 1969.
438 1552 482 1616 Et
493 1554 659 1634 quamvis
671 1554 779 1634 aliqui
790 1564 935 1617 nostros
947 1554 1107 1619 adituros
1119 1555 1347 1620 Cardinalem
1363 1554 1477 1620 Gran·

244 1662 424 1725 vellanum
443 1642 659 1739 et'Viglium
680 1660 872 1724 censebant
891 1660 914 1740 ¹,
932 1663 1128 1725 consultius
1147 1672 1268 1726 tamen
1287 1662 1477 1727 videbatur

184 1792 195 1812 ·
243 1768 374 1833 Comiti
389 1766 516 1831 Feriae
531 1776 565 1830 et
581 1766 660 1830 aliis
680 1767 816 1845 amiciS,
834 1776 873 1831 ut
889 1784 910 1830 a
929 1767 1029 1847 Rege
1050 1769 1128 1849 ipso
1148 1786 1358 1850 responsum
1371 1786 1476 1849 expe-

244 1885 384 1940 ctarent
400 1873 422 1951 ³,
438 1891 510 1937 non
525 1874 570 1937 ab
591 1874 672 1951 illis,
693 1874 753 1955 qui
772 1886 896 1938 nostra
917 1876 1108 1955 privilegia
1126 1878 1249 1940 videre
1269 1886 1305 1941 et
1323 1877 1477 1940 limitare

245 1985 338 2047 velle
352 1982 559 2047 viderentur
570 1978 593 2040 ⁸.
607 1980 651 2045 Et
663 1998 743 2045 cum
756 1982 905 2045 dixisset
917 1981 1177 2063 Ribadeneyra,
1191 2000 1257 2047 nec
1269 1984 1315 2047 ad
1328 1984 1475 2063 Regem,

245 2109 311 2155 nec
327 2090 372 2153 ad
387 2087 462 2168 ejus
478 2087 683 2166 Consilium,
698 2105 764 2152 nec
780 2090 825 2151 ad
842 2090 950 2152 ullum
962 2090 1165 2153 inferiorem
1177 2074 1354 2171 pertinere
1369 2090 1478 2154 refor-

243 2199 436 2263 mationem
458 2196 731 2259 concessionum
745 2194 847 2260 Sedis
867 2194 1114 2277 Apostolicae,
1132 2208 1166 2261 et
1181 2196 1216 2261 id
1240 2198 1369 2262 Comes
1388 2179 1477 2277 Regi

247 2306 434 2384 retulisset,
451 2305 629 2368 fatebatur
649 2303 727 2367 Rex
741 2321 901 2367 veruma
917 2304 1051 2367 nostris
1071 2305 1159 2382 dici3
1176 2316 1222 2381 et,
1240 2305 1405 2386 quamvis
1420 2322 1478 2385 pe-

189 2406 196 2422 '
245 2412 414 2477 detentim
432 2412 622 2476 admodum
641 2410 904 2491 procederetur,
927 2411 1011 2493 quia
1034 2411 1324 2475 adversariorum
1344 2412 1478 2474 conati·

144 2587 146 2590 .
245 2522 313 2584 bus
326 2520 470 2583 obviam
485 2518 639 2583 eundum
655 2528 743 2595 erat,
760 2536 831 2581 non
846 2518 913 2582 teri
927 2528 1068 2598 tempus
1089 2517 1219 2582 Comiti
1239 2518 1364 2582 Feriae
1385 2516 1479 2582 vide·

246 2629 362 2708 batur,
379 2628 464 2692 etin
479 2626 651 2706 gravibus
672 2624 874 2706 hujusmodi
888 2626 1043 2706 negotiis
1058 2626 1305 2691 devorandum
1319 2625 1356 2690 id
1369 2626 1479 2690 semel

245 2737 432 2814 censebat,
450 2736 617 2812 multum,
633 2735 785 2810 scilicet,
806 2735 978 2816 temporis
997 2751 1076 2798 esse
1095 2732 1377 2815 expendendum.

311 2841 399 2906 1970.
442 2842 558 2906 Etiam
584 2840 759 2905 Dominus
787 2841 912 2904 Petrus
934 2841 977 2904 de
1001 2841 1130 2904 Zarate
1159 2841 1479 2906 contradictionem

246 2967 397 3026 gravem
413 2949 613 3030 patiebatur
628 2967 649 3010 a
665 2948 841 3028 religiosis
855 2947 978 3011 Sancti
989 2947 1173 3013 Francisci
1187 2950 1224 3014 in
1240 2967 1305 3014 suo
1320 2951 1479 3029 negotiu,

248 3066 392 3138 propter
407 3057 476 3120 tria
498 3056 557 3118 illa
583 3055 734 3134 collegia
753 3054 955 3134 SocietatiS,
980 3073 1130 3136 quorum
1146 3074 1254 3121 unum
1276 3057 1480 3136 Hierosoly·
1537 3081 1545 3102 e

247 3163 315 3228 mis
327 3173 404 3227 erat
416 3162 669 3226 instituendum
681 3159 704 3240 ⁸;
718 3171 753 3224 et
766 3171 839 3225 tam
849 3161 887 3224 P.
901 3161 1092 3241 Fresneda,
1108 3164 1349 3228 confessarius
1360 3162 1481 3243 Regis.

245 3288 355 3352 quam
370 3270 408 3335 P.
425 3269 553 3334 Castro
569 3283 604 3333 et
624 3269 700 3346 alii,
727 3270 788 3350 qui
807 3286 976 3348 magnam
1001 3271 1251 3335 auctoritatem
1266 3289 1310 3334 ea
1324 3272 1361 3334 in
1380 3271 1480 3334 curia

249 3379 443 3454 habebant,
465 3377 635 3440 volebant
660 3375 803 3440 omnino
828 3375 867 3439 P.
884 3377 1204 3456 Ignatiumcoram
1226 3377 1374 3442 Notario
1394 3379 1480 3441 resi-

246 3503 362 3566 gnare
376 3503 440 3548 suo
453 3481 534 3563 juri,
559 3482 654 3565 quod
668 3483 821 3546 babebat
842 3481 888 3546 ad
906 3483 1090 3564 praedicta
1106 3487 1255 3566 collegia
1273 3484 1376 3565 juxta
1391 3485 1478 3548 litte·

249 3611 310 3656 ras
326 3592 563 3672 ApostolicaS,
580 3599 615 3654 et
627 3591 697 3654 alia
709 3588 923 3670 huiusmodi,
937 3609 1028 3671 quae
1039 3609 1166 3672 parum
1177 3593 1309 3656 rationi
1321 3609 1481 3655 consona

247 3707 285 3762 et
300 3697 462 3762 decentia
474 3698 696 3776 videbantur;
713 3698 840 3778 quibus
850 3698 994 3762 minime
1005 3697 1182 3763 Dominus
1193 3699 1322 3762 Zarate
1334 3716 1480 3762 consen·

247 3799 317 3874 sit,
347 3797 511 3879 quamvis
540 3815 561 3858 a
590 3795 768 3862 societate
797 3806 921 3860 nostra
948 3795 1150 3878 hujusmodi
1175 3798 1327 3877 collegia
1355 3806 1481 3861 curata

249 3921 432 3986 nunquam
447 3904 606 3980 luissent,
630 3922 696 3967 nec
716 3905 779 3968 tali
804 3904 950 3983 negotio
969 3921 1007 3967 se
1021 3914 1165 3969 nostros
1178 3905 1379 3968 immiscere
1400 3921 1481 3966 con-

246 4012 377 4076 stabat.

289 4253 299 4286 ¹
328 4251 395 4296 Vlde
405 4261 527 4307 cuprum.
541 4252 601 4297 1922.
682 4263 691 4288 ν

288 4326 300 4358 2
326 4325 373 4368 Mn.
383 4323 418 4367 El
428 4325 554 4378 quamvis
563 4324 651 4378 aliqui
659 4327 763 4368 nostros
771 4325 910 4368 adeundos
918 4324 1091 4368 cardinalem
1100 4319 1315 4367 Granvellannm
1324 4324 1351 4364 et
1364 4320 1482 4374 Vlglr’um

245 4397 404 4442 censebant.

289 4468 301 4502 ⁸
327 4467 374 4514 Mn.
385 4471 547 4524 expectaret.

290 4541 302 4573 ⁴
329 4539 375 4584 lis.
388 4551 440 4583 non
451 4540 484 4584 ab
495 4539 561 4590 illis,
569 4539 617 4592 qni
627 4541 719 4581 nostra
728 4537 876 4592 privilegia
886 4539 991 4589 videre,
1000 4540 1027 4581 et
1037 4549 1089 4581 non
1100 4537 1225 4581 Μικίωνα
1233 4537 1303 4580 velle
1313 4537 1482 4580 viderentur.

291 4611 303 4644 ³
330 4611 397 4656 Vide
412 4612 444 4655 de
461 4611 568 4661 huiusce
586 4609 694 4663 Collegll
710 4609 815 4664 negotio
829 4609 889 4664 quld
906 4610 1016 4654 sentiret
1033 4609 1103 4654 Stus.
1118 4610 1249 4664 ignatium
1268 4609 1365 4654 Cantas
1379 4610 1413 4652 de
1428 4609 1483 4651 San

251 4683 371 4737 tgnaclo,
379 4690 399 4729 t.
410 4693 446 4732 vr.
457 4693 516 4737 pag.
526 4681 567 4724 318
577 4687 603 4724 et
614 4691 676 4734 seq,
688 4680 731 4724 ubl
739 4682 807 4725 allae
818 4681 932 4725 citantur
942 4681 1024 4735 ipsius
1034 4682 1065 4726 de
1076 4682 1126 4726 bec
1136 4693 1165 4726 re
1176 4681 1312 4737 epistolae.
