3642 5350
344 396 403 458 604
806 399 936 460 Canos.
956 397 1033 460 Soc.
1054 400 1124 474 Jns.

347 558 388 604 re
403 541 593 622 nitebatur,
609 552 648 606 ut
661 545 870 624 pensionem
889 553 1128 608 trecentorum
1148 543 1358 608 ducatorum
1372 549 1581 623 perpetuam

347 665 457 730 super
477 650 703 731 canonicatu,
724 651 760 714 in
783 669 852 732 quo
872 651 1067 715 succedere
1088 651 1253 731 debebat,
1274 649 1439 714 constitui
1461 650 1578 714 vellet.

345 754 419 820 Sed
434 773 515 820 cum
529 755 565 820 id
579 774 705 836 parum
719 758 938 837 succederet,
955 759 1026 822 alio
1041 759 1235 822 canonicus
1251 753 1407 839 [Puteus]
1423 755 1580 820 animum

348 864 539 942 convertit,
553 872 590 926 ut
602 864 749 942 scilicet,
763 865 888 930 domos
899 865 1116 944 aedificaret,
1129 883 1219 946 quae
1231 863 1411 946 inquilinis
1422 865 1579 927 locaren-

349 980 420 1051 tur,
435 979 474 1034 ut
488 987 534 1034 ex
549 988 672 1034 earum
687 971 859 1037 reditibus
878 971 1076 1052 Collegium
1095 973 1280 1051 ditaretur,
1297 980 1331 1035 et
1346 971 1376 1034 si
1390 971 1449 1035 diu
1471 970 1579 1034 vixis·

348 1086 414 1157 set,
430 1077 526 1158 quod
541 1078 587 1141 ad
602 1077 762 1142 aedificia
777 1095 975 1160 propensus
991 1091 1079 1157 erat,
1097 1096 1167 1142 non
1184 1080 1275 1142 male
1291 1095 1349 1142 res
1369 1094 1580 1142 successura

351 1182 549 1248 videbatur.

409 1289 501 1355 2603.
544 1291 690 1357 Interim
708 1293 822 1356 nostri
843 1294 987 1357 domum
1006 1292 1208 1374 quamdam,
1225 1292 1269 1370 ei,
1287 1309 1393 1372 quam
1408 1289 1581 1354 inhabita·

350 1397 447 1476 bant,
464 1398 682 1479 contiguam,
699 1399 960 1478 instaurabant,
976 1408 1015 1462 ut
1034 1400 1080 1462 ad
1100 1399 1196 1462 illam
1217 1397 1226 1430 ¹
1247 1399 1403 1478 migrare
1422 1407 1579 1479 possent,

349 1521 421 1569 non
436 1506 570 1569 relictis
584 1491 773 1586 prioribus3
789 1506 841 1570 sic
857 1507 951 1570 enim
968 1506 1013 1570 ad
1028 1505 1385 1570 communicationem
1408 1522 1489 1569 cum
1503 1522 1583 1585 pro-

351 1610 458 1675 ximis
483 1611 615 1694 aliquid
634 1613 897 1676 commoditatis
917 1613 1127 1691 accedebat,
1153 1623 1188 1676 et
1213 1612 1385 1676 ecclesiae
1408 1613 1582 1676 nihilomi-

352 1736 419 1783 nus
432 1719 611 1800 conjuncti
622 1719 731 1784 futuri
740 1729 855 1783 erant.

411 1825 502 1889 2604.
546 1825 643 1890 Alibi
663 1826 822 1906 quidem,
846 1827 953 1905 longe
974 1826 1111 1891 meliori
1130 1827 1212 1902 situ,
1235 1826 1431 1907 Collegium
1446 1825 1582 1890 institui

351 1941 492 2013 poterat
504 1933 550 1996 ad
562 1932 744 1997 hominum
755 1932 992 2013 frequentiam
1004 1933 1226 1998 alliciendam
1239 1945 1273 1996 et
1285 1932 1579 1998 conservandam.

350 2037 422 2104 Sed
441 2040 546 2104 hoca
566 2040 740 2103 canonico
762 2037 874 2103 Puteo
893 2039 1077 2120 impetrari
1096 2040 1240 2104 minime
1262 2049 1420 2120 poterat,
1442 2041 1500 2122 qui
1521 2040 1581 2104 do-

351 2163 430 2210 mos
445 2146 618 2227 quasdam
633 2145 796 2224 dederat,
813 2163 899 2210 suae
914 2145 1126 2210 habitationi
1145 2147 1300 2226 vicinaS,
1324 2148 1367 2210 de
1385 2148 1512 2228 quibus
1532 2158 1581 2210 ta·

353 2269 435 2316 men
449 2271 530 2316 cum
545 2253 821 2334 consanguineis
835 2253 1010 2332 litigabat.
1025 2252 1094 2318 Sed
1109 2253 1145 2318 id
1160 2265 1304 2318 nostros
1321 2256 1412 2317 male
1431 2271 1503 2317 non
1521 2253 1582 2317 ha·

353 2360 474 2438 bebat;
497 2377 581 2424 nam
600 2361 682 2424 licet
704 2361 755 2423 illi
773 2361 871 2423 litem
890 2360 1076 2439 vicissent,
1099 2359 1251 2424 aedificii
1269 2361 1421 2440 pretium
1442 2362 1583 2424 solvere

352 2465 582 2531 nihilominus
601 2466 791 2544 debebant;
812 2475 846 2530 et
871 2466 939 2529 hoc
959 2483 1029 2530 non
1052 2465 1169 2530 minus
1187 2479 1331 2546 gratum
1351 2467 1483 2531 nostris
1501 2466 1582 2530 fuis-

352 2583 421 2653 set,
438 2591 546 2654 quam
566 2574 709 2638 domum
724 2573 791 2636 sibi
806 2572 1018 2653 adiudicari,
1036 2583 1073 2636 ut
1088 2573 1124 2636 in
1139 2574 1276 2637 meliori
1292 2574 1361 2638 situ
1376 2584 1411 2638 et
1429 2589 1582 2638 commo·

354 2682 434 2745 dius
448 2680 636 2746 aedificare
652 2690 813 2762 possent;
829 2691 864 2744 et
879 2681 931 2745 sic
946 2679 957 2711 ¹
976 2680 1243 2745 descendissent
1269 2682 1314 2745 ab
1332 2682 1394 2746 illa
1417 2698 1583 2762 suprema

353 2799 455 2869 parte
469 2789 582 2868 urbis,
599 2788 660 2852 ubi
679 2787 902 2852 Cathedralis
917 2798 993 2851 erat
1012 2788 1165 2851 ecclesia
1183 2798 1218 2852 et
1238 2788 1314 2869 eius
1338 2788 1517 2867 canonici,
1536 2787 1582 2853 ad

354 2903 492 2975 partem
506 2895 712 2959 inferiorem
726 2907 760 2960 et
775 2896 891 2974 magis
904 2896 1067 2976 planam,
1083 2895 1143 2959 ubi
1161 2897 1313 2978 populus
1333 2895 1533 2976 habitabat,
1549 2904 1584 2959 et

355 3002 448 3065 unde
468 3020 531 3083 per
548 3003 678 3067 arduas
692 3011 727 3066 et
742 3001 901 3067 difficiles
916 3003 997 3066 vias
1018 3003 1064 3066 ad
1083 3015 1227 3066 nostros
1246 3002 1464 3067 adscendere
1484 3019 1584 3084 opor-

355 3109 464 3172 tebat.

415 3215 460 3279 Et
475 3216 564 3279 haec
578 3216 622 3279 de
637 3216 838 3280 Conchensi
854 3216 1014 3296 Collegio
1030 3214 1052 3275 ³.

650 3535 716 3601 DE
737 3533 970 3600 COLLEGIO
993 3534 1288 3601 PLACENTlNO

414 3854 506 3919 2605.
549 3854 590 3918 ln
609 3865 778 3919 autumno
794 3853 1066 3937 ‘praecedentis
1082 3856 1166 3919 anni
1185 3856 1274 3919 situs
1288 3856 1357 3935 ille,
1373 3857 1432 3937 qui
1448 3857 1493 3921 ad
1508 3856 1584 3921 Col·

352 3966 488 4045 legium
504 3963 764 4027 aedificandum
779 3964 912 4028 electus
927 3963 1059 4044 luerat,
1084 3964 1119 4037 in
1144 3963 1277 4044 optimo
1298 3973 1333 4026 et
1353 3964 1586 4029 saluberrimo

397 4134 406 4165 ¹
435 4132 609 4178 lisatttttas.

396 4206 408 4238 ¹
435 4204 482 4250 bis.
493 4208 520 4248 et
529 4206 580 4250 st„

396 4276 408 4309 ¹
436 4276 475 4321 De
486 4278 535 4321 hoc
546 4276 672 4331 Colleglo,
683 4278 767 4333 deque
781 4278 837 4332 ejus
851 4277 877 4319 ln
892 4276 1007 4319 loturum
1019 4283 1119 4330 tempus
1134 4275 1306 4329 incremento,
1321 4276 1381 4320 vide
1396 4276 1590 4332 Rivanaanru,

356 4346 482 4392 Historia
496 4360 547 4393 ms·
559 4349 593 4393 aa
602 4349 645 4393 las
658 4348 819 4393 Provincias
827 4348 862 4392 de
872 4346 993 4401 aspaaa,
1004 4352 1023 4391 t.
1035 4358 1053 4396 t,
1064 4346 1107 4391 lol.
1117 4346 1152 4401 θος
1164 4347 1295 4399 Saccanu,
1305 4346 1378 4392 Hist.
1387 4349 1443 4393 Soc.
1452 4348 1552 4405 Jas.,p.
1560 4360 1590 4403 ιι,

356 4419 402 4464 llb.
413 4432 441 4472 v,
452 4431 477 4465 n.
487 4420 532 4465 aa.
543 4419 624 4464 Plora
634 4425 661 4464 et
671 4431 717 4465 nos
727 4431 774 4464 suo
784 4427 901 4473 tempore
912 4419 1026 4463 dicemus
1036 4420 1061 4463 ln
1072 4420 1123 4463 vol.
1135 4418 1275 4473 Epistulae
1285 4418 1314 4461 P.
1330 4418 1428 4465 Natat.

397 4490 410 4523 ⁴
435 4490 483 4535 his.
503 4493 631 4546 neptuno.
651 4490 702 4535 Sed
721 4492 781 4535 vide
801 4491 923 4535 Litterae
941 4490 1163 4543 Quadrtmestres
1182 4490 1323 4545 superioris
1343 4492 1402 4535 anni
1425 4491 1488 4545 1555,
1510 4500 1529 4537 t.
1550 4504 1589 4546 nr,

355 4562 476 4617 pagini,
486 4567 513 4607 et
523 4562 607 4607 inhoc
618 4574 696 4616 opere
710 4574 802 4617 supra,
819 4570 837 4604 t.
855 4573 881 4616 v,
896 4572 958 4616 pag.
972 4562 1025 4617 att,
1042 4575 1067 4606 ιι.
1085 4562 1149 4615 1288,
1163 4568 1189 4606 et
1205 4572 1259 4616 seq.
1275 4562 1414 4617 praecipue
1434 4574 1497 4607 vero
1514 4564 1591 4615 ibid„

354 4644 417 4688 pag.
428 4634 476 4687 476,
488 4645 513 4679 n.
528 4634 589 4679 12⁹3.
