3642 5350
384 391 441 492 am'
836 401 965 486 Canos.
990 398 1113 499 Soa]
1155 464 1163 482 .

384 574 539 641 diximus
554 569 577 654 ¹,
597 571 643 637 ad
658 572 855 653 Collegium
870 572 968 636 venit
989 580 1023 635 et
1037 572 1074 635 in
1088 569 1302 636 Societatem
1318 568 1458 636 admitti
1477 578 1611 651 magno

384 689 518 746 conatu
532 680 675 745 studuit.
691 678 736 745 Et
751 671 915 762 quamvis
930 678 1093 761 ingenio,
1109 677 1330 758 constantia,
1345 677 1456 743 animi
1467 675 1613 759 judicio,

384 798 424 871 et,
433 788 560 870 spiritu
578 788 711 870 pollere
725 786 919 868 videretur,
941 786 1025 871 quia
1044 795 1165 852 tamen
1186 784 1261 867 ejus
1283 785 1539 866 consanguinei
1554 803 1615 868 po·

384 902 500 961 tentes
514 904 627 976 erant,
644 904 679 961 et
693 893 916 979 Principibus
930 895 1027 977 grati
1041 894 1244 969 admodum,
1267 902 1301 957 et
1316 892 1522 974 tragoedias
1542 911 1614 959 ma·

383 1020 476 1086 gnas
490 1003 679 1069 excitaturi
694 1002 915 1083 videbantur,
929 1001 1089 1084 permisit
1103 1001 1142 1066 P.
1154 999 1341 1081 Mendoza,
1357 1000 1501 1079 Rector,
1517 1010 1555 1066 ut
1569 1018 1614 1065 ex

385 1100 544 1193 'Collegio
558 1128 639 1175 eum
652 1110 879 1190 abducerent,
896 1118 932 1174 et
947 1109 1108 1174 Genuam
1128 1110 1178 1174 illi
1193 1110 1321 1189 denuo,
1338 1118 1376 1173 ut
1392 1108 1546 1190 scripsit,
1562 1126 1616 1173 re·

386 1219 571 1300 miserunt,
587 1227 775 1301 postquam
788 1218 925 1299 aliquot
938 1216 1179 1282 hebdomadas
1194 1217 1355 1282 clausum
1371 1216 1614 1282 obtinuissent.

450 1324 539 1411 1012.
581 1324 652 1391 Sub
679 1326 817 1391 initium
842 1323 1061 1406 Septembris
1083 1325 1223 1390 litterae
1250 1323 1361 1404 Regis
1389 1324 1543 1407 Philippi
1571 1324 1617 1389 ad

388 1434 525 1500 Ducem
551 1433 730 1499 Albanum
753 1434 790 1497 in
808 1431 1152 1498 commendationem
1174 1431 1324 1512 Collegii
1338 1431 1562 1513 Neapolitani
1582 1440 1618 1496 et

387 1558 509 1607 rerum
523 1540 569 1606 ad
584 1539 620 1605 id
637 1539 887 1621 pertinentium
897 1540 990 1605 Duci
1001 1540 1116 1605 eidem
1126 1538 1285 1604 redditae
1295 1538 1450 1619 suerunt;
1462 1539 1526 1603 sed
1536 1556 1617 1603 cum

388 1658 485 1714 totus
504 1656 598 1713 esset
617 1648 654 1712 in
674 1648 800 1713 bellica
822 1647 1058 1729 expeditione,
1079 1664 1207 1729 parum
1226 1646 1409 1711 attendere
1428 1646 1617 1712 videbatur

391 1755 593 1838 huiusmodi
606 1755 745 1835 litteris,
760 1772 852 1837 quae
867 1755 974 1819 etiam
988 1755 1209 1836 exciderunt,
1220 1771 1287 1819 nec
1301 1753 1454 1818 inveniri
1466 1754 1618 1835 amplius

391 1872 594 1947 potuerunt.

454 1971 543 2037 1013.
585 1970 737 2053 Quidam
753 1988 798 2035 ex
811 1970 955 2051 nostris,
967 1970 1213 2036 Ferdinandus
1224 1972 1378 2049 nomine,
1392 1978 1430 2034 ut
1442 1968 1619 2063 ministra·

390 2090 445 2145 ret
473 2078 740 2160 aegrotantibus
767 2078 803 2143 in
831 2095 963 2159 magno
991 2078 1158 2160 hospitali
1192 2078 1443 2143 incurabilium
1475 2076 1617 2155 missus,

389 2204 473 2255 cum
488 2202 621 2267 magno
634 2186 752 2251 fructu
765 2185 896 2251 ibidem
910 2194 1075 2250 versatus
1089 2196 1158 2266 est;
1175 2203 1258 2250 nam
1274 2185 1520 2267 praefecerunt
1539 2201 1618 2249 eum

391 2296 467 2363 fere
492 2293 655 2360 omnibus
678 2280 959 2375 aegrotantibus,
982 2292 1076 2375 quod
1098 2294 1143 2358 ad
1162 2295 1337 2358 rationem
1357 2293 1476 2357 victus
1497 2308 1620 2356 eorum

391 2388 603 2484 pertinebat,
619 2418 662 2466 eo
676 2401 887 2482 praesertim
901 2410 1071 2482 tempore,
1088 2418 1157 2483 quo
1172 2418 1303 2482 aquam
1323 2399 1424 2480 ligni
1439 2399 1569 2479 sancti,
1582 2406 1621 2463 ut

391 2517 537 2591 vocant,
553 2508 746 2591 praedictis
759 2508 1028 2588 aegrotantibus
1044 2508 1081 2573 in
1095 2509 1303 2573 universum
1318 2506 1463 2587 dabant,
1485 2522 1617 2586 mense,

394 2616 543 2698 scilicet,
559 2614 767 2698 Septembri.

455 2723 544 2788 1014.
586 2723 658 2790 Sub
672 2724 763 2788 festa
778 2722 947 2788 Natalitia
962 2731 1062 2788 tanta
1077 2723 1261 2789 hominum
1272 2727 1472 2808 multitudo,
1485 2727 1620 2793 conses-

392 2832 504 2898 sionis
516 2832 647 2914 gratia,
664 2832 710 2896 ad
724 2832 893 2913 templum
906 2840 1069 2896 nostrum
1090 2832 1272 2913 confluxit,
1295 2845 1398 2900 utne
1421 2836 1621 2917 duplicatus

394 2941 537 3023 quidem
551 2957 719 3004 numerus
734 2939 1032 3004 confessariorum
1048 2939 1100 3004 eis
1114 2939 1322 3006 satisfacere
1337 2953 1472 3025 posset.
1632 2997 1634 3004 ,

457 3045 546 3112 1015.
589 3046 679 3112 Cum
698 3047 915 3113 intellectum
934 3056 1027 3112 esset
1049 3046 1198 3129 Neapoli
1217 3047 1358 3114 Patrem
1379 3049 1621 3116 Salmeronem

393 3155 546 3221 Romam
570 3155 729 3237 rediisse,
755 3155 882 3221 litteris
906 3171 1035 3236 urgere
1060 3154 1202 3221 Patrem
1230 3155 1391 3240 Laynez,
1422 3160 1620 3239 Vicarium,

394 3271 589 3344 coeperunt
618 3273 655 3328 ut
683 3264 799 3344 ipsum
826 3263 1011 3344 Neapolim
1040 3263 1248 3329 mittendum
1282 3275 1435 3332 curaret.
1471 3266 1620 3349 Scripsit

395 3379 514 3436 autem
528 3370 618 3435 inter
633 3370 723 3434 alios
737 3369 913 3434 Dominus
932 3371 1110 3435 Antonius
1128 3369 1341 3453 MinturnuS,
1364 3372 1476 3440 Ducis
1491 3375 1621 3440 Montis

394 3477 527 3542 Leonis
535 3474 757 3542 secretarius
768 3486 803 3540 et
813 3486 936 3558 postea
944 3477 1171 3559 Episcopus⁸,
1181 3488 1254 3543 tam
1263 3481 1506 3546 necessarium
1518 3479 1621 3564 [esse]

394 3584 471 3666 ejus
484 3584 638 3649 reditum
651 3583 846 3665 Neapolim,
863 3593 901 3649 ut
917 3583 962 3648 ab
981 3601 1025 3649 eo
1045 3583 1305 3666 quodammodo
1320 3589 1474 3670 pendere
1488 3589 1620 3654 stabili·

396 3701 554 3756 mentum
569 3690 728 3771 collegii,
745 3691 852 3755 etiam
872 3690 909 3754 in
930 3690 1036 3756 rebus
1056 3693 1320 3776 temporalibus,
1344 3694 1489 3774 diceret,
1513 3706 1547 3761 et
1571 3696 1620 3760 ait

394 3799 480 3864 illud
494 3797 603 3862 fuisse
617 3797 803 3878 ruiturum,
820 3798 888 3862 nisi
903 3797 1085 3880 diligentia
1100 3799 1242 3865 Domini
1256 3801 1467 3884 Hieronymi
1484 3801 1620 3884 Vignes

396 3902 555 3986 adjutum
569 3904 694 3968 fuisset
707 3902 731 3969 ⁸.

459 4010 547 4076 1016.
590 4011 770 4094 Optabant
786 4021 904 4080 autem
919 4015 1018 4080 multi
1037 4023 1076 4081 ut
1090 4015 1125 4079 in
1140 4015 1291 4082 ecclesia
1303 4015 1554 4084 Annunciatae
1571 4035 1623 4084 se·

436 4330 446 4363 ¹
473 4327 563 4386 Sermo
573 4328 616 4374 lale
626 4340 684 4374 esse
693 4330 798 4375 vldetur
807 4330 838 4375 de
849 4331 942 4377 *nobili
957 4331 1050 4388 juvene
1060 4344 1093 4377 ex
1108 4333 1273 4378 Adornorum
1288 4333 1410 4389 familia„
1426 4333 1457 4378 de
1473 4345 1523 4390 quo
1538 4344 1626 4390 supra,

394 4411 459 4456 pag.
472 4399 520 4455 171,
528 4412 554 4445 n.
564 4401 617 4457 ⁶2⁸3
627 4402 681 4458 sed,
692 4402 714 4446 sl
724 4402 762 4446 ita
772 4407 820 4456 est,
831 4402 882 4455 liic,
893 4403 937 4448 ubl
948 4414 994 4449 ms.
1006 4404 1086 4449 habet
1095 4403 1219 4460 Neapoli,
1234 4405 1396 4451 scribendam
1407 4405 1512 4451 vitietur
1523 4404 1627 4463 Neapo-

397 4473 458 4524 lim,
467 4478 494 4517 et
503 4472 641 4528 legendum
649 4475 700 4518 sle:
711 4483 791 4527 quem
801 4472 943 4529 Neapolim
956 4476 1070 4520 missum
1081 4477 1212 4522 diximus.

436 4544 448 4577 ¹
473 4544 603 4592 Antonius
615 4544 782 4592 Sebastianus
792 4544 822 4591 de
833 4544 1044 4598 illaturamanoo
1056 4548 1108 4593 1559
1117 4547 1302 4605 operuisset
1313 4561 1379 4595 anno
1390 4549 1443 4595 1555
1453 4549 1621 4598 cotronensis

395 4616 549 4673 Episcopus.
558 4615 625 4662 Vide
634 4615 730 4662 Carras
739 4617 773 4661 de
783 4615 840 4661 San
850 4615 968 4670 Ignaris,
979 4625 997 4664 t.
1009 4627 1038 4676 11,
1048 4631 1110 4675 pag.
1119 4619 1167 4677 076,
1178 4626 1267 4667 annot.
1278 4619 1301 4667 2.

437 4687 449 4728 t
475 4687 542 4743 Vide
551 4700 640 4754 snpra,
650 4697 669 4735 t.
679 4701 706 4747 v,
716 4700 776 4753 pag.
789 4687 836 4742 180,
848 4699 873 4733 n.
885 4689 935 4750 518,
946 4690 987 4736 519
