3642 5350
345 407 400 466 blo
805 405 933 464 curor.
954 401 1030 464 Soc.
1052 402 1122 476 Jas.

406 551 498 616 2360.
541 550 608 613 Vir
634 550 740 614 etiam
766 567 847 614 cum
872 566 996 613 sorore
1015 559 1051 612 et
1069 556 1198 629 nepote
1222 548 1259 612 in
1282 549 1436 628 gratiam
1462 548 1579 628 rediit,

348 681 368 724 a
393 676 545 741 quorum
570 657 756 738 colloquiis
780 673 852 720 non
877 656 954 720 sine
979 654 1191 720 offendiculo
1210 655 1363 719 aliorum
1388 655 1449 720 diu
1474 655 1579 720 absti-

346 776 486 831 nuerat.

406 871 498 936 2361.
542 867 693 950 Quidam
717 869 824 933 etiam
843 869 1013 934 sacerdos
1032 880 1068 934 et
1087 867 1281 934 canonicus
1305 869 1434 932 summi
1456 869 1577 950 templi

347 981 441 1046 illius
455 977 623 1055 civitatis,
641 976 700 1058 qui
716 977 845 1040 multos
859 993 1001 1041 menses
1016 995 1037 1039 a
1051 976 1163 1040 Missa
1177 975 1327 1040 dicenda
1343 975 1575 1055 abstinuerat,

347 1089 429 1168 (qua
445 1101 613 1151 excausa
628 1093 663 1147 et
678 1101 723 1146 ex
738 1083 832 1163 aliis,
849 1083 972 1147 urbem
988 1084 1085 1147 illam
1104 1094 1139 1146 et
1159 1082 1229 1146 alia
1243 1082 1363 1146 vicina
1382 1084 1462 1148 loca
1475 1100 1577 1148 scan-

346 1195 429 1258 dalo
444 1191 637 1270 affecerat),
658 1190 846 1270 diligenter
866 1190 1127 1255 confessionem
1146 1190 1241 1271 apud
1259 1190 1421 1254 eumdem
1435 1189 1577 1255 Patrem

346 1301 510 1377 instituit,
527 1308 562 1362 et
576 1314 657 1361 cum
673 1297 916 1361 consolatione
932 1297 1078 1376 spiritus
1092 1296 1146 1361 sui
1158 1298 1204 1360 ad
1213 1297 1416 1361 celebrandi
1431 1314 1577 1362 consue·

347 1408 504 1472 tudinem
519 1404 633 1482 rediit,
650 1420 693 1466 ac
707 1403 856 1483 civitati,
873 1403 909 1467 in
925 1421 995 1484 qua
1010 1403 1217 1468 notissimus
1231 1412 1320 1483 erat,
1338 1403 1578 1469 aedificationi

346 1525 436 1580 erat.

406 1619 498 1686 2362.
542 1617 692 1683 Audiuit
713 1617 806 1682 idem
832 1617 940 1681 Pater
964 1617 1007 1697 (is
1032 1627 1151 1681 autem
1172 1625 1250 1681 erat
1274 1616 1406 1681 Rector
1430 1617 1579 1698 Collegii

346 1723 685 1806 Caesaraugustam)
702 1724 836 1805 aliquot
851 1723 1093 1788 confessiones
1108 1725 1306 1804 generales.
1324 1722 1456 1804 Aliqua
1469 1725 1576 1788 etiam

345 1834 475 1916 gravia
490 1833 584 1898 mala
600 1828 833 1912 quarumdam
853 1831 1052 1894 animarum
1074 1828 1233 1910 ejusdem
1252 1830 1448 1894 ministerio
1467 1848 1576 1895 reme·

346 1943 442 2006 dium
459 1959 480 2003 a
494 1939 649 2003 Domino
665 1950 891 2018 acceperunt.
913 1937 1085 2002 Canonici
1105 1947 1224 2001 autem
1245 1947 1280 2001 et
1294 1937 1488 2019 capitulum
1501 1936 1577 2019 ejus

346 2047 503 2112 civitatis
519 2045 622 2126 (quae
637 2043 838 2125 Calatayud
851 2044 1048 2123 dicebatur)
1061 2043 1349 2108 concionatorem
1363 2045 1517 2124 aliquem
1532 2045 1577 2108 ab

345 2174 389 2220 eo
404 2156 440 2219 in
460 2152 662 2235 proximum
684 2150 889 2215 Adventum
914 2153 1152 2232 postularunt3
1181 2160 1215 2214 et
1234 2151 1398 2230 quamvis
1413 2168 1512 2230 spem
1526 2152 1579 2215 eis

346 2280 421 2327 non
446 2259 633 2338 ademerit,
659 2258 746 2322 nihil
770 2267 889 2321 tamen
914 2259 1191 2338 promittendum
1215 2259 1368 2335 censuit,
1396 2259 1509 2323 donec
1534 2259 1578 2322 ab

347 2369 525 2451 Episcopo
540 2365 794 2430 Turiasonensi
810 2363 830 2441 ¹,
855 2366 912 2428 cui
932 2366 1054 2429 subest
1074 2363 1292 2446 Calatayud,
1309 2381 1412 2429 suum
1433 2381 1578 2429 consen·

347 2494 427 2542 sum
441 2474 639 2557 praeberet.
1210 2457 1214 2464 ’

405 2581 497 2648 2363.
541 2580 739 2662 Episcopus
754 2589 873 2643 autem
891 2578 985 2643 banc
1004 2579 1213 2644 modestiam
1233 2580 1357 2660 magni
1375 2580 1475 2660 fecit,
1498 2596 1579 2643 cum

345 2690 577 2757 intellexisset
599 2688 674 2750 sine
697 2685 969 2750 ordinariorum
993 2686 1238 2751 benedictione
1265 2697 1407 2751 nostros
1429 2706 1501 2752 non
1526 2689 1578 2751 uti

346 2818 410 2864 sua
433 2797 479 2861 ad
503 2792 782 2877 praedicandum
806 2792 999 2873 facultate;
1026 2804 1062 2857 et
1087 2794 1270 2874 rescripsit
1291 2795 1341 2857 illi
1362 2793 1577 2876 inquisitori,

273 2976 276 2985 ,
345 2905 408 2987 qui
423 2922 465 2967 ea
480 2902 523 2966 de
539 2920 577 2965 re
592 2901 728 2964 litteras
744 2900 885 2964 nomine
904 2900 943 2963 P.
959 2900 1110 2980 Roman,
1127 2898 1305 2977 Rectoris‚
1327 2899 1372 2964 ad
1391 2902 1508 2983 ipsum
1522 2903 1577 2966 de·

347 3013 464 3090 derat,
481 3027 520 3072 se
534 3007 685 3071 feliciter
699 3023 821 3069 secum
836 3008 895 3086 agi
910 3007 1129 3085 existimare,
1153 3006 1247 3088 quod
1261 3008 1374 3072 nostri
1393 3009 1524 3072 vellent
1542 3011 1579 3074 in

346 3116 424 3199 eJus
436 3116 591 3180 dioecesi
605 3130 726 3177 semen
739 3114 837 3177 verbi
849 3113 917 3179 Dei
931 3121 966 3176 et
980 3096 1127 3177 sanctae
1142 3112 1326 3178 doctrinae
1340 3132 1523 3196 spargere,
1535 3132 1578 3179 ac

346 3224 412 3288 sibi
438 3222 596 3287 subditos
616 3220 779 3299 visitare;
808 3230 842 3284 et
867 3231 992 3301 optare
1017 3236 1107 3299 sese,
1138 3220 1294 3300 quandiu
1323 3222 1374 3285 illi
1397 3230 1581 3304 praeesset

348 3329 513 3407 dioecesi,
526 3336 564 3391 ut
576 3328 690 3391 nostri
703 3326 738 3390 id
751 3335 935 3407 praestare
948 3344 1019 3390 non
1030 3326 1243 3391 desinerent.
1257 3327 1302 3393 Et
1313 3330 1363 3393 ita
1378 3329 1418 3393 P.
1430 3328 1580 3395 Santan·

345 3438 409 3502 der
422 3454 464 3499 eo
476 3435 617 3514 missus,
634 3452 714 3498 cum
727 3450 859 3514 magna
872 3433 1072 3514 frequentia
1088 3434 1272 3498 hominum
1287 3443 1323 3499 et
1334 3438 1580 3518 acceptatione

348 3546 384 3609 in
400 3542 568 3608 Adventu
584 3540 815 3604 concionatus
830 3550 900 3619 est,
921 3540 1072 3604 etmulti
1092 3557 1310 3623 magnopere
1326 3544 1494 3607 commoti
1507 3544 1577 3607 fue·

347 3660 445 3731 runt,
467 3658 501 3714 et
521 3647 664 3729 aliquod
679 3648 819 3727 collegii
838 3648 978 3711 initium
999 3648 1094 3729 apud
1116 3664 1154 3711 se
1176 3649 1309 3713 habere
1333 3651 1522 3731 optabant,
1541 3662 1578 3714 ut

347 3758 457 3838 aliqui
475 3774 520 3820 ex
539 3754 671 3819 nostris
697 3753 790 3834 apud
810 3754 907 3835 ipsos
928 3754 1147 3835 residerent;
1177 3772 1310 3836 magno
1330 3758 1425 3822 enim
1449 3756 1578 3821 affectu

346 3864 562 3931 Societatem
584 3862 922 3942 complectebantur.

406 3970 498 4035 2364.
542 3968 610 4049 Qui
634 3969 681 4033 ad
702 3978 844 4033 nostros
865 3970 1099 4034 confessionis
1118 3978 1153 4033 et
1177 3972 1436 4035 communionis
1459 3972 1578 4051 gratia

347 4079 578 4154 accedebant,
591 4076 763 4158 peculiari
777 4094 858 4141 curn
874 4077 1048 4141 desiderio
1060 4085 1095 4141 et
1106 4095 1169 4159 spe
1184 4076 1365 4158 profectus
1376 4078 1578 4156 veniebant,

344 4200 381 4251 et
396 4188 458 4265 ita,
474 4184 552 4249 Deo
567 4183 731 4265 propiti0,
748 4184 784 4247 id
800 4186 1120 4266 consequebantur,
1137 4195 1172 4247 et
1185 4184 1222 4248 hi
1235 4184 1339 4248 valde
1351 4185 1451 4249 multi
1465 4196 1579 4250 erant.

345 4293 467 4374 Aliqui
482 4291 589 4355 etiam
603 4291 804 4371 spiritualia
819 4292 993 4356 exercitia
1006 4292 1106 4355 uberi
1121 4309 1203 4356 cum
1218 4290 1336 4356 fructu
1350 4292 1446 4356 domi
1464 4309 1580 4357 susce-

347 4410 486 4481 perunt.
502 4397 629 4463 Effecit
643 4407 762 4462 autem
778 4398 942 4479 paucitas
961 4400 1221 4479 operariorum,
1244 4410 1282 4463 ut
1302 4400 1436 4481 aliquot
1457 4400 1581 4464 diebus

391 4644 400 4673 ¹
428 4638 474 4689 Me.
490 4638 512 4684 T
511 4639 697 4685 mothonensi.
