3642 5350
758 485 820 545 aa.
844 485 913 545 rasa
1245 549 1249 560 ,
1395 481 1445 541 aar

220 625 353 710 lba'rra,
370 630 426 694 vir
441 628 545 695 valde
560 631 697 708 doctus,
715 649 796 696 cum
811 631 881 694 alio
896 631 1029 710 insigni
1044 629 1296 694 concionatore
1311 640 1346 692 et
1366 628 1447 691 aliis

220 737 407 817 religiosis
423 739 484 819 qui
498 756 622 802 omnes
637 756 717 802 cum
732 739 769 802 in
781 747 905 802 nostro
921 738 1109 802 refectorio
1125 735 1352 818 pranderent,
1369 752 1446 799 coe·

221 845 273 924 pit
286 844 324 909 P.
341 845 479 911 Natalis
492 847 698 927 praelegere
712 846 849 909 litteras
864 845 1093 926 Apostolicas
1107 844 1190 928 Julii
1204 842 1250 908 III
1266 843 1309 908 de
1321 841 1447 907 confir·

222 953 377 1017 matione
392 952 592 1034 SocietatiS,
608 955 654 1018 ad
668 971 774 1034 quem
789 971 870 1018 cum
883 951 922 1017 P:
935 953 1151 1016 Franciscus
1163 951 1318 1016 misisset
1329 966 1447 1032 quem·

222 1060 315 1140 dam,
330 1070 369 1124 ut
383 1061 581 1126 declararet
595 1062 729 1143 aliquid
743 1079 788 1125 ex
802 1061 930 1126 litteris
945 1060 1148 1142 praedictis,
1162 1059 1279 1140 coepit
1291 1057 1326 1122 id
1338 1056 1447 1122 latine

221 1168 295 1232 iere
316 1185 378 1248 per
397 1169 523 1233 horam
541 1170 719 1250 integram
744 1169 797 1232 sic
822 1179 1016 1249 praestare,
1044 1176 1083 1231 ut
1109 1184 1181 1230 non
1207 1184 1251 1230 ex
1275 1175 1447 1246 tempore,

222 1285 327 1357 prout
351 1286 429 1340 erat
455 1294 494 1340 re
513 1277 603 1357 ipsa,
626 1277 689 1341 sed
708 1276 865 1340 adhibito
885 1291 1017 1355 magno
1036 1274 1173 1350 studio,
1194 1291 1236 1337 ea
1255 1274 1298 1337 de
1320 1290 1360 1336 re
1380 1271 1449 1336 dis·

222 1383 376 1447 seruisse
392 1383 585 1462 videretur,
602 1393 636 1448 et
655 1399 790 1462 omnes,
805 1383 867 1464 qui
886 1382 1047 1461 aderant,
1064 1381 1204 1446 abunde
1224 1379 1449 1444 satisfactum

221 1507 299 1554 esse
315 1490 577 1570 significabant.

281 1596 373 1661 2797.
415 1597 529 1662 Auxit
542 1609 661 1663 autem
682 1600 774 1662 hanc
799 1599 1007 1663 ecclessiam
1023 1596 1223 1661 Vallisoleti
1242 1594 1280 1658 P.
1305 1593 1447 1658 Franci-

221 1723 304 1770 scus
324 1715 406 1786 post
426 1705 683 1786 professionem
705 1706 938 1787 praedictam,
960 1717 994 1770 et
1010 1723 1112 1769 muro
1127 1705 1282 1786 quodam
1297 1701 1448 1779 sublat0‚

221 1813 295 1876 fere
309 1822 447 1878 tantum
462 1814 615 1894 spatium
631 1815 774 1895 corpori
796 1815 968 1878 ecclesiae
989 1811 1135 1892 addidit,
1159 1818 1331 1892 quantum
1350 1807 1449 1889 prius

224 1920 408 1998 habuerat,
425 1930 460 1984 et
475 1921 594 2001 priore
608 1930 709 2001 parte
725 1922 760 1984 in
776 1938 878 1985 usum
892 1921 1104 1985 seminarum
1120 1919 1256 1998 relicta,
1278 1915 1449 1997 posterio-

222 2044 309 2104 rem,
326 2043 416 2107 quae
431 2045 526 2090 nova
541 2039 629 2106 erat,
647 2028 735 2092 viris
750 2029 961 2109 assignavit.

280 2132 371 2198 2798.
415 2135 541 2215 Coepit
566 2145 683 2200 autern
703 2138 852 2217 ipsemet
871 2135 909 2200 P.
932 2136 1148 2200 Franciscus
1170 2134 1206 2198 in
1228 2149 1324 2196 nova
1347 2139 1448 2211 parte

221 2241 393 2306 ecclesiae
408 2241 569 2307 Threnos
582 2241 796 2323 Hieremiae,
812 2253 850 2308 ut
869 2243 1033 2324 superius
1054 2242 1269 2320 dictumest,
1286 2257 1368 2304 cum
1382 2238 1448 2301 ire-

222 2349 343 2429 quenti
368 2348 561 2414 admodum
586 2351 763 2415 auditorio
783 2369 965 2431 enarrare,
986 2350 1151 2431 quamvis
1165 2348 1204 2412 P.
1226 2345 1392 2412 Stradam
1411 2355 1451 2408 ut

220 2457 494 2521 concionaretur
508 2457 720 2538 Vallisoleti,
737 2461 965 2537 accersierat,
983 2458 1076 2540 quod
1099 2458 1211 2538 ipsius
1225 2453 1392 2520 valetudo
1415 2463 1450 2517 et

221 2564 377 2643 negotia,
394 2563 509 2628 officio
525 2563 769 2630 Commissarii
783 2565 960 2647 adjuncta,
978 2585 1048 2630 non
1068 2565 1283 2630 videbantur
1302 2561 1446 2643 permis-

220 2688 315 2752 sura,
333 2681 370 2736 ut
385 2671 456 2753 diu,
473 2672 509 2736 in
524 2691 567 2737 ea
583 2673 733 2738 lectione
747 2677 805 2737 vel
820 2675 1086 2755 praedicatione
1097 2673 1173 2754 ipse
1185 2677 1447 2755 perseveraret.

221 2778 423 2844 Accersivit
437 2780 545 2844 etiam
556 2789 590 2843 et
601 2781 795 2845 Doctorem
806 2782 1031 2860 Madridium,
1047 2783 1106 2863 qui
1118 2780 1305 2847 Cordubae
1317 2777 1446 2855 iuerat,

222 2895 258 2949 et
281 2888 454 2968 cumipse
479 2897 604 2969 postea
629 2886 740 2969 [illum
763 2888 977 2971 Vallisoleti]
1003 2890 1222 2971 reliquisset,
1240 2888 1275 2950 in
1298 2885 1448 2949 lectione

222 2993 445 3059 Threnorum
459 2995 492 3059 ei
507 2996 679 3060 successit
696 2994 716 3058 ¹.

279 3102 371 3165 2799.
414 3103 564 3183 Accepit
575 3113 725 3167 autema
738 3103 775 3167 P.
788 3103 927 3183 ignatio
939 3104 1043 3167 officii
1055 3105 1109 3167 sui
1121 3111 1283 3183 patentes
1295 3102 1444 3178 litteraS,

220 3226 310 3291 quas
329 3211 592 3289 postulaverat,
614 3221 651 3274 ut
673 3228 753 3275 curn
775 3210 1023 3275 fundatoribus
1038 3210 1269 3291 collegiorum
1291 3209 1448 3288 legitime

220 3326 426 3381 contractus
441 3327 562 3397 posset
576 3319 770 3383 celebrare.

278 3422 370 3487 2800.
413 3423 573 3503 Urgebat
588 3434 706 3489 autem
725 3426 889 3491 eumdem
909 3426 946 3489 P.
963 3426 1156 3506 Ignatium,
1174 3434 1209 3488 et
1224 3424 1449 3506 postmodum

220 3530 258 3595 P.
274 3529 453 3611 Laynem,
469 3532 672 3610 Vicarium,
690 3544 727 3596 ut
743 3532 1048 3599 confirmationem
1066 3550 1202 3612 eorum,
1226 3549 1316 3612 quae
1337 3540 1449 3595 trans·

220 3647 301 3701 acta
317 3637 457 3702 inerant
472 3656 553 3703 cum
564 3638 608 3702 D.
626 3640 827 3718 Moschera,
844 3660 865 3704 a
879 3639 1025 3706 Summo
1038 3640 1206 3706 Pontifice
1218 3640 1361 3717 factam,
1371 3638 1449 3701 mit·

221 3756 357 3825 terent;
383 3764 467 3809 nam
486 3746 617 3811 biennii
636 3757 776 3828 tempus
795 3749 940 3813 adeam
960 3748 1187 3813 obtinendam
1212 3748 1328 3812 suerat
1349 3762 1448 3827 prae·

221 3853 403 3933 scriptum,
419 3854 514 3917 intra
528 3855 634 3934 quod,
651 3856 682 3917 si
696 3854 919 3920 confirmatio
931 3856 1112 3920 Pontificis
1127 3868 1161 3919 et
1177 3854 1364 3920 Generalis
1378 3870 1449 3917 non

221 3958 420 4038 venissent,
442 3978 513 4025 non
535 3962 746 4026 tenebantur
771 3963 976 4043 praedictus
997 3963 1186 4027 Moschera
1206 3972 1245 4043 et
1262 3960 1339 4042 ejus
1360 3978 1451 4025 uxor

221 4067 269 4130 ad
284 4068 571 4132 observationem
585 4079 793 4133 contractus
808 4069 831 4132 ³.

279 4173 371 4238 2801.
416 4175 455 4240 Id
469 4176 611 4257 quidem
626 4175 663 4240 P.
681 4177 840 4257 Ignatius
854 4196 926 4241 non
942 4176 1088 4255 fecerat,
1105 4179 1199 4259 quod
1211 4196 1253 4242 ea
1265 4179 1358 4242 bona
1370 4194 1452 4242 cum

219 4283 420 4346 saecularia
434 4292 564 4361 essent,
582 4293 616 4347 et
631 4285 753 4364 libera,
771 4302 842 4348 non
860 4283 1066 4365 indigebant
1087 4286 1158 4371 alia
1180 4284 1450 4350 confirmatione

219 4389 444 4472 Apostolica,
461 4407 543 4455 cum
557 4408 603 4454 ex
623 4392 754 4455 nostris
768 4392 967 4473 privilegiis
983 4393 1086 4457 simul
1103 4402 1209 4474 atque
1227 4392 1383 4457 admissa
1400 4411 1450 4457 es·
1500 4409 1504 4418 ·

260 4596 269 4629 ¹
297 4594 344 4640 Ms.
356 4595 571 4651 reliquia-vioe
582 4609 669 4652 supra,
680 4610 740 4652 pag.
751 4598 802 4649 579.
811 4610 835 4644 n.
845 4598 908 4644 2505.

261 4666 272 4699 ¹
298 4667 338 4713 De
348 4667 447 4722 joanne
457 4668 488 4713 de
498 4668 643 4725 Mosquera,
659 4670 764 4725 ejusque
775 4674 861 4725 rebus,
877 4672 1025 4718 dictumest
1036 4674 1060 4718 in
1077 4674 1254 4729 superioribus
1266 4672 1448 4721 voluminibus.

221 4738 289 4785 Vide
299 4746 317 4785 t.
328 4750 366 4796 tv,
376 4752 436 4796 pag.
446 4740 487 4785 tus
496 4747 523 4785 et
533 4752 596 4797 seq„
607 4752 631 4785 n.
644 4741 704 4796 1253,
716 4742 776 4797 1254,
789 4742 865 4787 1255...
876 4744 938 4788 1272.
