3642 5350
345 416 400 478 tva
802 420 931 481 Canon.
951 419 1030 479 Soc.
1048 421 1118 494 las

345 565 519 629 charitate
534 575 568 629 et
583 565 670 645 zelo,
684 582 754 647 quo
766 566 802 631 in
814 566 922 630 vinea
932 565 1075 630 Domini
1090 566 1302 629 laborabant
1316 573 1351 628 et
1361 565 1426 628 toti
1437 563 1574 627 civitati

345 672 580 736 aedificationi
595 682 708 737 erant.

402 779 495 844 2029.
538 780 632 845 Inter
647 782 738 846 alios
753 790 870 845 autem
883 782 1032 856 fructus,
1046 798 1135 861 quos
1147 780 1400 861 percipiebant,
1413 780 1471 842 iile
1481 780 1575 841 inter

343 889 555 969 praecipuos
577 897 669 968 erat,
688 888 783 971 quod
804 888 1062 953 confirmabant
1080 898 1116 951 et
1134 888 1342 952 animabant
1361 887 1571 966 catholicos,

342 1003 382 1058 ut
397 995 490 1059 serio
501 1003 536 1058 et
549 996 697 1060 viriliter
708 1013 746 1059 se
762 996 959 1059 catholicos
970 1003 1205 1075 praestarent;
1217 996 1280 1057 vix
1291 996 1384 1057 enim
1396 994 1575 1057 audebant

274 1100 277 1107 ’
343 1110 426 1165 ante
450 1112 653 1167 nostrorum
681 1104 889 1182 adventum,
914 1111 1059 1183 propter
1084 1100 1347 1165 haereticorum
1372 1098 1571 1178 audaciam,

341 1208 555 1273 catholicam
569 1210 779 1291 religionem
791 1210 896 1274 factis
912 1209 1084 1290 profiteri,
1106 1218 1141 1271 et
1160 1208 1349 1271 ecclesiam
1369 1208 1493 1271 diebus
1514 1208 1572 1270 do·

342 1314 481 1378 nlinicis
495 1332 538 1379 ac
553 1316 652 1380 festis
666 1317 817 1396 ingredi,
833 1335 877 1379 ne
892 1316 1081 1380 haereticis
1097 1315 1246 1379 ludibrio
1261 1323 1391 1393 essent;
1408 1314 1470 1378 sed
1482 1312 1570 1393 jam,

342 1419 420 1484 Deo
435 1423 601 1502 propitio,
615 1440 687 1487 non
702 1426 817 1487 solum
832 1423 1018 1487 dominicis
1030 1432 1064 1486 et
1078 1422 1179 1486 festis
1193 1421 1328 1499 diebus,
1342 1421 1404 1485 sed
1415 1421 1574 1500 quotidie

341 1529 511 1608 templum
525 1529 835 1609 ingrediebantur,
853 1530 1005 1593 orabant
1020 1530 1056 1592 in
1071 1547 1128 1609 ep,
1145 1528 1402 1592 confitebantur
1422 1537 1457 1591 et
1479 1546 1573 1592 com·

342 1635 585 1715 municabant,
603 1645 637 1699 et
652 1652 775 1700 eorum
791 1637 900 1717 aliqui
914 1638 1003 1700 satis
1017 1637 1160 1715 crebro;
1176 1644 1212 1699 et
1226 1644 1365 1700 tantum
1380 1635 1572 1699 auctorita·

340 1741 387 1805 tis
406 1741 500 1821 apud
519 1744 687 1823 populum
712 1743 904 1822 habebant,
930 1743 1120 1824 praecipue
1139 1741 1176 1806 P.
1199 1742 1404 1822 Quintinus,
1433 1750 1471 1805 ut
1492 1759 1574 1806 cum

340 1847 508 1913 catholici
537 1849 736 1913 haereticos
768 1850 1085 1929 reprehenderent,
1116 1851 1237 1913 statim
1264 1848 1317 1912 eis
1345 1836 1572 1912 sanctitatem

341 1952 380 2018 P.
398 1953 555 2033 Quintini
571 1955 781 2037 objicerent;
802 1966 836 2019 et
854 1956 1056 2020 fatebantur
1075 1957 1216 2037 ipsimet
1234 1956 1406 2020 haeretici
1427 1966 1574 2020 nostros

340 2060 453 2124 bonos
468 2079 557 2141 esse,
574 2072 609 2125 et
624 2065 738 2127 zelum
752 2062 818 2127 Dei
833 2064 977 2143 habere,
994 2065 1142 2128 sednon
1162 2065 1357 2127 secundum
1372 2063 1570 2126 scientiam.

402 2166 493 2232 2030.
537 2168 575 2234 Id
592 2178 709 2233 autem
729 2188 801 2234 non
820 2172 1034 2235 mediocrem
1060 2172 1339 2235 consolationem
1362 2170 1401 2232 P.
1425 2169 1572 2234 Ribade-

341 2290 475 2353 neyrae
490 2278 622 2353 attulit,
641 2277 733 2359 quod
748 2279 804 2342 die
819 2279 972 2360 quadam
987 2279 1180 2355 dominica,
1202 2295 1283 2341 cum
1297 2278 1573 2341 concionaturus

341 2391 436 2445 esset
458 2382 496 2445 P.
512 2383 717 2449 Bernardus
738 2404 782 2449 ex
803 2388 881 2451 loco
903 2386 1057 2450 Torchai
1077 2385 1097 2461 ¹,
1114 2396 1266 2467 quatuor
1282 2386 1391 2448 leucis
1405 2386 1570 2460 distante,

341 2491 609 2569 quatuordecim
631 2503 691 2555 aut
711 2494 912 2573 quindecim
931 2494 1001 2556 viri
1021 2504 1056 2556 et
1074 2493 1249 2556 foeminae
1269 2493 1315 2556 ad
1335 2492 1412 2572 ejus
1434 2492 1574 2555 concio·

341 2614 422 2659 nem
442 2599 664 2678 audiendam,
681 2601 797 2663 media
812 2612 915 2664 nocte
937 2610 1123 2681 surgentes
1143 2599 1276 2663 adhoc
1298 2600 1365 2690 iter
1387 2597 1570 2662 conficien-

340 2704 436 2784 dum,
459 2720 644 2780 venerunt,
668 2719 703 2770 et
725 2709 842 2771 locum
867 2709 913 2772 ad
932 2709 1139 2771 concionem
1158 2707 1372 2770 audiendam
1391 2707 1480 2770 bora
1501 2723 1572 2769 una

341 2819 424 2874 ante
439 2811 577 2876 initium
597 2826 783 2894 ceperunt,
805 2825 856 2894 et,
878 2817 1042 2879 absoluta
1064 2815 1251 2894 concione,
1273 2815 1417 2878 domum
1436 2823 1574 2877 nostro·

340 2934 420 2981 rum
440 2937 563 2982 omnes
589 2920 635 2983 ad
659 2921 896 2985 confitendum
919 2930 1078 3003 peccata,
1107 2913 1238 3001 magna
1264 2937 1345 2984 cum
1367 2920 1571 2998 devotione,

341 3035 578 3089 accesserunt.

401 3130 492 3196 2031.
537 3132 624 3196 Cum
640 3143 757 3197 autem
772 3134 942 3198 inviseret
956 3135 1081 3199 Patres
1096 3135 1344 3198 carthusianos
1363 3134 1402 3198 P.
1423 3134 1572 3198 Ribade-
1622 3154 1628 3164 ·

342 3256 465 3318 neyra,
482 3248 516 3302 et
536 3240 581 3302 ab
601 3239 668 3304 illis
687 3251 887 3320 rogaretur,
913 3252 952 3304 ut
974 3243 1121 3306 latinam
1140 3241 1185 3304 ad
1208 3259 1269 3304 eos
1289 3242 1573 3306 exhortationem

342 3343 500 3423 haberet,
518 3357 643 3408 sancta
659 3345 925 3426 importunitate
940 3349 1068 3428 victus,
1085 3349 1122 3412 id
1135 3348 1237 3427 fecit;
1253 3357 1298 3427 et,
1321 3350 1485 3429 quamvis
1499 3348 1574 3412 fere

340 3469 387 3515 ex
405 3460 578 3531 tempore,
600 3470 680 3516 cum
701 3453 946 3517 aedificatione
968 3465 1003 3518 et
1028 3455 1270 3518 consolatione
1291 3472 1414 3518 eorum
1433 3472 1476 3518 eo
1500 3471 1573 3518 mu·

343 3575 427 3621 nere
442 3557 584 3622 functus
598 3569 662 3623 est.

400 3663 491 3728 2032.
536 3665 748 3730 Conciliavit
775 3669 882 3731 etiam
907 3678 1074 3749 parentes
1098 3668 1195 3747 Mag.
1216 3667 1410 3747 Hermetis,
1438 3667 1498 3749 qui
1523 3669 1573 3731 in·

342 3787 505 3850 gressum
533 3771 594 3835 filii
623 3773 659 3836 in
691 3773 905 3838 Societatem
939 3791 1048 3854 aegre
1080 3773 1252 3838 ferebant.
1288 3775 1426 3839 Exinde
1455 3785 1573 3838 autem

344 3879 449 3942 amici
464 3877 590 3954 effecti,
607 3889 833 3944 sacramenta
847 3882 955 3944 etiam
970 3882 1241 3960 frequentarunt
1254 3880 1279 3947 ¹.

401 3983 492 4048 2033.
536 3985 719 4065 Quaedam
735 3988 841 4050 etiam
857 3988 1064 4051 observavit
1076 3998 1111 4051 et
1124 3989 1310 4052 adnotavit
1320 3990 1366 4052 ad
1377 3989 1570 4052 remedium

342 4091 500 4155 haeresis
515 4092 551 4154 in
566 4110 608 4156 ea
628 4093 789 4172 civitate,
811 4111 902 4174 quae
923 4112 1005 4159 cum
1024 4095 1160 4159 Nuncio
1180 4096 1389 4176 Apostolico
1408 4095 1569 4169 contulit,

339 4207 376 4260 et
391 4215 471 4262 cum
487 4199 704 4264 confessario
718 4200 827 4281 Regis
846 4200 998 4282 Philippi
1018 4203 1126 4266 etiam
1147 4203 1300 4267 conferri
1320 4203 1448 4281 voluit,
1471 4211 1506 4266 et
1524 4202 1571 4265 ad

381 4511 390 4543 ¹
425 4511 579 4566 Tourcolng,
588 4513 655 4567 quod
665 4513 786 4568 oppidum
799 4513 876 4569 infre,
892 4525 918 4558 n.
927 4513 990 4568 2037,
1001 4514 1115 4569 Torqnln
1128 4516 1260 4560 scribitur.
1272 4515 1338 4560 Vide
1349 4526 1415 4572 qnae
1429 4517 1569 4561 annotavi·

337 4595 394 4628 mur
405 4595 491 4639 supra.
501 4591 519 4628 t.
531 4595 556 4638 v,
567 4595 627 4639 pag.
637 4585 686 4638 806,
697 4585 777 4628 11831).

380 4655 391 4687 ¹¹
419 4655 513 4699 Confer
521 4655 585 4699 haec
596 4667 654 4700 cnm
663 4656 723 4706 illis,
734 4667 799 4710 qnae
810 4669 888 4712 snpra
898 4664 991 4702 narrat
1002 4657 1143 4711 Potnrrcos,
1154 4658 1375 4714 t.v,pag.817,n.
1386 4657 1434 4702 861.
