<?xml version="1.0" encoding="UTF-8"?>
<!DOCTYPE html PUBLIC "-//W3C//DTD XHTML 1.0 Transitional//EN"
    "http://www.w3.org/TR/xhtml1/DTD/xhtml1-transitional.dtd">
<html xmlns="http://www.w3.org/1999/xhtml" xml:lang="en" lang="en">
 <head>
  <title>
</title>
<meta http-equiv="Content-Type" content="text/html;charset=utf-8" />
  <meta name='ocr-system' content='tesseract 3.04.00' />
  <meta name='ocr-capabilities' content='ocr_page ocr_carea ocr_par ocr_line ocrx_word'/>
</head>
<body>
  <div class='ocr_page' id='page_1' title='image "./vitaignatiiloio00polagoog_0431.png"; bbox 0 0 3642 5350; ppageno 0'>
   <div class='ocr_carea' id='block_1_1' title="bbox 694 413 1458 493">
    <p class='ocr_par' dir='ltr' id='par_1_1' title="bbox 694 413 1458 493">
     <span class='ocr_line' id='line_1_1' title="bbox 694 413 1458 493; baseline -0.029 -1"><span class='ocrx_word' id='word_1_1' title='bbox 694 482 698 493; x_wconf 95' lang='lat'>.</span> <span class='ocrx_word' id='word_1_2' title='bbox 761 428 824 488; x_wconf 76' lang='lat' dir='ltr'>Au.</span> <span class='ocrx_word' id='word_1_3' title='bbox 848 425 917 486; x_wconf 77' lang='lat'>1556</span> <span class='ocrx_word' id='word_1_4' title='bbox 1404 413 1458 471; x_wconf 70' lang='lat' dir='ltr'>tat</span> 
     </span>
    </p>
   </div>
   <div class='ocr_carea' id='block_1_2' title="bbox 206 561 1486 3978">
    <p class='ocr_par' dir='ltr' id='par_1_2' title="bbox 228 561 1464 979">
     <span class='ocr_line' id='line_1_2' title="bbox 239 561 1462 645; baseline -0.021 1"><span class='ocrx_word' id='word_1_5' title='bbox 239 630 241 636; x_wconf 69' lang='lat'>,</span> <span class='ocrx_word' id='word_1_6' title='bbox 294 579 380 645; x_wconf 86' lang='lat'>1809.</span> <span class='ocrx_word' id='word_1_7' title='bbox 426 577 530 643; x_wconf 89' lang='lat' dir='ltr'>Pater</span> <span class='ocrx_word' id='word_1_8' title='bbox 543 586 662 641; x_wconf 90' lang='lat' dir='ltr'>autem</span> <span class='ocrx_word' id='word_1_9' title='bbox 674 575 843 640; x_wconf 89' lang='lat' dir='ltr'>Costerus</span> <span class='ocrx_word' id='word_1_10' title='bbox 855 580 958 635; x_wconf 87' lang='lat' dir='ltr'>sexta</span> <span class='ocrx_word' id='word_1_11' title='bbox 970 569 1059 632; x_wconf 89' lang='lat' dir='ltr'>feria</span> <span class='ocrx_word' id='word_1_12' title='bbox 1071 567 1177 644; x_wconf 89' lang='lat' dir='ltr'>domi,</span> <span class='ocrx_word' id='word_1_13' title='bbox 1192 561 1370 639; x_wconf 88' lang='lat' dir='ltr'>studiosis,</span> <span class='ocrx_word' id='word_1_14' title='bbox 1383 576 1462 640; x_wconf 85' lang='lat' dir='ltr'>ger·</span> 
     </span>
     <span class='ocr_line' id='line_1_3' title="bbox 228 666 1464 763; baseline -0.021 -11"><span class='ocrx_word' id='word_1_15' title='bbox 228 688 370 753; x_wconf 80' lang='lat' dir='ltr'>manica</span> <span class='ocrx_word' id='word_1_16' title='bbox 385 684 676 763; x_wconf 81' lang='lat' dir='ltr'>concionabatur,</span> <span class='ocrx_word' id='word_1_17' title='bbox 693 691 731 745; x_wconf 93' lang='lat' dir='ltr'>ut</span> <span class='ocrx_word' id='word_1_18' title='bbox 746 680 872 745; x_wconf 89' lang='lat' dir='ltr'>melius</span> <span class='ocrx_word' id='word_1_19' title='bbox 888 678 1020 741; x_wconf 85' lang='lat' dir='ltr'>idioma</span> <span class='ocrx_word' id='word_1_20' title='bbox 1034 673 1120 737; x_wconf 88' lang='lat' dir='ltr'>illud</span> <span class='ocrx_word' id='word_1_21' title='bbox 1132 673 1209 753; x_wconf 93' lang='lat' dir='ltr'>ipso</span> <span class='ocrx_word' id='word_1_22' title='bbox 1223 685 1291 733; x_wconf 87' lang='lat' dir='ltr'>usu</span> <span class='ocrx_word' id='word_1_23' title='bbox 1306 666 1464 730; x_wconf 87' lang='lat' dir='ltr'>addisce·</span> 
     </span>
     <span class='ocr_line' id='line_1_4' title="bbox 231 772 1464 871; baseline -0.022 -11"><span class='ocrx_word' id='word_1_24' title='bbox 231 803 298 871; x_wconf 80' lang='lat' dir='ltr'>ret.</span> <span class='ocrx_word' id='word_1_25' title='bbox 314 792 548 858; x_wconf 89' lang='lat' dir='ltr'>Dialecticam</span> <span class='ocrx_word' id='word_1_26' title='bbox 560 790 703 854; x_wconf 87' lang='lat' dir='ltr'>interim</span> <span class='ocrx_word' id='word_1_27' title='bbox 714 789 903 853; x_wconf 91' lang='lat' dir='ltr'>lectionem</span> <span class='ocrx_word' id='word_1_28' title='bbox 915 781 1129 859; x_wconf 89' lang='lat' dir='ltr'>domesticis,</span> <span class='ocrx_word' id='word_1_29' title='bbox 1144 788 1178 842; x_wconf 92' lang='lat' dir='ltr'>et</span> <span class='ocrx_word' id='word_1_30' title='bbox 1192 777 1230 841; x_wconf 90' lang='grc' dir='ltr'>Ρ.</span> <span class='ocrx_word' id='word_1_31' title='bbox 1248 772 1464 838; x_wconf 87' lang='lat' dir='ltr'>Reziusrhe·</span> 
     </span>
     <span class='ocr_line' id='line_1_5' title="bbox 232 897 778 979; baseline -0.018 -12"><span class='ocrx_word' id='word_1_32' title='bbox 232 904 384 967; x_wconf 86' lang='lat' dir='ltr'>toricam</span> <span class='ocrx_word' id='word_1_33' title='bbox 395 899 528 963; x_wconf 91' lang='lat' dir='ltr'>eisdem</span> <span class='ocrx_word' id='word_1_34' title='bbox 539 897 778 979; x_wconf 85' lang='lat' dir='ltr'>praelegebat.</span> 
     </span>
    </p>

    <p class='ocr_par' dir='ltr' id='par_1_3' title="bbox 232 988 1467 1412">
     <span class='ocr_line' id='line_1_6' title="bbox 296 988 1466 1072; baseline -0.014 -1"><span class='ocrx_word' id='word_1_35' title='bbox 296 1007 384 1071; x_wconf 89' lang='grc'><strong>1810.</strong></span> <span class='ocrx_word' id='word_1_36' title='bbox 427 1006 620 1071; x_wconf 83' lang='lat' dir='ltr'>Crescebat</span> <span class='ocrx_word' id='word_1_37' title='bbox 635 1014 754 1067; x_wconf 89' lang='lat' dir='ltr'>autem</span> <span class='ocrx_word' id='word_1_38' title='bbox 773 1002 810 1065; x_wconf 91' lang='lat' dir='ltr'>in</span> <span class='ocrx_word' id='word_1_39' title='bbox 831 999 906 1065; x_wconf 90' lang='lat' dir='ltr'>dies</span> <span class='ocrx_word' id='word_1_40' title='bbox 927 1005 1152 1063; x_wconf 90' lang='lat' dir='ltr'>sacramenta</span> <span class='ocrx_word' id='word_1_41' title='bbox 1166 988 1466 1072; x_wconf 82' lang='lat' dir='ltr'>frequentantium</span> 
     </span>
     <span class='ocr_line' id='line_1_7' title="bbox 232 1094 1467 1194; baseline -0.021 -14"><span class='ocrx_word' id='word_1_42' title='bbox 232 1128 414 1191; x_wconf 86' lang='lat' dir='ltr'>humerus,</span> <span class='ocrx_word' id='word_1_43' title='bbox 432 1124 466 1176; x_wconf 88' lang='lat' dir='ltr'>et</span> <span class='ocrx_word' id='word_1_44' title='bbox 482 1109 630 1194; x_wconf 88' lang='lat' dir='ltr'>[eorum]</span> <span class='ocrx_word' id='word_1_45' title='bbox 648 1111 708 1191; x_wconf 95' lang='lat' dir='ltr'>qui</span> <span class='ocrx_word' id='word_1_46' title='bbox 724 1105 864 1174; x_wconf 84' lang='lat' dir='ltr'>consilii</span> <span class='ocrx_word' id='word_1_47' title='bbox 878 1106 997 1187; x_wconf 85' lang='lat' dir='ltr'>gratia</span> <span class='ocrx_word' id='word_1_48' title='bbox 1012 1106 1057 1168; x_wconf 91' lang='lat' dir='ltr'>ad</span> <span class='ocrx_word' id='word_1_49' title='bbox 1079 1111 1221 1167; x_wconf 90' lang='lat' dir='ltr'>nostros</span> <span class='ocrx_word' id='word_1_50' title='bbox 1235 1094 1467 1170; x_wconf 73' lang='lat' dir='ltr'>accedebanq</span> 
     </span>
     <span class='ocr_line' id='line_1_8' title="bbox 233 1198 1467 1304; baseline -0.022 -16"><span class='ocrx_word' id='word_1_51' title='bbox 233 1233 275 1288; x_wconf 84' lang='lat' dir='ltr'>ht</span> <span class='ocrx_word' id='word_1_52' title='bbox 289 1240 388 1304; x_wconf 90' lang='lat' dir='ltr'>spem</span> <span class='ocrx_word' id='word_1_53' title='bbox 408 1239 480 1285; x_wconf 91' lang='lat' dir='ltr'>non</span> <span class='ocrx_word' id='word_1_54' title='bbox 502 1221 670 1299; x_wconf 84' lang='lat' dir='ltr'>exiguam</span> <span class='ocrx_word' id='word_1_55' title='bbox 689 1219 733 1282; x_wconf 92' lang='lat' dir='ltr'>de</span> <span class='ocrx_word' id='word_1_56' title='bbox 755 1217 918 1298; x_wconf 89' lang='lat' dir='ltr'>profectu</span> <span class='ocrx_word' id='word_1_57' title='bbox 940 1211 1196 1277; x_wconf 90' lang='lat' dir='ltr'>coloniensium</span> <span class='ocrx_word' id='word_1_58' title='bbox 1217 1203 1331 1270; x_wconf 89' lang='lat' dir='ltr'>nostri</span> <span class='ocrx_word' id='word_1_59' title='bbox 1351 1198 1467 1265; x_wconf 89' lang='lat' dir='ltr'>conci·</span> 
     </span>
     <span class='ocr_line' id='line_1_9' title="bbox 236 1339 373 1412; baseline -0.022 -17"><span class='ocrx_word' id='word_1_60' title='bbox 236 1339 373 1412; x_wconf 83' lang='lat' dir='ltr'>petent.</span> 
     </span>
    </p>

    <p class='ocr_par' dir='ltr' id='par_1_4' title="bbox 238 1416 1475 2571">
     <span class='ocr_line' id='line_1_10' title="bbox 303 1416 1469 1511; baseline -0.021 -12"><span class='ocrx_word' id='word_1_61' title='bbox 303 1436 390 1500; x_wconf 89' lang='lat'>1811.</span> <span class='ocrx_word' id='word_1_62' title='bbox 435 1435 523 1499; x_wconf 90' lang='lat' dir='ltr'>Cum</span> <span class='ocrx_word' id='word_1_63' title='bbox 539 1444 657 1498; x_wconf 90' lang='lat' dir='ltr'>autem</span> <span class='ocrx_word' id='word_1_64' title='bbox 672 1432 710 1496; x_wconf 90' lang='lat' dir='ltr'>P.</span> <span class='ocrx_word' id='word_1_65' title='bbox 727 1432 993 1511; x_wconf 89' lang='lat' dir='ltr'>Ribadeneyra,</span> <span class='ocrx_word' id='word_1_66' title='bbox 1014 1425 1072 1489; x_wconf 91' lang='lat' dir='ltr'>cui</span> <span class='ocrx_word' id='word_1_67' title='bbox 1090 1424 1206 1487; x_wconf 90' lang='lat' dir='ltr'>fuerat</span> <span class='ocrx_word' id='word_1_68' title='bbox 1221 1416 1416 1499; x_wconf 87' lang='lat' dir='ltr'>injunctum</span> <span class='ocrx_word' id='word_1_69' title='bbox 1431 1422 1469 1474; x_wconf 92' lang='lat' dir='ltr'>ut</span> 
     </span>
     <span class='ocr_line' id='line_1_11' title="bbox 238 1520 1468 1619; baseline -0.021 -11"><span class='ocrx_word' id='word_1_70' title='bbox 238 1545 276 1607; x_wconf 87' lang='lat' dir='ltr'>ln</span> <span class='ocrx_word' id='word_1_71' title='bbox 291 1544 369 1607; x_wconf 90' lang='lat' dir='ltr'>istis</span> <span class='ocrx_word' id='word_1_72' title='bbox 383 1544 492 1607; x_wconf 87' lang='lat' dir='ltr'>initiis</span> <span class='ocrx_word' id='word_1_73' title='bbox 511 1542 732 1606; x_wconf 91' lang='lat' dir='ltr'>colonienses</span> <span class='ocrx_word' id='word_1_74' title='bbox 751 1538 954 1619; x_wconf 90' lang='lat' dir='ltr'>adjuvaret,</span> <span class='ocrx_word' id='word_1_75' title='bbox 976 1551 1077 1598; x_wconf 91' lang='lat' dir='ltr'>snam</span> <span class='ocrx_word' id='word_1_76' title='bbox 1098 1544 1245 1611; x_wconf 86' lang='lat' dir='ltr'>operam</span> <span class='ocrx_word' id='word_1_77' title='bbox 1262 1526 1314 1588; x_wconf 91' lang='lat' dir='ltr'>eis</span> <span class='ocrx_word' id='word_1_78' title='bbox 1328 1520 1468 1586; x_wconf 88' lang='lat' dir='ltr'>obtulis-</span> 
     </span>
     <span class='ocr_line' id='line_1_12' title="bbox 238 1632 1468 1732; baseline -0.02 -19"><span class='ocrx_word' id='word_1_79' title='bbox 238 1661 308 1731; x_wconf 79' lang='lat' dir='ltr'>set,</span> <span class='ocrx_word' id='word_1_80' title='bbox 331 1658 536 1732; x_wconf 87' lang='lat' dir='ltr'>pergratum</span> <span class='ocrx_word' id='word_1_81' title='bbox 556 1648 698 1730; x_wconf 92' lang='lat' dir='ltr'>quidem</span> <span class='ocrx_word' id='word_1_82' title='bbox 713 1648 781 1711; x_wconf 92' lang='lat' dir='ltr'>sibi</span> <span class='ocrx_word' id='word_1_83' title='bbox 799 1646 875 1710; x_wconf 86' lang='lat' dir='ltr'>fore</span> <span class='ocrx_word' id='word_1_84' title='bbox 895 1643 971 1726; x_wconf 89' lang='lat' dir='ltr'>ejus</span> <span class='ocrx_word' id='word_1_85' title='bbox 991 1640 1184 1705; x_wconf 87' lang='lat' dir='ltr'>adventum</span> <span class='ocrx_word' id='word_1_86' title='bbox 1199 1632 1468 1712; x_wconf 82' lang='lat' dir='ltr'>rescripserunt,</span> 
     </span>
     <span class='ocr_line' id='line_1_13' title="bbox 239 1734 1471 1835; baseline -0.022 -13"><span class='ocrx_word' id='word_1_87' title='bbox 239 1758 306 1822; x_wconf 86' lang='lat' dir='ltr'>sed</span> <span class='ocrx_word' id='word_1_88' title='bbox 321 1757 464 1822; x_wconf 91' lang='lat' dir='ltr'>minime</span> <span class='ocrx_word' id='word_1_89' title='bbox 478 1755 732 1835; x_wconf 89' lang='lat' dir='ltr'>necessarium,</span> <span class='ocrx_word' id='word_1_90' title='bbox 749 1772 828 1818; x_wconf 84' lang='lat' dir='ltr'>cunr</span> <span class='ocrx_word' id='word_1_91' title='bbox 845 1762 880 1817; x_wconf 90' lang='lat' dir='ltr'>et</span> <span class='ocrx_word' id='word_1_92' title='bbox 898 1750 1028 1815; x_wconf 88' lang='lat' dir='ltr'>civitas</span> <span class='ocrx_word' id='word_1_93' title='bbox 1047 1756 1083 1811; x_wconf 91' lang='lat' dir='ltr'>et</span> <span class='ocrx_word' id='word_1_94' title='bbox 1102 1741 1326 1809; x_wconf 88' lang='lat' dir='ltr'>Universitas</span> <span class='ocrx_word' id='word_1_95' title='bbox 1339 1734 1471 1800; x_wconf 86' lang='lat' dir='ltr'>nostris</span> 
     </span>
     <span class='ocr_line' id='line_1_14' title="bbox 241 1842 1471 1933; baseline -0.023 -3"><span class='ocrx_word' id='word_1_96' title='bbox 241 1878 317 1929; x_wconf 72' lang='lat' dir='ltr'>‘non</span> <span class='ocrx_word' id='word_1_97' title='bbox 331 1865 480 1928; x_wconf 89' lang='lat' dir='ltr'>obscure</span> <span class='ocrx_word' id='word_1_98' title='bbox 494 1863 667 1927; x_wconf 87' lang='lat' dir='ltr'>faverent.</span> <span class='ocrx_word' id='word_1_99' title='bbox 683 1862 728 1927; x_wconf 89' lang='lat' dir='ltr'>Et</span> <span class='ocrx_word' id='word_1_100' title='bbox 743 1862 935 1925; x_wconf 85' lang='lat' dir='ltr'>conciones</span> <span class='ocrx_word' id='word_1_101' title='bbox 949 1857 1078 1922; x_wconf 90' lang='lat' dir='ltr'>latinas</span> <span class='ocrx_word' id='word_1_102' title='bbox 1092 1851 1249 1933; x_wconf 73' lang='lat' dir='ltr'>eiusdem</span> <span class='ocrx_word' id='word_1_103' title='bbox 1263 1845 1302 1909; x_wconf 91' lang='lat' dir='ltr'>P.</span> <span class='ocrx_word' id='word_1_104' title='bbox 1323 1842 1471 1907; x_wconf 90' lang='lat' dir='ltr'>Ribade·</span> 
     </span>
     <span class='ocr_line' id='line_1_15' title="bbox 241 1963 1472 2053; baseline -0.021 -18"><span class='ocrx_word' id='word_1_105' title='bbox 241 1984 389 2053; x_wconf 82' lang='lat' dir='ltr'>beyrae,</span> <span class='ocrx_word' id='word_1_106' title='bbox 415 1988 505 2052; x_wconf 89' lang='lat' dir='ltr'>quae</span> <span class='ocrx_word' id='word_1_107' title='bbox 528 1970 681 2035; x_wconf 90' lang='lat' dir='ltr'>Lovanii</span> <span class='ocrx_word' id='word_1_108' title='bbox 706 1970 741 2032; x_wconf 92' lang='lat' dir='ltr'>in</span> <span class='ocrx_word' id='word_1_109' title='bbox 761 1968 874 2050; x_wconf 89' lang='lat' dir='ltr'>pretio</span> <span class='ocrx_word' id='word_1_110' title='bbox 896 1964 1130 2039; x_wconf 83' lang='lat' dir='ltr'>habebantur,</span> <span class='ocrx_word' id='word_1_111' title='bbox 1157 1963 1376 2038; x_wconf 90' lang='lat' dir='ltr'>opportunas</span> <span class='ocrx_word' id='word_1_112' title='bbox 1400 1964 1472 2010; x_wconf 89' lang='lat' dir='ltr'>non</span> 
     </span>
     <span class='ocr_line' id='line_1_16' title="bbox 243 2056 1474 2155; baseline -0.021 -13"><span class='ocrx_word' id='word_1_113' title='bbox 243 2079 321 2143; x_wconf 85' lang='lat' dir='ltr'>fore</span> <span class='ocrx_word' id='word_1_114' title='bbox 347 2079 515 2143; x_wconf 87' lang='lat' dir='ltr'>Coloniae</span> <span class='ocrx_word' id='word_1_115' title='bbox 539 2076 751 2155; x_wconf 88' lang='lat' dir='ltr'>censebant,</span> <span class='ocrx_word' id='word_1_116' title='bbox 771 2092 816 2138; x_wconf 92' lang='lat' dir='ltr'>ne</span> <span class='ocrx_word' id='word_1_117' title='bbox 841 2074 1008 2149; x_wconf 88' lang='lat' dir='ltr'>aliorum,</span> <span class='ocrx_word' id='word_1_118' title='bbox 1033 2067 1094 2151; x_wconf 93' lang='lat' dir='ltr'>qui</span> <span class='ocrx_word' id='word_1_119' title='bbox 1116 2068 1258 2147; x_wconf 90' lang='lat' dir='ltr'>placere</span> <span class='ocrx_word' id='word_1_120' title='bbox 1282 2056 1474 2123; x_wconf 84' lang='lat' dir='ltr'>admodum</span> 
     </span>
     <span class='ocr_line' id='line_1_17' title="bbox 242 2160 1473 2267; baseline -0.02 -19"><span class='ocrx_word' id='word_1_121' title='bbox 242 2195 450 2267; x_wconf 87' lang='lat' dir='ltr'>coeperant,</span> <span class='ocrx_word' id='word_1_122' title='bbox 467 2185 598 2248; x_wconf 89' lang='lat' dir='ltr'>latinas</span> <span class='ocrx_word' id='word_1_123' title='bbox 613 2184 803 2247; x_wconf 86' lang='lat' dir='ltr'>conciones</span> <span class='ocrx_word' id='word_1_124' title='bbox 818 2181 1026 2244; x_wconf 89' lang='lat' dir='ltr'>obscuraret</span> <span class='ocrx_word' id='word_1_125' title='bbox 1035 2193 1079 2239; x_wconf 89' lang='lat' dir='ltr'>ac</span> <span class='ocrx_word' id='word_1_126' title='bbox 1092 2174 1208 2238; x_wconf 91' lang='lat' dir='ltr'>minus</span> <span class='ocrx_word' id='word_1_127' title='bbox 1219 2174 1387 2246; x_wconf 88' lang='lat' dir='ltr'>acceptas</span> <span class='ocrx_word' id='word_1_128' title='bbox 1397 2160 1473 2225; x_wconf 90' lang='lat' dir='ltr'>red·</span> 
     </span>
     <span class='ocr_line' id='line_1_18' title="bbox 243 2268 1475 2385; baseline -0.021 -27"><span class='ocrx_word' id='word_1_129' title='bbox 243 2294 358 2358; x_wconf 89' lang='lat' dir='ltr'>deret.</span> <span class='ocrx_word' id='word_1_130' title='bbox 380 2291 465 2373; x_wconf 88' lang='lat' dir='ltr'>Ejus</span> <span class='ocrx_word' id='word_1_131' title='bbox 484 2292 578 2385; x_wconf 83' lang='lat' dir='ltr'>enim</span> <span class='ocrx_word' id='word_1_132' title='bbox 598 2290 732 2372; x_wconf 87' lang='lat' dir='ltr'>ingenii</span> <span class='ocrx_word' id='word_1_133' title='bbox 750 2306 829 2353; x_wconf 91' lang='lat' dir='ltr'>esse</span> <span class='ocrx_word' id='word_1_134' title='bbox 850 2286 1070 2352; x_wconf 90' lang='lat' dir='ltr'>colonienses</span> <span class='ocrx_word' id='word_1_135' title='bbox 1085 2281 1242 2362; x_wconf 76' lang='lat' dir='ltr'>aiebant,</span> <span class='ocrx_word' id='word_1_136' title='bbox 1265 2284 1318 2354; x_wconf 91' lang='lat' dir='ltr'>ut,</span> <span class='ocrx_word' id='word_1_137' title='bbox 1339 2272 1370 2335; x_wconf 91' lang='lat' dir='ltr'>si</span> <span class='ocrx_word' id='word_1_138' title='bbox 1390 2268 1475 2350; x_wconf 93' lang='lat' dir='ltr'>quid</span> 
     </span>
     <span class='ocr_line' id='line_1_19' title="bbox 244 2378 1473 2475; baseline -0.023 -10"><span class='ocrx_word' id='word_1_139' title='bbox 244 2400 478 2464; x_wconf 84' lang='lat' dir='ltr'>excellentius</span> <span class='ocrx_word' id='word_1_140' title='bbox 504 2400 705 2475; x_wconf 87' lang='lat' dir='ltr'>audissent,</span> <span class='ocrx_word' id='word_1_141' title='bbox 730 2396 861 2474; x_wconf 89' lang='lat' dir='ltr'>statim,</span> <span class='ocrx_word' id='word_1_142' title='bbox 888 2409 980 2475; x_wconf 90' lang='lat' dir='ltr'>quae</span> <span class='ocrx_word' id='word_1_143' title='bbox 999 2391 1116 2454; x_wconf 88' lang='lat' dir='ltr'>minus</span> <span class='ocrx_word' id='word_1_144' title='bbox 1135 2395 1254 2450; x_wconf 88' lang='lat' dir='ltr'>essent</span> <span class='ocrx_word' id='word_1_145' title='bbox 1275 2378 1473 2463; x_wconf 84' lang='lat' dir='ltr'>praeclara,</span> 
     </span>
     <span class='ocr_line' id='line_1_20' title="bbox 246 2506 702 2571; baseline -0.009 -2"><span class='ocrx_word' id='word_1_146' title='bbox 246 2506 457 2571; x_wconf 69' lang='lat' dir='ltr'>fastidirent.</span> <span class='ocrx_word' id='word_1_147' title='bbox 699 2560 702 2565; x_wconf 89' lang='lat'>.</span> 
     </span>
    </p>

    <p class='ocr_par' dir='ltr' id='par_1_5' title="bbox 248 2593 1476 2787">
     <span class='ocr_line' id='line_1_21' title="bbox 313 2593 1476 2696; baseline -0.023 -18"><span class='ocrx_word' id='word_1_148' title='bbox 313 2613 400 2679; x_wconf 84' lang='lat'>1812.</span> <span class='ocrx_word' id='word_1_149' title='bbox 444 2614 566 2696; x_wconf 90' lang='lat' dir='ltr'>ltaque</span> <span class='ocrx_word' id='word_1_150' title='bbox 580 2613 694 2678; x_wconf 87' lang='lat' dir='ltr'>nostri</span> <span class='ocrx_word' id='word_1_151' title='bbox 709 2612 932 2677; x_wconf 89' lang='lat' dir='ltr'>colonienses</span> <span class='ocrx_word' id='word_1_152' title='bbox 942 2617 977 2671; x_wconf 89' lang='lat' dir='ltr'>et</span> <span class='ocrx_word' id='word_1_153' title='bbox 987 2606 1108 2671; x_wconf 90' lang='lat' dir='ltr'>latinis</span> <span class='ocrx_word' id='word_1_154' title='bbox 1119 2613 1154 2667; x_wconf 94' lang='lat' dir='ltr'>et</span> <span class='ocrx_word' id='word_1_155' title='bbox 1165 2593 1382 2684; x_wconf 85' lang='lat' dir='ltr'>germanicis</span> <span class='ocrx_word' id='word_1_156' title='bbox 1395 2607 1476 2654; x_wconf 90' lang='lat' dir='ltr'>con·</span> 
     </span>
     <span class='ocr_line' id='line_1_22' title="bbox 248 2722 735 2787; baseline -0.008 -1"><span class='ocrx_word' id='word_1_157' title='bbox 248 2723 412 2787; x_wconf 87' lang='lat' dir='ltr'>cionibus</span> <span class='ocrx_word' id='word_1_158' title='bbox 426 2725 492 2786; x_wconf 89' lang='lat' dir='ltr'>sibi</span> <span class='ocrx_word' id='word_1_159' title='bbox 507 2722 735 2786; x_wconf 88' lang='lat' dir='ltr'>sufficiebant.</span> 
     </span>
    </p>

    <p class='ocr_par' dir='ltr' id='par_1_6' title="bbox 206 2806 1486 3978">
     <span class='ocr_line' id='line_1_23' title="bbox 316 2806 1479 2899; baseline -0.021 -8"><span class='ocrx_word' id='word_1_160' title='bbox 316 2828 404 2894; x_wconf 87' lang='lat'>1813.</span> <span class='ocrx_word' id='word_1_161' title='bbox 448 2830 536 2894; x_wconf 91' lang='lat' dir='ltr'>Cum</span> <span class='ocrx_word' id='word_1_162' title='bbox 563 2839 682 2892; x_wconf 90' lang='lat' dir='ltr'>autern</span> <span class='ocrx_word' id='word_1_163' title='bbox 706 2828 876 2893; x_wconf 87' lang='lat' dir='ltr'>traditum</span> <span class='ocrx_word' id='word_1_164' title='bbox 897 2825 966 2889; x_wconf 92' lang='lat' dir='ltr'>illis</span> <span class='ocrx_word' id='word_1_165' title='bbox 984 2824 1109 2888; x_wconf 89' lang='lat' dir='ltr'>fuisset</span> <span class='ocrx_word' id='word_1_166' title='bbox 1129 2814 1349 2899; x_wconf 90' lang='lat' dir='ltr'>praedictum</span> <span class='ocrx_word' id='word_1_167' title='bbox 1370 2806 1479 2871; x_wconf 88' lang='lat' dir='ltr'>Colle·</span> 
     </span>
     <span class='ocr_line' id='line_1_24' title="bbox 248 2913 1478 3017; baseline -0.023 -16"><span class='ocrx_word' id='word_1_168' title='bbox 248 2936 351 3017; x_wconf 75' lang='lat' dir='ltr'>glum</span> <span class='ocrx_word' id='word_1_169' title='bbox 364 2937 471 3000; x_wconf 92' lang='lat' dir='ltr'>trium</span> <span class='ocrx_word' id='word_1_170' title='bbox 485 2936 720 3015; x_wconf 88' lang='lat' dir='ltr'>Coronarum,</span> <span class='ocrx_word' id='word_1_171' title='bbox 736 2945 770 2999; x_wconf 91' lang='lat' dir='ltr'>et</span> <span class='ocrx_word' id='word_1_172' title='bbox 785 2937 821 2999; x_wconf 90' lang='lat' dir='ltr'>in</span> <span class='ocrx_word' id='word_1_173' title='bbox 836 2953 879 2999; x_wconf 94' lang='lat' dir='ltr'>eo</span> <span class='ocrx_word' id='word_1_174' title='bbox 893 2951 966 2996; x_wconf 94' lang='lat' dir='ltr'>non</span> <span class='ocrx_word' id='word_1_175' title='bbox 978 2940 1114 2994; x_wconf 90' lang='lat' dir='ltr'>tantum</span> <span class='ocrx_word' id='word_1_176' title='bbox 1125 2921 1346 3001; x_wconf 83' lang='lat' dir='ltr'>theologicas</span> <span class='ocrx_word' id='word_1_177' title='bbox 1359 2913 1478 2978; x_wconf 91' lang='lat' dir='ltr'>lcctio·</span> 
     </span>
     <span class='ocr_line' id='line_1_25' title="bbox 253 3021 1480 3125; baseline -0.021 -18"><span class='ocrx_word' id='word_1_178' title='bbox 253 3061 316 3106; x_wconf 89' lang='lat' dir='ltr'>nes</span> <span class='ocrx_word' id='word_1_179' title='bbox 331 3043 518 3124; x_wconf 89' lang='lat' dir='ltr'>(quaejam</span> <span class='ocrx_word' id='word_1_180' title='bbox 534 3047 613 3125; x_wconf 91' lang='lat' dir='ltr'>plus</span> <span class='ocrx_word' id='word_1_181' title='bbox 629 3060 734 3125; x_wconf 91' lang='lat' dir='ltr'>quam</span> <span class='ocrx_word' id='word_1_182' title='bbox 750 3061 843 3106; x_wconf 89' lang='lat' dir='ltr'>anno</span> <span class='ocrx_word' id='word_1_183' title='bbox 858 3042 998 3119; x_wconf 83' lang='lat' dir='ltr'>integro</span> <span class='ocrx_word' id='word_1_184' title='bbox 1015 3029 1273 3108; x_wconf 90' lang='lat' dir='ltr'>cessaverant),</span> <span class='ocrx_word' id='word_1_185' title='bbox 1290 3025 1352 3090; x_wconf 92' lang='lat' dir='ltr'>sed</span> <span class='ocrx_word' id='word_1_186' title='bbox 1371 3021 1480 3086; x_wconf 89' lang='lat' dir='ltr'>etiarn</span> 
     </span>
     <span class='ocr_line' id='line_1_26' title="bbox 251 3134 1481 3231; baseline -0.02 -18"><span class='ocrx_word' id='word_1_187' title='bbox 251 3149 518 3231; x_wconf 88' lang='lat' dir='ltr'>philosophicas</span> <span class='ocrx_word' id='word_1_188' title='bbox 532 3162 566 3214; x_wconf 92' lang='lat' dir='ltr'>et</span> <span class='ocrx_word' id='word_1_189' title='bbox 577 3151 777 3214; x_wconf 89' lang='lat' dir='ltr'>litterarum</span> <span class='ocrx_word' id='word_1_190' title='bbox 787 3149 1036 3213; x_wconf 90' lang='lat' dir='ltr'>humaniorum</span> <span class='ocrx_word' id='word_1_191' title='bbox 1048 3141 1254 3224; x_wconf 83' lang='lat' dir='ltr'>praelegere</span> <span class='ocrx_word' id='word_1_192' title='bbox 1265 3134 1444 3206; x_wconf 90' lang='lat' dir='ltr'>deberent,</span> <span class='ocrx_word' id='word_1_193' title='bbox 1459 3144 1481 3188; x_wconf 89' lang='lat' dir='ltr'>a</span> 
     </span>
     <span class='ocr_line' id='line_1_27' title="bbox 244 3240 1480 3339; baseline -0.018 -20"><span class='ocrx_word' id='word_1_194' title='bbox 244 3256 292 3320; x_wconf 53' lang='lat' dir='ltr'>(P.</span> <span class='ocrx_word' id='word_1_195' title='bbox 305 3255 453 3322; x_wconf 91' lang='lat' dir='ltr'>Vicario</span> <span class='ocrx_word' id='word_1_196' title='bbox 463 3257 598 3339; x_wconf 88' lang='lat' dir='ltr'>Jacobo</span> <span class='ocrx_word' id='word_1_197' title='bbox 613 3258 757 3338; x_wconf 90' lang='lat' dir='ltr'>Laynez</span> <span class='ocrx_word' id='word_1_198' title='bbox 768 3266 956 3334; x_wconf 90' lang='lat' dir='ltr'>utrumque</span> <span class='ocrx_word' id='word_1_199' title='bbox 968 3248 1242 3323; x_wconf 90' lang='lat' dir='ltr'>Theodoricum,</span> <span class='ocrx_word' id='word_1_200' title='bbox 1252 3240 1399 3314; x_wconf 90' lang='lat' dir='ltr'>scilicet,</span> <span class='ocrx_word' id='word_1_201' title='bbox 1408 3252 1480 3298; x_wconf 90' lang='lat' dir='ltr'>am·</span> 
     </span>
     <span class='ocr_line' id='line_1_28' title="bbox 252 3347 1480 3441; baseline -0.018 -15"><span class='ocrx_word' id='word_1_202' title='bbox 252 3363 536 3428; x_wconf 88' lang='lat' dir='ltr'>sterdamensem</span> <span class='ocrx_word' id='word_1_203' title='bbox 557 3363 565 3395; x_wconf 90' lang='lat'><strong>¹</strong></span> <span class='ocrx_word' id='word_1_204' title='bbox 591 3376 626 3427; x_wconf 93' lang='lat' dir='ltr'>et</span> <span class='ocrx_word' id='word_1_205' title='bbox 655 3363 848 3441; x_wconf 88' lang='lat' dir='ltr'>Canisium,</span> <span class='ocrx_word' id='word_1_206' title='bbox 874 3372 914 3425; x_wconf 91' lang='lat' dir='ltr'>ut</span> <span class='ocrx_word' id='word_1_207' title='bbox 940 3355 1198 3441; x_wconf 87' lang='lat' dir='ltr'>philosophiam</span> <span class='ocrx_word' id='word_1_208' title='bbox 1219 3347 1480 3432; x_wconf 88' lang='lat' dir='ltr'>profiterentur,</span> 
     </span>
     <span class='ocr_line' id='line_1_29' title="bbox 253 3449 1484 3551; baseline -0.02 -17"><span class='ocrx_word' id='word_1_209' title='bbox 253 3473 496 3551; x_wconf 88' lang='lat' dir='ltr'>postularunt;</span> <span class='ocrx_word' id='word_1_210' title='bbox 512 3489 595 3534; x_wconf 90' lang='lat' dir='ltr'>nam</span> <span class='ocrx_word' id='word_1_211' title='bbox 610 3470 647 3533; x_wconf 89' lang='lat' dir='ltr'>P.</span> <span class='ocrx_word' id='word_1_212' title='bbox 660 3470 836 3534; x_wconf 88' lang='lat' dir='ltr'>Henricus</span> <span class='ocrx_word' id='word_1_213' title='bbox 851 3467 1056 3548; x_wconf 87' lang='lat' dir='ltr'>Dionysius,</span> <span class='ocrx_word' id='word_1_214' title='bbox 1074 3470 1214 3543; x_wconf 89' lang='lat' dir='ltr'>praeter</span> <span class='ocrx_word' id='word_1_215' title='bbox 1229 3455 1430 3528; x_wconf 89' lang='lat' dir='ltr'>conciones,</span> <span class='ocrx_word' id='word_1_216' title='bbox 1447 3449 1484 3510; x_wconf 94' lang='lat' dir='ltr'>in</span> 
     </span>
     <span class='ocr_line' id='line_1_30' title="bbox 206 3554 1482 3660; baseline -0.02 -20"><span class='ocrx_word' id='word_1_217' title='bbox 206 3652 209 3660; x_wconf 33' lang='grc'><strong>,</strong></span> <span class='ocrx_word' id='word_1_218' title='bbox 254 3578 483 3641; x_wconf 88' lang='lat' dir='ltr'>enarratione</span> <span class='ocrx_word' id='word_1_219' title='bbox 497 3581 713 3658; x_wconf 90' lang='lat' dir='ltr'>psalmorum</span> <span class='ocrx_word' id='word_1_220' title='bbox 729 3575 880 3639; x_wconf 91' lang='lat' dir='ltr'>Davidis</span> <span class='ocrx_word' id='word_1_221' title='bbox 895 3573 1152 3654; x_wconf 88' lang='lat' dir='ltr'>occupabatur,</span> <span class='ocrx_word' id='word_1_222' title='bbox 1170 3576 1204 3630; x_wconf 90' lang='lat' dir='ltr'>et</span> <span class='ocrx_word' id='word_1_223' title='bbox 1218 3562 1360 3645; x_wconf 90' lang='lat' dir='ltr'>quidem</span> <span class='ocrx_word' id='word_1_224' title='bbox 1377 3554 1482 3620; x_wconf 89' lang='lat' dir='ltr'>felici·</span> 
     </span>
     <span class='ocr_line' id='line_1_31' title="bbox 259 3662 1485 3764; baseline -0.02 -18"><span class='ocrx_word' id='word_1_225' title='bbox 259 3691 324 3762; x_wconf 89' lang='lat' dir='ltr'>ter,</span> <span class='ocrx_word' id='word_1_226' title='bbox 347 3693 384 3748; x_wconf 93' lang='lat' dir='ltr'>ut</span> <span class='ocrx_word' id='word_1_227' title='bbox 399 3684 575 3747; x_wconf 87' lang='lat' dir='ltr'>diceretur</span> <span class='ocrx_word' id='word_1_228' title='bbox 598 3692 770 3764; x_wconf 88' lang='lat' dir='ltr'>quotquot</span> <span class='ocrx_word' id='word_1_229' title='bbox 792 3682 957 3745; x_wconf 90' lang='lat' dir='ltr'>doctores</span> <span class='ocrx_word' id='word_1_230' title='bbox 978 3687 1060 3743; x_wconf 89' lang='lat' dir='ltr'>ante</span> <span class='ocrx_word' id='word_1_231' title='bbox 1082 3673 1291 3739; x_wconf 90' lang='lat' dir='ltr'>decennium</span> <span class='ocrx_word' id='word_1_232' title='bbox 1315 3662 1485 3730; x_wconf 88' lang='lat' dir='ltr'>Coloniae</span> 
     </span>
     <span class='ocr_line' id='line_1_32' title="bbox 258 3768 1486 3872; baseline -0.018 -20"><span class='ocrx_word' id='word_1_233' title='bbox 258 3807 384 3854; x_wconf 86' lang='lat' dir='ltr'>sacras</span> <span class='ocrx_word' id='word_1_234' title='bbox 402 3791 539 3856; x_wconf 91' lang='lat' dir='ltr'>litteras</span> <span class='ocrx_word' id='word_1_235' title='bbox 560 3790 712 3872; x_wconf 83' lang='lat' dir='ltr'>professi</span> <span class='ocrx_word' id='word_1_236' title='bbox 731 3800 849 3868; x_wconf 90' lang='lat' dir='ltr'>erant,</span> <span class='ocrx_word' id='word_1_237' title='bbox 870 3768 977 3868; x_wconf 84' lang='lat' dir='ltr'>longo</span> <span class='ocrx_word' id='word_1_238' title='bbox 998 3782 1186 3849; x_wconf 91' lang='lat' dir='ltr'>intervallo</span> <span class='ocrx_word' id='word_1_239' title='bbox 1209 3776 1360 3852; x_wconf 83' lang='lat' dir='ltr'>anteire3</span> <span class='ocrx_word' id='word_1_240' title='bbox 1381 3779 1416 3834; x_wconf 94' lang='lat' dir='ltr'>et</span> <span class='ocrx_word' id='word_1_241' title='bbox 1436 3769 1486 3831; x_wconf 88' lang='lat' dir='ltr'>ita</span> 
     </span>
     <span class='ocr_line' id='line_1_33' title="bbox 259 3878 1485 3978; baseline -0.017 -19"><span class='ocrx_word' id='word_1_242' title='bbox 259 3898 519 3978; x_wconf 85' lang='lat' dir='ltr'>frequentiores</span> <span class='ocrx_word' id='word_1_243' title='bbox 534 3898 674 3977; x_wconf 89' lang='lat' dir='ltr'>quidem</span> <span class='ocrx_word' id='word_1_244' title='bbox 689 3896 868 3961; x_wconf 84' lang='lat' dir='ltr'>auditores</span> <span class='ocrx_word' id='word_1_245' title='bbox 885 3893 943 3976; x_wconf 93' lang='lat' dir='ltr'>[ad</span> <span class='ocrx_word' id='word_1_246' title='bbox 958 3893 1033 3974; x_wconf 84' lang='lat' dir='ltr'>eJ&#39;us</span> <span class='ocrx_word' id='word_1_247' title='bbox 1050 3883 1233 3968; x_wconf 91' lang='lat' dir='ltr'>lectiones]</span> <span class='ocrx_word' id='word_1_248' title='bbox 1249 3878 1485 3951; x_wconf 89' lang='lat' dir='ltr'>confluebant,</span> 
     </span>
    </p>
   </div>
   <div class='ocr_carea' id='block_1_3' title="bbox 258 3988 1585 4086">
    <p class='ocr_par' dir='ltr' id='par_1_7' title="bbox 258 3988 1585 4086">
     <span class='ocr_line' id='line_1_34' title="bbox 258 3988 1585 4086; baseline -0.021 -16"><span class='ocrx_word' id='word_1_249' title='bbox 258 4021 367 4084; x_wconf 88' lang='lat' dir='ltr'>quarn</span> <span class='ocrx_word' id='word_1_250' title='bbox 384 4001 454 4086; x_wconf 87' lang='lat' dir='ltr'>[ad]</span> <span class='ocrx_word' id='word_1_251' title='bbox 471 4005 578 4068; x_wconf 88' lang='lat' dir='ltr'>alium</span> <span class='ocrx_word' id='word_1_252' title='bbox 593 4021 816 4086; x_wconf 89' lang='lat' dir='ltr'>quemquam,</span> <span class='ocrx_word' id='word_1_253' title='bbox 834 4001 935 4082; x_wconf 91' lang='lat' dir='ltr'>cujus</span> <span class='ocrx_word' id='word_1_254' title='bbox 949 3999 1203 4070; x_wconf 89' lang='lat' dir='ltr'>meminissent,</span> <span class='ocrx_word' id='word_1_255' title='bbox 1225 3988 1448 4056; x_wconf 90' lang='lat' dir='ltr'>confluebant</span> <span class='ocrx_word' id='word_1_256' title='bbox 1463 3990 1486 4043; x_wconf 82' lang='lat'>².</span> <span class='ocrx_word' id='word_1_257' title='bbox 1579 4061 1585 4069; x_wconf 90' lang='lat'>.</span> 
     </span>
    </p>
   </div>
   <div class='ocr_carea' id='block_1_4' title="bbox 264 4163 461 4171">
    <p class='ocr_par' dir='ltr' id='par_1_8' title="bbox 264 4163 461 4171">
     <span class='ocr_line' id='line_1_35' title="bbox 264 4163 461 4171; baseline -0.015 0"><span class='ocrx_word' id='word_1_258' title='bbox 264 4163 461 4171; x_wconf 51' lang='lat'>*—</span> 
     </span>
    </p>
   </div>
   <div class='ocr_carea' id='block_1_5' title="bbox 257 4233 1494 4731">
    <p class='ocr_par' dir='ltr' id='par_1_9' title="bbox 257 4233 1494 4658">
     <span class='ocr_line' id='line_1_36' title="bbox 303 4233 1491 4292; baseline -0.014 -4"><span class='ocrx_word' id='word_1_259' title='bbox 303 4242 312 4277; x_wconf 82' lang='lat'><strong>¹</strong></span> <span class='ocrx_word' id='word_1_260' title='bbox 340 4241 386 4290; x_wconf 74' lang='lat' dir='ltr'>Ma.</span> <span class='ocrx_word' id='word_1_261' title='bbox 401 4245 687 4291; x_wconf 76' lang='lat' dir='ltr'>Austermnadensem.</span> <span class='ocrx_word' id='word_1_262' title='bbox 697 4246 779 4292; x_wconf 90' lang='lat' dir='ltr'>Porro</span> <span class='ocrx_word' id='word_1_263' title='bbox 793 4247 835 4292; x_wconf 87' lang='lat' dir='ltr'>hle</span> <span class='ocrx_word' id='word_1_264' title='bbox 850 4253 889 4291; x_wconf 86' lang='lat' dir='ltr'>est</span> <span class='ocrx_word' id='word_1_265' title='bbox 904 4244 1079 4290; x_wconf 82' lang='lat' dir='ltr'>Theudoricus</span> <span class='ocrx_word' id='word_1_266' title='bbox 1094 4241 1236 4284; x_wconf 84' lang='lat' dir='ltr'>Geeraerts</span> <span class='ocrx_word' id='word_1_267' title='bbox 1252 4234 1382 4285; x_wconf 72' lang='lat' dir='ltr'>(Gerardlt</span> <span class='ocrx_word' id='word_1_268' title='bbox 1393 4233 1424 4275; x_wconf 86' lang='lat' dir='ltr'>de</span> <span class='ocrx_word' id='word_1_269' title='bbox 1440 4240 1491 4284; x_wconf 93' lang='lat' dir='ltr'>quo</span> 
     </span>
     <span class='ocr_line' id='line_1_37' title="bbox 257 4302 1491 4372; baseline -0.011 -16"><span class='ocrx_word' id='word_1_270' title='bbox 257 4313 408 4360; x_wconf 79' lang='lat' dir='ltr'>dictumest</span> <span class='ocrx_word' id='word_1_271' title='bbox 418 4327 507 4372; x_wconf 83' lang='lat' dir='ltr'>snpra,</span> <span class='ocrx_word' id='word_1_272' title='bbox 518 4323 537 4360; x_wconf 92' lang='lat' dir='ltr'>t.</span> <span class='ocrx_word' id='word_1_273' title='bbox 547 4328 584 4370; x_wconf 85' lang='grc' dir='ltr'>ιιι,</span> <span class='ocrx_word' id='word_1_274' title='bbox 594 4329 658 4372; x_wconf 76' lang='lat' dir='ltr'>pag.</span> <span class='ocrx_word' id='word_1_275' title='bbox 667 4317 687 4372; x_wconf 79' lang='lat'>7,</span> <span class='ocrx_word' id='word_1_276' title='bbox 700 4329 722 4362; x_wconf 86' lang='lat' dir='ltr'>n.</span> <span class='ocrx_word' id='word_1_277' title='bbox 736 4319 757 4370; x_wconf 79' lang='lat'>5,</span> <span class='ocrx_word' id='word_1_278' title='bbox 772 4325 859 4363; x_wconf 84' lang='lat' dir='ltr'>annot.</span> <span class='ocrx_word' id='word_1_279' title='bbox 870 4318 891 4372; x_wconf 79' lang='lat'>8,</span> <span class='ocrx_word' id='word_1_280' title='bbox 906 4323 933 4360; x_wconf 87' lang='lat' dir='ltr'>er</span> <span class='ocrx_word' id='word_1_281' title='bbox 951 4322 970 4360; x_wconf 88' lang='lat' dir='ltr'>t.</span> <span class='ocrx_word' id='word_1_282' title='bbox 981 4326 1017 4368; x_wconf 82' lang='lat' dir='ltr'>tv,</span> <span class='ocrx_word' id='word_1_283' title='bbox 1027 4323 1091 4369; x_wconf 69' lang='lat' dir='ltr'>pag.</span> <span class='ocrx_word' id='word_1_284' title='bbox 1101 4311 1149 4365; x_wconf 80' lang='grc'>2811</span> <span class='ocrx_word' id='word_1_285' title='bbox 1163 4322 1187 4353; x_wconf 90' lang='lat' dir='ltr'>n.</span> <span class='ocrx_word' id='word_1_286' title='bbox 1198 4306 1313 4352; x_wconf 61' lang='lat' dir='ltr'>obl-De</span> <span class='ocrx_word' id='word_1_287' title='bbox 1329 4302 1491 4349; x_wconf 81' lang='lat' dir='ltr'>Theodorlco</span> 
     </span>
     <span class='ocr_line' id='line_1_38' title="bbox 264 4378 1492 4444; baseline -0.009 -17"><span class='ocrx_word' id='word_1_288' title='bbox 264 4384 469 4442; x_wconf 76' lang='lat' dir='ltr'>Cunlslo,fratre</span> <span class='ocrx_word' id='word_1_289' title='bbox 482 4389 615 4434; x_wconf 74' lang='lat' dir='ltr'>BriPetrl</span> <span class='ocrx_word' id='word_1_290' title='bbox 633 4391 729 4435; x_wconf 84' lang='lat' dir='ltr'>Canlsii</span> <span class='ocrx_word' id='word_1_291' title='bbox 746 4403 779 4434; x_wconf 84' lang='lat' dir='ltr'>ex</span> <span class='ocrx_word' id='word_1_292' title='bbox 796 4399 880 4444; x_wconf 77' lang='lat' dir='ltr'>patre,</span> <span class='ocrx_word' id='word_1_293' title='bbox 898 4389 1019 4442; x_wconf 81' lang='lat' dir='ltr'>frequens</span> <span class='ocrx_word' id='word_1_294' title='bbox 1036 4393 1076 4429; x_wconf 86' lang='lat' dir='ltr'>est</span> <span class='ocrx_word' id='word_1_295' title='bbox 1092 4394 1177 4427; x_wconf 85' lang='lat' dir='ltr'>sermo</span> <span class='ocrx_word' id='word_1_296' title='bbox 1194 4381 1262 4435; x_wconf 85' lang='lat' dir='ltr'>apud</span> <span class='ocrx_word' id='word_1_297' title='bbox 1277 4378 1492 4425; x_wconf 76' lang='lat' dir='ltr'>Bnnunssnnosu,</span> 
     </span>
     <span class='ocr_line' id='line_1_39' title="bbox 259 4448 1493 4515; baseline -0.019 -6"><span class='ocrx_word' id='word_1_298' title='bbox 259 4456 281 4499; x_wconf 77' lang='lat'>⁴·</span> <span class='ocrx_word' id='word_1_299' title='bbox 297 4467 327 4508; x_wconf 66' lang='grc' dir='ltr'>ί.</span> <span class='ocrx_word' id='word_1_300' title='bbox 342 4463 361 4502; x_wconf 84' lang='lat' dir='ltr'>t.</span> <span class='ocrx_word' id='word_1_301' title='bbox 376 4469 393 4511; x_wconf 91' lang='lat'>1,</span> <span class='ocrx_word' id='word_1_302' title='bbox 410 4469 486 4514; x_wconf 89' lang='lat' dir='ltr'>quem</span> <span class='ocrx_word' id='word_1_303' title='bbox 502 4460 570 4514; x_wconf 83' lang='lat' dir='ltr'>vide,</span> <span class='ocrx_word' id='word_1_304' title='bbox 588 4473 648 4515; x_wconf 77' lang='lat' dir='ltr'>pag.</span> <span class='ocrx_word' id='word_1_305' title='bbox 666 4463 712 4514; x_wconf 87' lang='grc'><strong>116,</strong></span> <span class='ocrx_word' id='word_1_306' title='bbox 731 4463 776 4515; x_wconf 83' lang='grc'><strong>117,</strong></span> <span class='ocrx_word' id='word_1_307' title='bbox 793 4459 961 4505; x_wconf 61' lang='lat' dir='ltr'>Album-De</span> <span class='ocrx_word' id='word_1_308' title='bbox 975 4463 1086 4510; x_wconf 84' lang='lat' dir='ltr'>utroque</span> <span class='ocrx_word' id='word_1_309' title='bbox 1102 4452 1273 4504; x_wconf 82' lang='lat' dir='ltr'>Theodorlco,</span> <span class='ocrx_word' id='word_1_310' title='bbox 1291 4448 1397 4493; x_wconf 79' lang='lat' dir='ltr'>Caninio</span> <span class='ocrx_word' id='word_1_311' title='bbox 1413 4457 1453 4490; x_wconf 73' lang='lat' dir='ltr'>ec.</span> <span class='ocrx_word' id='word_1_312' title='bbox 1466 4449 1493 4486; x_wconf 90' lang='lat' dir='ltr'>et</span> 
     </span>
     <span class='ocr_line' id='line_1_40' title="bbox 261 4519 1494 4588; baseline -0.008 -18"><span class='ocrx_word' id='word_1_313' title='bbox 261 4524 415 4582; x_wconf 73' lang='lat' dir='ltr'>Caeretem,</span> <span class='ocrx_word' id='word_1_314' title='bbox 431 4531 544 4586; x_wconf 84' lang='lat' dir='ltr'>loquitur</span> <span class='ocrx_word' id='word_1_315' title='bbox 560 4531 738 4588; x_wconf 76' lang='lat' dir='ltr'>Nmaauusac,</span> <span class='ocrx_word' id='word_1_316' title='bbox 763 4533 879 4577; x_wconf 81' lang='lat' dir='ltr'>Varones</span> <span class='ocrx_word' id='word_1_317' title='bbox 896 4531 1008 4574; x_wconf 77' lang='lat' dir='ltr'>ilustres</span> <span class='ocrx_word' id='word_1_318' title='bbox 1024 4529 1058 4572; x_wconf 80' lang='lat' dir='ltr'>de</span> <span class='ocrx_word' id='word_1_319' title='bbox 1073 4526 1102 4570; x_wconf 81' lang='lat' dir='ltr'>la</span> <span class='ocrx_word' id='word_1_320' title='bbox 1112 4522 1259 4578; x_wconf 72' lang='lat' dir='ltr'>comporta</span> <span class='ocrx_word' id='word_1_321' title='bbox 1277 4522 1310 4565; x_wconf 83' lang='lat' dir='ltr'>de</span> <span class='ocrx_word' id='word_1_322' title='bbox 1323 4519 1415 4577; x_wconf 74' lang='lat' dir='ltr'>Jesrts,</span> <span class='ocrx_word' id='word_1_323' title='bbox 1431 4523 1446 4560; x_wconf 88' lang='lat' dir='ltr'>t.</span> <span class='ocrx_word' id='word_1_324' title='bbox 1466 4525 1494 4557; x_wconf 84' lang='lat' dir='ltr'>vr</span> 
     </span>
     <span class='ocr_line' id='line_1_41' title="bbox 261 4595 608 4658; baseline 0.026 -18"><span class='ocrx_word' id='word_1_325' title='bbox 261 4595 376 4653; x_wconf 72' lang='lat' dir='ltr'>(Euhan,</span> <span class='ocrx_word' id='word_1_326' title='bbox 387 4599 458 4656; x_wconf 77' lang='grc'><strong>18911),</strong></span> <span class='ocrx_word' id='word_1_327' title='bbox 467 4614 527 4658; x_wconf 72' lang='lat' dir='ltr'>pag.</span> <span class='ocrx_word' id='word_1_328' title='bbox 537 4605 608 4649; x_wconf 57' lang='lat'>³742.</span> 
     </span>
    </p>

    <p class='ocr_par' dir='ltr' id='par_1_10' title="bbox 307 4669 908 4731">
     <span class='ocr_line' id='line_1_42' title="bbox 307 4669 908 4731; baseline -0.012 -9"><span class='ocrx_word' id='word_1_329' title='bbox 307 4670 318 4702; x_wconf 81' lang='lat'><strong>¹</strong></span> <span class='ocrx_word' id='word_1_330' title='bbox 344 4669 467 4722; x_wconf 74' lang='lat' dir='ltr'>Litterae</span> <span class='ocrx_word' id='word_1_331' title='bbox 476 4676 706 4731; x_wconf 75' lang='lat' dir='ltr'>Quadrfmestres,</span> <span class='ocrx_word' id='word_1_332' title='bbox 715 4683 732 4721; x_wconf 87' lang='lat' dir='ltr'>t.</span> <span class='ocrx_word' id='word_1_333' title='bbox 745 4688 780 4730; x_wconf 71' lang='grc' dir='ltr'>ιν,</span> <span class='ocrx_word' id='word_1_334' title='bbox 790 4686 851 4730; x_wconf 71' lang='lat' dir='ltr'>pag.</span> <span class='ocrx_word' id='word_1_335' title='bbox 860 4673 908 4718; x_wconf 83' lang='grc'><strong>618.</strong></span> 
     </span>
    </p>
   </div>
   <div class='ocr_carea' id='block_1_6' title="bbox 0 0 1869 5350">
    <p class='ocr_par' dir='ltr' id='par_1_11' title="bbox 0 0 1869 5350">
     <span class='ocr_line' id='line_1_43' title="bbox 0 0 1869 5350; baseline 0 0"><span class='ocrx_word' id='word_1_336' title='bbox 0 0 1869 5350; x_wconf 95' lang='lat' dir='ltr'> </span> 
     </span>
    </p>
   </div>
  </div>
 </body>
</html>
