<?xml version="1.0" encoding="UTF-8"?>
<!DOCTYPE html PUBLIC "-//W3C//DTD XHTML 1.0 Transitional//EN"
    "http://www.w3.org/TR/xhtml1/DTD/xhtml1-transitional.dtd">
<html xmlns="http://www.w3.org/1999/xhtml" xml:lang="en" lang="en">
 <head>
  <title>
</title>
<meta http-equiv="Content-Type" content="text/html;charset=utf-8" />
  <meta name='ocr-system' content='tesseract 3.04.00' />
  <meta name='ocr-capabilities' content='ocr_page ocr_carea ocr_par ocr_line ocrx_word'/>
</head>
<body>
  <div class='ocr_page' id='page_1' title='image "./vitaignatiiloio00polagoog_0685.png"; bbox 0 0 3642 5350; ppageno 0'>
   <div class='ocr_carea' id='block_1_1' title="bbox 779 451 1471 515">
    <p class='ocr_par' dir='ltr' id='par_1_1' title="bbox 779 451 1471 515">
     <span class='ocr_line' id='line_1_1' title="bbox 779 451 1471 515; baseline -0.006 0"><span class='ocrx_word' id='word_1_1' title='bbox 779 456 843 515; x_wconf 82' lang='lat' dir='ltr'><strong>Au.</strong></span> <span class='ocrx_word' id='word_1_2' title='bbox 865 453 935 514; x_wconf 86' lang='grc'>1566</span> <span class='ocrx_word' id='word_1_3' title='bbox 1317 492 1321 500; x_wconf 87' lang='lat'>·</span> <span class='ocrx_word' id='word_1_4' title='bbox 1417 451 1471 513; x_wconf 71' lang='lat'><strong>665</strong></span> 
     </span>
    </p>
   </div>
   <div class='ocr_carea' id='block_1_2' title="bbox 238 599 1468 2386">
    <p class='ocr_par' dir='ltr' id='par_1_2' title="bbox 238 599 1468 1543">
     <span class='ocr_line' id='line_1_2' title="bbox 299 599 1466 684; baseline -0.001 -18"><span class='ocrx_word' id='word_1_5' title='bbox 299 599 392 666; x_wconf 82' lang='lat'>2862.</span> <span class='ocrx_word' id='word_1_6' title='bbox 433 601 529 666; x_wconf 88' lang='lat' dir='ltr'>Inter</span> <span class='ocrx_word' id='word_1_7' title='bbox 545 603 613 666; x_wconf 90' lang='lat' dir='ltr'><strong>alia</strong></span> <span class='ocrx_word' id='word_1_8' title='bbox 629 603 672 665; x_wconf 86' lang='lat' dir='ltr'><strong>de</strong></span> <span class='ocrx_word' id='word_1_9' title='bbox 688 602 814 684; x_wconf 89' lang='lat' dir='ltr'><strong>quibus</strong></span> <span class='ocrx_word' id='word_1_10' title='bbox 834 601 873 666; x_wconf 93' lang='grc' dir='ltr'><strong>Ρ.</strong></span> <span class='ocrx_word' id='word_1_11' title='bbox 895 601 1082 666; x_wconf 89' lang='lat' dir='ltr'><strong>Vicarium</strong></span> <span class='ocrx_word' id='word_1_12' title='bbox 1104 602 1280 666; x_wconf 78' lang='lat' dir='ltr'><strong>consuluit</strong></span> <span class='ocrx_word' id='word_1_13' title='bbox 1300 600 1339 666; x_wconf 92' lang='grc' dir='ltr'><strong>Ρ.</strong></span> <span class='ocrx_word' id='word_1_14' title='bbox 1360 601 1466 666; x_wconf 89' lang='lat' dir='ltr'><strong>Fran·</strong></span> 
     </span>
     <span class='ocr_line' id='line_1_3' title="bbox 241 708 1468 791; baseline 0.001 -18"><span class='ocrx_word' id='word_1_15' title='bbox 241 710 358 774; x_wconf 91' lang='lat' dir='ltr'><strong>ciscus</strong></span> <span class='ocrx_word' id='word_1_16' title='bbox 382 709 468 774; x_wconf 90' lang='lat' dir='ltr'><strong>illud</strong></span> <span class='ocrx_word' id='word_1_17' title='bbox 487 708 569 789; x_wconf 82' lang='lat' dir='ltr'><strong>suit,</strong></span> <span class='ocrx_word' id='word_1_18' title='bbox 590 709 675 791; x_wconf 91' lang='lat' dir='ltr'><strong>quid</strong></span> <span class='ocrx_word' id='word_1_19' title='bbox 696 709 872 790; x_wconf 82' lang='lat' dir='ltr'><strong>agendum</strong></span> <span class='ocrx_word' id='word_1_20' title='bbox 892 718 986 774; x_wconf 88' lang='lat' dir='ltr'><strong>esset</strong></span> <span class='ocrx_word' id='word_1_21' title='bbox 1007 727 1088 773; x_wconf 90' lang='lat' dir='ltr'><strong>cum</strong></span> <span class='ocrx_word' id='word_1_22' title='bbox 1108 709 1262 791; x_wconf 89' lang='lat' dir='ltr'><strong>quodam</strong></span> <span class='ocrx_word' id='word_1_23' title='bbox 1281 709 1468 774; x_wconf 86' lang='lat' dir='ltr'><strong>sacerdote</strong></span> 
     </span>
     <span class='ocr_line' id='line_1_4' title="bbox 241 814 1466 897; baseline 0.003 -17"><span class='ocrx_word' id='word_1_24' title='bbox 241 816 453 897; x_wconf 84' lang='lat' dir='ltr'><strong>cognomine</strong></span> <span class='ocrx_word' id='word_1_25' title='bbox 468 814 593 896; x_wconf 87' lang='lat' dir='ltr'><strong>Coria,</strong></span> <span class='ocrx_word' id='word_1_26' title='bbox 610 817 670 897; x_wconf 92' lang='lat' dir='ltr'><strong>qui</strong></span> <span class='ocrx_word' id='word_1_27' title='bbox 684 816 826 881; x_wconf 90' lang='lat' dir='ltr'><strong>biennio</strong></span> <span class='ocrx_word' id='word_1_28' title='bbox 841 816 877 880; x_wconf 95' lang='lat' dir='ltr'><strong>in</strong></span> <span class='ocrx_word' id='word_1_29' title='bbox 891 815 1068 881; x_wconf 90' lang='lat' dir='ltr'><strong>Societate</strong></span> <span class='ocrx_word' id='word_1_30' title='bbox 1084 817 1216 890; x_wconf 80' lang='lat' dir='ltr'><strong>iuerat.</strong></span> <span class='ocrx_word' id='word_1_31' title='bbox 1238 818 1324 882; x_wconf 90' lang='lat' dir='ltr'><strong>etin</strong></span> <span class='ocrx_word' id='word_1_32' title='bbox 1345 835 1388 880; x_wconf 89' lang='lat' dir='ltr'><strong>ea</strong></span> <span class='ocrx_word' id='word_1_33' title='bbox 1402 833 1466 884; x_wconf 85' lang='lat' dir='ltr'><strong>sua</strong></span> 
     </span>
     <span class='ocr_line' id='line_1_5' title="bbox 243 923 1467 1004; baseline 0.002 -16"><span class='ocrx_word' id='word_1_34' title='bbox 243 932 326 988; x_wconf 90' lang='lat' dir='ltr'><strong>vota</strong></span> <span class='ocrx_word' id='word_1_35' title='bbox 341 924 521 1004; x_wconf 85' lang='lat' dir='ltr'>emiserat,</span> <span class='ocrx_word' id='word_1_36' title='bbox 538 942 581 988; x_wconf 90' lang='lat' dir='ltr'><strong>ac</strong></span> <span class='ocrx_word' id='word_1_37' title='bbox 596 925 769 989; x_wconf 92' lang='lat' dir='ltr'><strong>bonorum</strong></span> <span class='ocrx_word' id='word_1_38' title='bbox 787 940 933 988; x_wconf 87' lang='lat' dir='ltr'><strong>suorum</strong></span> <span class='ocrx_word' id='word_1_39' title='bbox 951 923 1179 988; x_wconf 85' lang='lat' dir='ltr'><strong>donationem</strong></span> <span class='ocrx_word' id='word_1_40' title='bbox 1200 924 1314 989; x_wconf 92' lang='lat' dir='ltr'><strong>eidem</strong></span> <span class='ocrx_word' id='word_1_41' title='bbox 1331 924 1467 990; x_wconf 83' lang='lat' dir='ltr'><strong>fecerat</strong></span> 
     </span>
     <span class='ocr_line' id='line_1_6' title="bbox 242 1027 1464 1114; baseline 0 -18"><span class='ocrx_word' id='word_1_42' title='bbox 242 1032 474 1097; x_wconf 87' lang='lat' dir='ltr'><strong>ducentorum</strong></span> <span class='ocrx_word' id='word_1_43' title='bbox 488 1032 562 1096; x_wconf 92' lang='lat' dir='ltr'><strong>sere</strong></span> <span class='ocrx_word' id='word_1_44' title='bbox 577 1032 787 1096; x_wconf 85' lang='lat' dir='ltr'><strong>ducatorum</strong></span> <span class='ocrx_word' id='word_1_45' title='bbox 801 1031 910 1096; x_wconf 90' lang='lat' dir='ltr'><strong>annui</strong></span> <span class='ocrx_word' id='word_1_46' title='bbox 923 1031 1073 1096; x_wconf 89' lang='lat' dir='ltr'><strong>reditus:</strong></span> <span class='ocrx_word' id='word_1_47' title='bbox 1097 1027 1152 1114; x_wconf 92' lang='lat' dir='ltr'><strong>[is]</strong></span> <span class='ocrx_word' id='word_1_48' title='bbox 1174 1040 1278 1096; x_wconf 92' lang='lat' dir='ltr'><strong>nocte</strong></span> <span class='ocrx_word' id='word_1_49' title='bbox 1300 1031 1464 1114; x_wconf 89' lang='lat' dir='ltr'><strong>quadam,</strong></span> 
     </span>
     <span class='ocr_line' id='line_1_7' title="bbox 242 1139 1465 1221; baseline 0.001 -17"><span class='ocrx_word' id='word_1_50' title='bbox 242 1140 381 1221; x_wconf 86' lang='lat' dir='ltr'><strong>hospite</strong></span> <span class='ocrx_word' id='word_1_51' title='bbox 399 1141 609 1216; x_wconf 80' lang='lat' dir='ltr'><strong>insalutato,</strong></span> <span class='ocrx_word' id='word_1_52' title='bbox 630 1141 815 1216; x_wconf 87' lang='lat' dir='ltr'><strong>recedens,</strong></span> <span class='ocrx_word' id='word_1_53' title='bbox 837 1147 872 1203; x_wconf 88' lang='lat' dir='ltr'><strong>et</strong></span> <span class='ocrx_word' id='word_1_54' title='bbox 893 1139 930 1203; x_wconf 93' lang='lat' dir='ltr'><strong>in</strong></span> <span class='ocrx_word' id='word_1_55' title='bbox 949 1139 1119 1220; x_wconf 84' lang='lat' dir='ltr'><strong>patriam,</strong></span> <span class='ocrx_word' id='word_1_56' title='bbox 1145 1141 1280 1205; x_wconf 89' lang='lat' dir='ltr'><strong>scilicet</strong></span> <span class='ocrx_word' id='word_1_57' title='bbox 1299 1140 1465 1206; x_wconf 88' lang='lat' dir='ltr'><strong>Utreram</strong></span> 
     </span>
     <span class='ocr_line' id='line_1_8' title="bbox 240 1245 1465 1329; baseline -0.001 -17"><span class='ocrx_word' id='word_1_58' title='bbox 240 1249 462 1329; x_wconf 84' lang='lat' dir='ltr'><strong>perveniens,</strong></span> <span class='ocrx_word' id='word_1_59' title='bbox 479 1248 572 1312; x_wconf 93' lang='lat' dir='ltr'><strong>bona</strong></span> <span class='ocrx_word' id='word_1_60' title='bbox 588 1265 653 1311; x_wconf 90' lang='lat' dir='ltr'><strong>sua</strong></span> <span class='ocrx_word' id='word_1_61' title='bbox 667 1247 735 1312; x_wconf 94' lang='lat' dir='ltr'><strong>sibi</strong></span> <span class='ocrx_word' id='word_1_62' title='bbox 749 1247 887 1312; x_wconf 87' lang='lat' dir='ltr'><strong>restitui</strong></span> <span class='ocrx_word' id='word_1_63' title='bbox 898 1249 1154 1327; x_wconf 83' lang='lat' dir='ltr'><strong>postulaverat.</strong></span> <span class='ocrx_word' id='word_1_64' title='bbox 1167 1245 1373 1329; x_wconf 79' lang='lat' dir='ltr'><strong>Itaqueiam</strong></span> <span class='ocrx_word' id='word_1_65' title='bbox 1384 1249 1465 1313; x_wconf 90' lang='lat' dir='ltr'><strong>inde</strong></span> 
     </span>
     <span class='ocr_line' id='line_1_9' title="bbox 239 1352 1462 1436; baseline -0.001 -18"><span class='ocrx_word' id='word_1_66' title='bbox 239 1356 284 1419; x_wconf 90' lang='lat' dir='ltr'><strong>ab</strong></span> <span class='ocrx_word' id='word_1_67' title='bbox 295 1373 337 1418; x_wconf 93' lang='lat' dir='ltr'><strong>eo</strong></span> <span class='ocrx_word' id='word_1_68' title='bbox 348 1365 505 1436; x_wconf 92' lang='lat' dir='ltr'><strong>tempore</strong></span> <span class='ocrx_word' id='word_1_69' title='bbox 517 1354 649 1435; x_wconf 90' lang='lat' dir='ltr'><strong>aliquid</strong></span> <span class='ocrx_word' id='word_1_70' title='bbox 660 1354 793 1436; x_wconf 83' lang='lat' dir='ltr'><strong>negotii</strong></span> <span class='ocrx_word' id='word_1_71' title='bbox 805 1353 1007 1434; x_wconf 80' lang='lat' dir='ltr'><strong>hujusmodi</strong></span> <span class='ocrx_word' id='word_1_72' title='bbox 1017 1352 1227 1419; x_wconf 91' lang='lat' dir='ltr'><strong>donationes</strong></span> <span class='ocrx_word' id='word_1_73' title='bbox 1235 1355 1462 1420; x_wconf 87' lang='lat' dir='ltr'><strong>exhibebant.</strong></span> 
     </span>
     <span class='ocr_line' id='line_1_10' title="bbox 238 1460 1251 1543; baseline 0 -17"><span class='ocrx_word' id='word_1_74' title='bbox 238 1461 308 1527; x_wconf 85' lang='lat' dir='ltr'><strong>Sed</strong></span> <span class='ocrx_word' id='word_1_75' title='bbox 322 1462 365 1526; x_wconf 88' lang='lat' dir='ltr'><strong>de</strong></span> <span class='ocrx_word' id='word_1_76' title='bbox 380 1461 449 1525; x_wconf 90' lang='lat' dir='ltr'><strong>hoc</strong></span> <span class='ocrx_word' id='word_1_77' title='bbox 463 1461 547 1542; x_wconf 92' lang='lat' dir='ltr'><strong>quid</strong></span> <span class='ocrx_word' id='word_1_78' title='bbox 561 1471 685 1543; x_wconf 87' lang='lat' dir='ltr'><strong>postea</strong></span> <span class='ocrx_word' id='word_1_79' title='bbox 699 1461 914 1526; x_wconf 89' lang='lat' dir='ltr'><strong>successerit</strong></span> <span class='ocrx_word' id='word_1_80' title='bbox 929 1477 994 1525; x_wconf 90' lang='lat' dir='ltr'><strong>suo</strong></span> <span class='ocrx_word' id='word_1_81' title='bbox 1008 1462 1088 1525; x_wconf 90' lang='grc'>1000</span> <span class='ocrx_word' id='word_1_82' title='bbox 1102 1460 1251 1526; x_wconf 87' lang='lat' dir='ltr'><strong>dicetur.</strong></span> 
     </span>
    </p>

    <p class='ocr_par' dir='ltr' id='par_1_3' title="bbox 238 1567 1464 2386">
     <span class='ocr_line' id='line_1_11' title="bbox 297 1567 1464 1652; baseline 0.003 -20"><span class='ocrx_word' id='word_1_83' title='bbox 297 1568 388 1632; x_wconf 85' lang='lat'><strong>2863.</strong></span> <span class='ocrx_word' id='word_1_84' title='bbox 431 1567 495 1632; x_wconf 74' lang='grc' dir='ltr'><strong>1).Ιι</strong></span> <span class='ocrx_word' id='word_1_85' title='bbox 509 1570 671 1634; x_wconf 90' lang='lat' dir='ltr'><strong>Leonora</strong></span> <span class='ocrx_word' id='word_1_86' title='bbox 690 1567 962 1648; x_wconf 69' lang='lat' dir='ltr'><strong>Muscaregnas,</strong></span> <span class='ocrx_word' id='word_1_87' title='bbox 979 1585 1070 1648; x_wconf 88' lang='lat' dir='ltr'><strong>quae</strong></span> <span class='ocrx_word' id='word_1_88' title='bbox 1085 1569 1167 1633; x_wconf 93' lang='lat' dir='ltr'><strong>olim</strong></span> <span class='ocrx_word' id='word_1_89' title='bbox 1182 1567 1293 1650; x_wconf 83' lang='lat' dir='ltr'><strong>Regis</strong></span> <span class='ocrx_word' id='word_1_90' title='bbox 1312 1569 1464 1652; x_wconf 89' lang='lat' dir='ltr'><strong>Philippi</strong></span> 
     </span>
     <span class='ocr_line' id='line_1_12' title="bbox 238 1674 1462 1758; baseline 0.002 -18"><span class='ocrx_word' id='word_1_91' title='bbox 238 1675 424 1755; x_wconf 88' lang='lat' dir='ltr'><strong>educandi,</strong></span> <span class='ocrx_word' id='word_1_92' title='bbox 440 1676 510 1740; x_wconf 92' lang='lat' dir='ltr'><strong>hoc</strong></span> <span class='ocrx_word' id='word_1_93' title='bbox 525 1685 646 1741; x_wconf 88' lang='lat' dir='ltr'><strong>autem</strong></span> <span class='ocrx_word' id='word_1_94' title='bbox 665 1685 823 1757; x_wconf 88' lang='lat' dir='ltr'><strong>ternpore</strong></span> <span class='ocrx_word' id='word_1_95' title='bbox 845 1674 966 1740; x_wconf 90' lang='lat' dir='ltr'><strong>Caroli</strong></span> <span class='ocrx_word' id='word_1_96' title='bbox 989 1674 1064 1756; x_wconf 77' lang='lat' dir='ltr'><strong>eJus</strong></span> <span class='ocrx_word' id='word_1_97' title='bbox 1084 1674 1147 1740; x_wconf 88' lang='lat' dir='ltr'><strong>tilii</strong></span> <span class='ocrx_word' id='word_1_98' title='bbox 1161 1693 1283 1741; x_wconf 91' lang='lat' dir='ltr'><strong>curam</strong></span> <span class='ocrx_word' id='word_1_99' title='bbox 1304 1678 1462 1758; x_wconf 86' lang='lat' dir='ltr'><strong>gerebat,</strong></span> 
     </span>
     <span class='ocr_line' id='line_1_13' title="bbox 239 1781 1464 1866; baseline 0.001 -18"><span class='ocrx_word' id='word_1_100' title='bbox 239 1801 320 1848; x_wconf 90' lang='lat' dir='ltr'><strong>cum</strong></span> <span class='ocrx_word' id='word_1_101' title='bbox 334 1800 465 1864; x_wconf 85' lang='lat' dir='ltr'><strong>magno</strong></span> <span class='ocrx_word' id='word_1_102' title='bbox 480 1783 680 1847; x_wconf 89' lang='lat' dir='ltr'><strong>devotionis</strong></span> <span class='ocrx_word' id='word_1_103' title='bbox 700 1781 831 1847; x_wconf 87' lang='lat' dir='ltr'><strong>affectu</strong></span> <span class='ocrx_word' id='word_1_104' title='bbox 850 1782 982 1863; x_wconf 85' lang='lat' dir='ltr'><strong>aliquid</strong></span> <span class='ocrx_word' id='word_1_105' title='bbox 1006 1782 1073 1847; x_wconf 89' lang='lat' dir='ltr'><strong>sibi</strong></span> <span class='ocrx_word' id='word_1_106' title='bbox 1094 1783 1137 1846; x_wconf 91' lang='lat' dir='ltr'><strong>de</strong></span> <span class='ocrx_word' id='word_1_107' title='bbox 1157 1784 1262 1848; x_wconf 90' lang='lat' dir='ltr'><strong>rebus</strong></span> <span class='ocrx_word' id='word_1_108' title='bbox 1276 1782 1315 1848; x_wconf 92' lang='lat' dir='ltr'><strong>P.</strong></span> <span class='ocrx_word' id='word_1_109' title='bbox 1335 1783 1464 1866; x_wconf 82' lang='lat' dir='ltr'><strong>Ignatii</strong></span> 
     </span>
     <span class='ocr_line' id='line_1_14' title="bbox 239 1889 1463 1973; baseline 0.001 -18"><span class='ocrx_word' id='word_1_110' title='bbox 239 1891 364 1956; x_wconf 90' lang='lat' dir='ltr'><strong>donari</strong></span> <span class='ocrx_word' id='word_1_111' title='bbox 379 1891 591 1973; x_wconf 89' lang='lat' dir='ltr'><strong>postulabat;</strong></span> <span class='ocrx_word' id='word_1_112' title='bbox 608 1908 692 1955; x_wconf 92' lang='lat' dir='ltr'><strong>nam</strong></span> <span class='ocrx_word' id='word_1_113' title='bbox 706 1906 787 1954; x_wconf 91' lang='lat' dir='ltr'><strong>eum</strong></span> <span class='ocrx_word' id='word_1_114' title='bbox 801 1900 883 1954; x_wconf 88' lang='lat' dir='ltr'><strong>ante</strong></span> <span class='ocrx_word' id='word_1_115' title='bbox 898 1889 1112 1955; x_wconf 86' lang='lat' dir='ltr'><strong>Societatem</strong></span> <span class='ocrx_word' id='word_1_116' title='bbox 1127 1891 1341 1972; x_wconf 89' lang='lat' dir='ltr'><strong>institutam,</strong></span> <span class='ocrx_word' id='word_1_117' title='bbox 1362 1900 1402 1956; x_wconf 90' lang='lat' dir='ltr'><strong>ut</strong></span> <span class='ocrx_word' id='word_1_118' title='bbox 1415 1893 1463 1956; x_wconf 94' lang='lat' dir='ltr'><strong>vi·</strong></span> 
     </span>
     <span class='ocr_line' id='line_1_15' title="bbox 240 1988 1462 2078; baseline 0.002 -15"><span class='ocrx_word' id='word_1_119' title='bbox 240 2016 318 2063; x_wconf 90' lang='grc'>111111</span> <span class='ocrx_word' id='word_1_120' title='bbox 335 2009 498 2063; x_wconf 91' lang='lat' dir='ltr'><strong>sanctum</strong></span> <span class='ocrx_word' id='word_1_121' title='bbox 517 1999 577 2062; x_wconf 90' lang='lat' dir='ltr'><strong>illa</strong></span> <span class='ocrx_word' id='word_1_122' title='bbox 597 1998 823 2062; x_wconf 90' lang='lat' dir='ltr'><strong>vehementer</strong></span> <span class='ocrx_word' id='word_1_123' title='bbox 842 1997 999 2078; x_wconf 82' lang='lat' dir='ltr'><strong>colebat;</strong></span> <span class='ocrx_word' id='word_1_124' title='bbox 1023 2006 1058 2062; x_wconf 91' lang='lat' dir='ltr'><strong>et</strong></span> <span class='ocrx_word' id='word_1_125' title='bbox 1082 2015 1162 2063; x_wconf 91' lang='lat' dir='ltr'><strong>eum</strong></span> <span class='ocrx_word' id='word_1_126' title='bbox 1184 2017 1227 2063; x_wconf 91' lang='lat' dir='ltr'><strong>ac</strong></span> <span class='ocrx_word' id='word_1_127' title='bbox 1249 1988 1462 2065; x_wconf 82' lang='lat' dir='ltr'><strong>Societatem</strong></span> 
     </span>
     <span class='ocr_line' id='line_1_16' title="bbox 239 2104 1461 2188; baseline 0.002 -18"><span class='ocrx_word' id='word_1_128' title='bbox 239 2107 313 2170; x_wconf 89' lang='lat' dir='ltr'><strong>suis</strong></span> <span class='ocrx_word' id='word_1_129' title='bbox 337 2107 572 2188; x_wconf 89' lang='lat' dir='ltr'><strong>eleemosynis</strong></span> <span class='ocrx_word' id='word_1_130' title='bbox 591 2105 788 2187; x_wconf 72' lang='lat' dir='ltr'><strong>adjuverat.</strong></span> <span class='ocrx_word' id='word_1_131' title='bbox 809 2105 932 2186; x_wconf 87' lang='lat' dir='ltr'><strong>Itaque</strong></span> <span class='ocrx_word' id='word_1_132' title='bbox 952 2104 991 2169; x_wconf 92' lang='lat' dir='ltr'><strong>P.</strong></span> <span class='ocrx_word' id='word_1_133' title='bbox 1010 2105 1225 2171; x_wconf 87' lang='lat' dir='ltr'><strong>Franciscus</strong></span> <span class='ocrx_word' id='word_1_134' title='bbox 1244 2125 1290 2172; x_wconf 87' lang='lat' dir='ltr'><strong>ex</strong></span> <span class='ocrx_word' id='word_1_135' title='bbox 1303 2108 1461 2173; x_wconf 90' lang='lat' dir='ltr'><strong>vestibus</strong></span> 
     </span>
     <span class='ocr_line' id='line_1_17' title="bbox 238 2211 1461 2296; baseline 0.003 -20"><span class='ocrx_word' id='word_1_136' title='bbox 238 2215 296 2277; x_wconf 92' lang='lat' dir='ltr'><strong>vel</strong></span> <span class='ocrx_word' id='word_1_137' title='bbox 314 2231 352 2279; x_wconf 89' lang='lat' dir='ltr'><strong>re</strong></span> <span class='ocrx_word' id='word_1_138' title='bbox 372 2214 498 2296; x_wconf 91' lang='lat' dir='ltr'><strong>quavis</strong></span> <span class='ocrx_word' id='word_1_139' title='bbox 519 2211 674 2294; x_wconf 89' lang='lat' dir='ltr'><strong>ejusdem</strong></span> <span class='ocrx_word' id='word_1_140' title='bbox 693 2211 810 2277; x_wconf 85' lang='lat' dir='ltr'><strong>Patris</strong></span> <span class='ocrx_word' id='word_1_141' title='bbox 830 2211 963 2294; x_wconf 89' lang='lat' dir='ltr'><strong>aliquid</strong></span> <span class='ocrx_word' id='word_1_142' title='bbox 982 2212 1028 2277; x_wconf 93' lang='lat' dir='ltr'><strong>ad</strong></span> <span class='ocrx_word' id='word_1_143' title='bbox 1049 2213 1164 2294; x_wconf 89' lang='lat' dir='ltr'><strong>ipsam</strong></span> <span class='ocrx_word' id='word_1_144' title='bbox 1184 2214 1276 2278; x_wconf 91' lang='lat' dir='ltr'><strong>mitti</strong></span> <span class='ocrx_word' id='word_1_145' title='bbox 1296 2213 1334 2278; x_wconf 89' lang='lat' dir='ltr'><strong>P.</strong></span> <span class='ocrx_word' id='word_1_146' title='bbox 1356 2214 1461 2280; x_wconf 83' lang='lat' dir='ltr'><strong>Vica-</strong></span> 
     </span>
     <span class='ocr_line' id='line_1_18' title="bbox 238 2321 473 2386; baseline -0.009 0"><span class='ocrx_word' id='word_1_147' title='bbox 238 2322 329 2386; x_wconf 90' lang='lat' dir='ltr'><strong>rium</strong></span> <span class='ocrx_word' id='word_1_148' title='bbox 344 2321 473 2386; x_wconf 89' lang='lat' dir='ltr'><strong>oravit.</strong></span> 
     </span>
    </p>
   </div>
   <div class='ocr_carea' id='block_1_3' title="bbox 296 2425 1366 2497">
    <p class='ocr_par' dir='ltr' id='par_1_4' title="bbox 296 2425 1366 2497">
     <span class='ocr_line' id='line_1_19' title="bbox 296 2425 1366 2497; baseline 0.004 -4"><span class='ocrx_word' id='word_1_149' title='bbox 296 2429 340 2493; x_wconf 92' lang='lat' dir='ltr'><strong>Et</strong></span> <span class='ocrx_word' id='word_1_150' title='bbox 354 2429 443 2494; x_wconf 87' lang='lat' dir='ltr'><strong>haec</strong></span> <span class='ocrx_word' id='word_1_151' title='bbox 457 2427 501 2493; x_wconf 91' lang='lat' dir='ltr'><strong>de</strong></span> <span class='ocrx_word' id='word_1_152' title='bbox 515 2427 553 2492; x_wconf 91' lang='lat' dir='ltr'><strong>P.</strong></span> <span class='ocrx_word' id='word_1_153' title='bbox 571 2429 599 2492; x_wconf 87' lang='lat' dir='ltr'>F</span> <span class='ocrx_word' id='word_1_154' title='bbox 601 2429 763 2493; x_wconf 90' lang='lat' dir='ltr'><strong>rancisco</strong></span> <span class='ocrx_word' id='word_1_155' title='bbox 779 2438 813 2492; x_wconf 93' lang='lat' dir='ltr'><strong>et</strong></span> <span class='ocrx_word' id='word_1_156' title='bbox 827 2427 871 2492; x_wconf 89' lang='lat' dir='ltr'><strong>de</strong></span> <span class='ocrx_word' id='word_1_157' title='bbox 886 2435 959 2492; x_wconf 92' lang='lat' dir='ltr'><strong>tota</strong></span> <span class='ocrx_word' id='word_1_158' title='bbox 974 2425 1165 2492; x_wconf 85' lang='lat' dir='ltr'><strong>Provincia</strong></span> <span class='ocrx_word' id='word_1_159' title='bbox 1179 2429 1366 2497; x_wconf 90' lang='lat' dir='ltr'><strong>Castellae.</strong></span> 
     </span>
    </p>
   </div>
   <div class='ocr_carea' id='block_1_4' title="bbox 0 0 1826 5350">
    <p class='ocr_par' dir='ltr' id='par_1_5' title="bbox 0 0 1826 5350">
     <span class='ocr_line' id='line_1_20' title="bbox 0 0 1826 5350; baseline 0 4"><span class='ocrx_word' id='word_1_160' title='bbox 0 0 1826 5350; x_wconf 95' lang='lat' dir='ltr'><strong> </strong></span> 
     </span>
    </p>
   </div>
  </div>
 </body>
</html>
