3642 5350
776 456 839 515 Art.
863 454 932 514 1556
1416 454 1470 514 649

298 597 389 662 2789.
433 599 533 681 Quae
561 602 782 667 emendanda
810 618 889 666 esse
918 598 1107 682 [diximus]
1137 601 1174 665 in
1201 600 1469 667 fundationibus

239 708 462 788 quorundam
476 709 708 789 collegiorum
723 709 933 790 Hispaniae,
950 719 987 772 ut
1006 708 1223 787 Placentiae,
1245 707 1467 788 Montisregif

239 824 274 876 et
294 811 354 896 [in]
371 815 461 894 aliis,
477 832 518 879 ea
539 815 680 881 fuerunt
702 815 747 880 ad
769 833 872 897 quae,
891 815 993 897 juxta
1013 814 1291 882 Constitutiones
1312 823 1465 893 nostras,

239 918 400 985 Societas
413 923 566 1004 obligari
577 941 648 988 non
660 925 774 1003 debet,
787 921 986 1004 cujusmodi
1002 933 1056 986 est
1067 922 1268 1002 theologica
1281 922 1396 999 lectio,
1409 924 1467 987 ubi

239 1029 394 1092 studium
408 1032 576 1110 generale
591 1048 662 1094 non
677 1030 783 1095 habet
794 1028 967 1109 Societas
981 1040 1015 1094 et
1026 1030 1112 1094 dare
1124 1029 1396 1095 concionatores
1406 1041 1465 1093 aut

240 1136 495 1201 confessarios:
512 1137 662 1202 adhaec
683 1139 777 1202 enim
799 1138 914 1219 gratis
929 1137 1144 1218 praestanda
1160 1121 1320 1200 Societas
1334 1151 1380 1200 ex
1401 1151 1466 1199 suo

238 1243 404 1308 instituto
419 1255 571 1326 tenetur;
587 1245 667 1310 ideo
682 1263 764 1309 cunr
779 1245 822 1308 de
837 1245 1009 1310 reditibus
1022 1226 1251 1323 collegiorum
1265 1260 1308 1307 ac
1319 1242 1452 1308 dotatio

239 1368 284 1414 ne
299 1351 417 1431 agitur·
433 1352 477 1415 ad
494 1351 691 1432 hujusmodi
705 1353 901 1417 ministeria
916 1351 1130 1416 Societatem
1145 1351 1296 1432 obligari
1311 1349 1349 1414 P.
1365 1349 1464 1430 Igna·

238 1458 309 1522 tius
324 1459 466 1523 nolebat
484 1459 504 1519 ¹.

223 1646 227 1653 ι
296 1563 387 1628 2790.
430 1565 623 1631 Fatebatur
638 1576 757 1631 autem
772 1566 809 1630 Ρ.
825 1566 1040 1630 Franciscus
1056 1583 1130 1630 rem
1146 1567 1260 1647 ipsam
1275 1565 1342 1630 sibi
1359 1582 1464 1647 quam

237 1673 391 1738 maxime
405 1685 547 1755 gratam
563 1692 660 1753 esse;
677 1676 738 1740 sed
754 1674 1049 1740 constitutionem
1066 1673 1163 1755 prius
1178 1669 1248 1737 noir
1264 1674 1352 1738 bene
1367 1673 1461 1736 intel·

237 1782 365 1845 lectam
383 1783 507 1861 fuisse;
524 1784 621 1846 etita
637 1800 718 1848 cum
732 1784 910 1865 Episcopo
926 1781 1144 1860 Placentino,
1161 1792 1195 1845 et
1211 1781 1347 1846 Comite
1367 1779 1450 1844 Mon

238 1888 376 1968 tisregii
396 1901 431 1953 et
452 1891 660 1970 quibusdam
680 1892 759 1954 aliis
782 1888 1031 1954 fundatoribus
1057 1899 1177 1953 actum
1200 1888 1263 1952 fuit
1283 1899 1318 1952 et
1345 1887 1464 1952 obten-

238 2005 327 2074 tum,
343 2008 380 2062 ut
397 1997 596 2079 hujusmodi
612 1998 847 2078 obligationes
866 2007 1147 2062 removerentur.
1169 1996 1212 2060 Et
1232 1995 1315 2076 quia
1334 1993 1377 2058 D.
1396 1993 1461 2058 Ro·

239 2105 378 2168 dericus
394 2103 435 2167 de
450 2104 622 2184 Duegnas
636 2106 682 2169 ad
696 2104 869 2186 quasdam
888 2105 1080 2169 conciones
1094 2101 1308 2167 Societatem
1329 2102 1461 2183 obliga·

238 2223 350 2291 verat,
366 2213 515 2294 singulis
529 2213 632 2277 annis
657 2214 693 2278 in
713 2211 867 2294 quodam
886 2212 1103 2276 monasterio
1125 2227 1383 2276 conversarum
1402 2211 1461 2273 ba-

237 2319 381 2399 bendas,
403 2319 536 2385 reditus
557 2320 603 2384 ab
628 2321 687 2384 illo
712 2320 886 2399 assignati
909 2337 981 2383 non
1007 2317 1213 2383 admittendi
1235 2317 1461 2396 videbantur,

237 2426 350 2490 donec
365 2445 410 2491 ex
425 2436 611 2491 contractu
626 2429 733 2491 talem
751 2427 1004 2506 obligationem
1019 2435 1229 2490 removeret.
1247 2424 1397 2488 Difficile
1412 2433 1462 2488 ta·

238 2551 319 2598 men
340 2551 362 2597 a
380 2534 627 2598 fundatoribus
646 2535 797 2598 obtineri
816 2542 956 2614 poterat
976 2533 1068 2597 utin
1087 2533 1158 2613 his,
1175 2550 1267 2613 quae
1292 2531 1463 2613 optabant

237 2641 379 2707 omnino
403 2641 490 2722 fieri,
518 2642 735 2708 confiderent
753 2640 968 2707 Societatem
993 2641 1069 2707 sine
1094 2640 1166 2705 ulla
1185 2639 1400 2721 obligatione
1420 2655 1461 2701 ea

237 2759 408 2831 perpetuo
422 2749 599 2860 facturam
609 2764 699 2830 esse,
713 2752 878 2834 quamvis
889 2752 1034 2816 vivente
1046 2750 1083 2814 P.
1098 2750 1237 2829 lgnatio
1249 2765 1291 2811 ac
1304 2746 1340 2812 P.
1355 2745 1462 2811 Fran·

237 2859 334 2923 cisco
348 2859 491 2939 Borgia,
505 2876 546 2923 ea
562 2859 777 2940 praestanda
790 2877 861 2923 non
877 2860 1079 2924 dubitarent
1093 2857 1116 2919 ⁸.

295 2965 386 3029 2791.
430 2966 656 3031 Evocaverat
681 2966 929 3032 Vallisoletum
958 2966 995 3031 Ρ.
1022 2966 1236 3031 Franciscus
1257 2965 1301 3028 de
1330 2963 1461 3043 Borgia

237 3071 273 3135 P.
297 3074 493 3153 Baptistarn
514 3076 557 3139 de
572 3075 718 3153 Barma,
739 3075 946 3155 Aragoniae
967 3074 1296 3153 Provincialem,et
1316 3070 1459 3135 eumad
1571 3139 1575 3148 ,

236 3181 491 3260 professionem
510 3184 569 3247 ille
583 3194 676 3246 esset
697 3184 952 3261 admittendae,
969 3196 1003 3245 et
1023 3184 1082 3245 alii
1103 3184 1139 3245 in
1158 3179 1398 3260 coadjutoreS,
1424 3196 1460 3241 rc

232 3305 313 3351 cum
327 3288 365 3350 P.
382 3288 498 3352 Natali
514 3290 653 3368 collata,
672 3292 787 3353 visum
803 3288 867 3353 fuit
880 3290 1048 3370 expedire
1063 3298 1101 3352 ut
1111 3286 1409 3370 quemadmodum
1423 3286 1458 3349 in

234 3393 450 3474 Portugallia
467 3396 608 3460 biennio
629 3407 750 3476 antea,
771 3398 868 3477 Rege
889 3406 924 3461 et
945 3398 1150 3478 proceribus
1170 3394 1245 3476 eJ'us
1259 3394 1380 3458 curiae
1402 3411 1459 3455 ex·

233 3503 465 3581 pectantibus‚
482 3504 589 3583 aliqui
606 3505 652 3566 ad
667 3521 789 3568 omnes
803 3502 937 3583 gradus
952 3503 1154 3579 Societatis
1168 3503 1307 3582 publice
1319 3501 1459 3565 fuerant

234 3609 395 3685 admissi,
423 3610 473 3673 ita
500 3622 534 3673 et
560 3611 595 3674 in
624 3610 795 3692 Hispania
820 3612 855 3675 id
885 3612 1022 3693 publice
1048 3611 1164 3689 lieret,
1192 3610 1267 3690 ipsa
1297 3607 1459 3687 Principe

233 3716 382 3798 Joanna,
399 3718 667 3799 Gubernatrice‚
684 3730 719 3781 et
735 3718 871 3783 Nuncio
885 3719 1094 3800 Apostolico
1109 3728 1143 3782 et
1159 3718 1239 3781 aliis
1251 3714 1326 3796 ejus
1339 3714 1458 3779 curiae

235 3825 412 3904 primariis
431 3825 518 3889 viris
532 3826 788 3906 praesentibus
805 3837 839 3891 et
854 3829 1025 3891 concione
1040 3826 1199 3907 praevia,
1213 3841 1303 3905 quae
1320 3821 1457 3886 Institu-

234 3946 307 3996 tum
321 3931 510 3997 Societatis
523 3934 732 3997 declararet.
751 3933 784 3997 P.
801 3933 920 3998 Araoz
935 3932 1037 4014 hujus
1059 3932 1254 3997 sententiae
1276 3948 1348 3995 non
1367 3940 1455 4007 erar,

234 4056 276 4103 ne
298 4040 486 4103 ostentatio
509 4042 719 4121 quibusdam
739 4041 935 4121 videretur;
953 4042 1015 4105 sed
1037 4038 1301 4122 praedictorum
1323 4046 1357 4101 et
1377 4038 1458 4101 alio·

232 4164 310 4210 rum
324 4148 522 4227 praevaluit
538 4148 668 4229 opinio,
685 4159 858 4212 uteorum
874 4166 938 4212 ora
954 4150 1215 4225 obturarentur,
1232 4146 1293 4228 qui
1307 4162 1373 4211 nos
1386 4143 1456 4209 fur·

230 4254 293 4318 tim
316 4252 578 4336 quodammodo
602 4273 661 4319 res
684 4266 826 4319 nostras
851 4257 1052 4335 transigere
1068 4254 1401 4331 obmurmurabant;
1423 4264 1457 4315 et

229 4360 296 4425 hac
311 4363 501 4426 occasione
516 4363 650 4441 oblata,
667 4364 786 4444 aliqua
801 4364 915 4427 nostri
927 4362 1082 4427 Instituti
1103 4362 1193 4427 ratio
1209 4360 1308 4425 reddi
1325 4367 1454 4440 posset.

271 4638 279 4672 Ι
307 4638 402 4683 confer
411 4649 477 4691 noae
487 4639 598 4684 dlximus
607 4650 694 4695 supra,
705 4651 765 4695 pag.
774 4640 810 4694 83,
820 4652 844 4685 n.
854 4640 887 4686 91.

270 4708 283 4741 ¹
308 4708 512 4755 liudulmarct.
