3642 5350
761 390 824 471 Aa.
846 389 916 468 tata
1395 388 1450 468 3505

222 552 323 634 fecti,
341 552 466 620 eodem
481 554 538 620 die
559 572 602 619 eo
617 562 869 637 pervenerunt;
886 553 1051 635 quamvis
1064 569 1146 631 nox,
1163 560 1352 634 antequam
1373 570 1447 634 per·

221 664 415 744 venissent,
431 670 699 745 supervenerat.

286 768 375 835 1221.
419 769 534 852 Quam
560 778 678 836 autem
693 778 819 851 gratus
835 769 942 834 fuerit
962 769 1125 833 omnibus
1143 769 1301 851 ipsorum
1319 769 1449 834 adven·

223 887 292 959 tua,
308 879 372 944 vix
385 878 559 961 explicari
572 888 704 959 posset,
722 878 841 942 statim
856 876 1149 957 congratulaturi,
1166 876 1340 958 atquibus
1354 884 1448 958 pote·

223 994 305 1052 rant
329 985 440 1068 signis
469 1003 572 1051 suam
601 985 772 1051 laetitiam
797 982 1089 1063 demonstraturi,
1115 982 1216 1047 multi
1240 984 1450 1048 adnostros

224 1103 481 1160 convenerunt.
504 1094 598 1159 Inter
612 1110 702 1176 quos
720 1093 786 1158 suit
805 1092 1030 1159 Gubernator
1049 1088 1125 1171 ejus
1148 1091 1321 1170 civitatis,
1345 1109 1450 1174 quem

220 1200 329 1283 judex
345 1209 380 1266 et
395 1201 455 1265 alii
466 1201 657 1266 nobiliores
669 1200 943 1280 comitabantur,
957 1200 1016 1282 qui
1028 1217 1168 1265 omnem
1182 1216 1284 1266 suam
1304 1216 1450 1281 operam

222 1310 416 1374 laetissimo
433 1309 553 1373 animo
569 1307 700 1374 nostris
715 1307 920 1372 offerebant.

284 1416 371 1481 1222.
414 1414 518 1481 Plebs
538 1416 645 1480 etiam
666 1432 750 1479 suos
770 1423 892 1496 patres
916 1416 1059 1480 venisse
1078 1414 1237 1495 dicebat;
1263 1432 1329 1479 nec
1354 1415 1448 1480 enim

222 1523 317 1589 aliud
337 1539 465 1588 nomen
480 1531 623 1588 nostrae
644 1520 938 1602 Societatisipsis
960 1522 1178 1601 innotuerat3
1199 1530 1234 1586 et
1252 1522 1314 1601 ita,
1334 1532 1374 1585 ut
1387 1539 1449 1604 pa·

221 1640 351 1709 renteS,
367 1640 402 1695 et
422 1631 589 1695 amabant
603 1638 747 1694 nostros
766 1637 800 1693 et
809 1630 1083 1693 reverebantur.
1099 1629 1199 1693 Haec
1219 1638 1336 1693 autem
1357 1630 1448 1693 inter

222 1740 320 1819 ipsos
347 1756 421 1803 vox
446 1746 539 1816 erat,
570 1737 710 1802 venisse
743 1745 885 1800 nostros
913 1745 952 1799 ut
980 1734 1211 1800 christianam
1240 1736 1448 1817 religionem

222 1846 431 1927 extinctam,
447 1846 483 1910 in
498 1846 682 1926 antiquum
695 1860 798 1908 suum
811 1852 945 1909 statum
955 1843 1180 1908 vindicarent
1195 1843 1217 1904 ¹.

286 1951 372 2017 1223.
415 1952 503 2018 Erat
524 1970 567 2017 ea
588 1951 716 2016 civitas
737 1968 809 2017 non
827 1950 952 2033 paucis
974 1950 1070 2015 vitiis
1091 1950 1222 2031 dedita,
1243 1952 1335 2016 inter
1356 1968 1447 2033 quae

222 2062 319 2125 lusus
334 2061 492 2125 alearum
507 2068 542 2124 et
556 2058 762 2124 chartarum
776 2058 847 2121 late
862 2057 1053 2122 admodum
1067 2059 1222 2139 patebat,
1235 2060 1272 2122 in
1286 2076 1357 2141 quo
1373 2058 1448 2125 dies

222 2170 382 2248 integros
397 2168 631 2232 insumebant.
648 2166 742 2231 Cura
757 2173 876 2229 autem
891 2182 936 2229 ac
951 2165 1133 2245 diligentia
1146 2165 1298 2231 fratrum
1311 2175 1447 2231 nostro·

223 2293 303 2340 rum
318 2274 482 2339 effectum
497 2283 562 2354 est,
580 2283 619 2338 ut
633 2274 750 2338 nullus
767 2274 902 2337 aleator
915 2271 989 2351 Jam
1003 2282 1220 2337 cerneretur.

283 2382 371 2447 1224.
416 2383 505 2447 Cum
524 2382 631 2446 etiam
650 2380 688 2445 in
707 2378 968 2460 carnis-privio,
989 2378 1122 2444 utheri
1141 2382 1243 2460 solet,
1263 2382 1445 2462 personati

223 2508 285 2574 per
300 2490 423 2555 urbem
438 2482 538 2553 multi
552 2488 768 2566 incederent,
785 2504 856 2551 non
871 2486 976 2567 pauci
991 2503 1125 2567 eorum,
1141 2504 1223 2552 cum
1241 2488 1446 2569 reprehensi

222 2606 340 2663 essent
355 2598 398 2663 de
413 2597 481 2661 hac
497 2594 751 2661 consuetudine
766 2594 811 2657 ab
832 2593 1030 2657 infidelibus
1047 2594 1183 2676 relicta,
1202 2595 1324 2659 larvas
1343 2596 1446 2678 depo·

161 2769 164 2776 ,
222 2694 362 2785 nebant;
390 2715 426 2770 et
442 2705 595 2787 quietius
614 2704 682 2767 hac
707 2703 844 2767 ratione
869 2701 919 2765 illi
938 2701 1024 2781 dies,
1048 2703 1109 2783 qui
1128 2701 1447 2784 Quadragesimam

222 2814 450 2898 praecedunt,
467 2801 579 2893 elapsi
592 2820 687 2876 sunt.
704 2810 771 2890 Qui
786 2817 904 2874 autem
920 2811 988 2875 hac
1007 2812 1190 2875 larvarum
1208 2811 1354 2875 levitate
1375 2821 1447 2874 ute-

222 2923 362 3000 bantur,
378 2937 451 2985 non
467 2918 644 2984 audebant
660 2926 741 2983 ante
756 2927 916 2982 nostram
931 2916 1075 2982 domum
1088 2917 1252 2982 transire.

284 3028 372 3092 1225.
416 3027 680 3106 circulatores,¹
696 3041 846 3107 quorum
872 3025 908 3088 in
932 3023 1052 3089 Sicilia
1076 3041 1229 3105 magnus
1253 3035 1448 3107 proventus

222 3153 300 3201 esse
325 3137 434 3214 solet,
463 3135 577 3198 tribus
605 3134 641 3198 in
670 3149 852 3198 carcerem
881 3130 1065 3212 conjectis,
1096 3132 1157 3213 qui
1183 3133 1448 3215 superstitiosas

224 3245 395 3324 quasdam
410 3242 591 3306 orationes
606 3258 687 3306 cum
701 3257 773 3304 non
787 3239 958 3304 mediocri
972 3241 1071 3303 lucro
1086 3238 1298 3318 vendebant,
1315 3239 1448 3303 caeteri

225 3349 347 3430 primis
375 3348 555 3414 mensibus
583 3346 686 3428 hujus
715 3347 798 3410 anni
826 3345 1000 3410 Bibonam
1027 3345 1110 3428 (sic)
1138 3345 1333 3426 fugiebant.
1359 3343 1449 3410 Cum

222 3467 341 3523 autem
355 3457 499 3539 quidam
514 3473 595 3520 cum
612 3455 847 3536 serpentibus
863 3462 902 3518 ut
917 3455 1059 3533 assolet,
1081 3455 1117 3517 in
1135 3453 1214 3518 foro
1233 3453 1449 3534 comparuis·

223 3572 287 3644 set,
304 3581 385 3628 cum
400 3563 531 3628 Paulus
545 3562 761 3626 Mantuanus
778 3564 881 3638 (unus
896 3578 941 3624 ex
956 3560 1080 3641 primis
1093 3560 1263 3625 iratribus
1277 3560 1449 3625 Bibonam

222 3671 340 3734 missis
356 3671 414 3735 hic
429 3679 506 3734 erat
521 3665 544 3748 ')
561 3669 830 3734 conciunculam
844 3667 975 3732 ibidem
996 3667 1210 3748 inchoasset,
1231 3668 1376 3732 territus
1392 3667 1449 3731 ille

223 3794 302 3842 cum
318 3778 392 3842 suis
406 3777 630 3857 serpentibus
644 3775 801 3842 recessit.

285 3885 373 3950 1226.
417 3884 619 3949 Inviserunt
646 3883 761 3949 nostri
787 3882 943 3946 familias
970 3883 1162 3963 quasdam,
1197 3900 1288 3964 quae
1315 3882 1451 3947 nullum

225 3991 330 4056 finem
345 3991 522 4057 faciebant
538 4008 682 4056 suorum
699 3989 822 4055 lunera
838 3988 1006 4068 deflendi;
1023 3997 1057 4054 et
1071 3990 1235 4070 quamvis
1250 4007 1370 4070 aegre,
1383 3990 1451 4054 boc

225 4109 346 4164 tamen
369 4099 614 4181 impetrarunt,
638 4106 675 4160 ut
697 4097 831 4161 abhoc
853 4096 1021 4177 gentilico
1043 4097 1114 4160 ritu
1133 4097 1361 4161 abstinerent.
1383 4095 1451 4161 Hic

227 4223 304 4270 mos
314 4216 393 4270 erat
408 4204 609 4286 hujusmodi
619 4205 811 4284 hominum,
826 4213 864 4268 ut
876 4222 957 4269 cum
969 4204 1096 4285 aliquis
1107 4202 1334 4281 moriebatur,
1346 4203 1451 4266 vesti·

227 4312 294 4386 bus
308 4329 389 4378 eum
404 4313 569 4395 pretiosis
583 4312 657 4377 suis
672 4321 733 4377 aut
748 4311 947 4376 vicinorum
961 4310 1158 4390 induerent,
1174 4318 1210 4373 et
1224 4309 1401 4375 cadavere
1414 4309 1450 4374 in

225 4417 320 4484 edito
348 4421 428 4485 loco
461 4419 633 4502 reposit0,
664 4418 921 4484 inducebantur
947 4418 1123 4500 quaedam
1150 4417 1331 4497 mulieres,
1361 4434 1451 4499 quae

226 4533 438 4546 ——n

262 4589 272 4622 Ι
299 4587 346 4635 lde.
358 4589 523 4636 vindicaret.

261 4659 273 4694 ¹
302 4659 371 4705 Vide
383 4659 505 4708 Litterae
515 4659 744 4716 gataur-torcamo,
754 4667 774 4706 t.
784 4671 820 4716 tv,
830 4671 891 4716 pag.
899 4657 948 4714 aot,
958 4665 1046 4705 annm.
1057 4661 1077 4705 1.

365 4747 404 4808 Τ.
424 4766 466 4810 vr.
