3642 5350
773 421 837 482 Aa.
860 419 930 479 tots
1411 418 1466 479 233

240 571 338 635 viros
352 570 546 635 audiendos
560 571 596 635 in
610 569 774 635 sacristia
788 571 848 633 vel
862 568 957 634 dorni
977 568 1158 633 offerebat.
1180 566 1250 633 Sed
1265 568 1464 649 frequentia

241 678 334 741 bona
353 696 398 741 ex
419 688 519 759 parte
540 675 690 759 [eorum]
712 688 800 757 erat,
822 679 883 759 qui
905 686 1043 741 tantum
1069 676 1104 740 in
1126 676 1278 740 ecclesia
1303 683 1467 756 poterant

242 784 367 863 audiri,
383 802 449 849 nec
464 801 529 866 pro
545 786 675 865 exiguo
686 784 754 849 Dei
766 785 936 848 beneficio
948 783 1070 849 babuit
1081 784 1120 847 P.
1133 782 1306 865 Baptista,
1323 782 1465 863 Rector,

243 892 336 972 quod
354 893 391 957 in
410 892 691 974 Quadragesima
715 910 787 955 non
807 892 1035 957 succubuerit
1058 892 1248 970 laboribus,
1271 906 1352 955 cum
1371 891 1468 954 solus

243 1000 497 1081 propemodum
514 999 652 1081 pondus
672 998 1025 1064 confitentium·ierre
1045 997 1215 1077 debuerit,
1239 1015 1310 1061 non
1336 998 1468 1079 alioqui

243 1109 343 1172 iirrna
362 1116 466 1171 utens
483 1108 696 1185 valetudine;
720 1107 782 1171 sed
801 1106 974 1171 animavit
992 1124 1073 1169 eum
1092 1105 1266 1170 Dominus
1285 1114 1321 1169 et
1344 1122 1467 1169 conso·

242 1216 335 1280 latus
358 1224 423 1294 est,
453 1214 535 1279 dum
560 1214 778 1296 spiritualem
800 1214 966 1290 fructum,
983 1214 1165 1277 laboribus
1180 1213 1466 1294 respondentem,

242 1324 402 1405 percipit.

300 1430 374 1496 875.
415 1431 510 1497 Inter
525 1432 614 1495 alios
625 1441 744 1496 autem
755 1450 776 1495 a
788 1431 946 1511 peccatis
957 1430 1141 1510 abductoS,
1154 1430 1280 1493 mulier
1294 1426 1466 1511 quaedam

242 1532 319 1617 luit,
334 1555 438 1620 quae,
453 1555 534 1603 cum
549 1538 701 1619 gravida
716 1547 820 1614 esset,
834 1536 978 1602 destitui
990 1537 1113 1601 maluit
1128 1554 1149 1601 a
1163 1536 1254 1616 viro,
1267 1537 1325 1600 cui
1340 1551 1468 1599 concu-

244 1640 325 1709 bina
349 1644 488 1725 iuerat,
509 1662 616 1727 quam
646 1646 682 1708 in
712 1652 861 1725 peccato
892 1662 1141 1727 perseverare,
1167 1660 1266 1725 spem
1297 1652 1408 1707 totam
1431 1642 1467 1705 in

245 1752 321 1817 Deo
335 1754 565 1817 constituens.

302 1859 374 1925 876.
416 1860 529 1925 Erant
543 1870 661 1926 autem
676 1870 750 1925 tres
763 1862 821 1925 vel
842 1844 996 1942 quatuor
1010 1860 1090 1942 piae
1105 1858 1291 1938 foeminae,
1309 1858 1468 1939 piscatri-

244 1984 303 2031 ces
318 1965 516 2048 hujusmodi
530 1967 776 2047 foeminarum,
792 1983 883 2048 quae
897 1967 934 2031 in
950 1967 1106 2047 peccatis
1127 1976 1240 2047 erant,
1265 1974 1299 2031 et
1321 1966 1367 2030 ad
1387 1982 1467 2029 ron·

242 2075 432 2140 sessionem
456 2092 519 2139 eas
542 2074 720 2139 adducere
741 2074 965 2154 nitebantur,
995 2082 1030 2137 et
1056 2074 1259 2138 necessaria
1285 2073 1391 2138 etiam
1421 2073 1467 2137 ad

244 2183 377 2247 rictum
389 2182 533 2261 eisdem,
548 2198 629 2246 cum
644 2181 859 2263 indigebant,
881 2182 1132 2264 procurabant:
1155 2191 1190 2247 et
1211 2182 1409 2262 augebatur
1431 2182 1466 2246 in

244 2290 319 2354 dies
339 2290 592 2372 poenitentium
613 2305 792 2355 numerus.

301 2397 373 2461 877.
416 2396 703 2463 concionabatur
727 2399 834 2463 etiam
854 2398 1030 2465 interdum
1054 2400 1147 2463 idem
1168 2398 1207 2463 P.
1234 2398 1405 2480 Baptista,
1434 2407 1468 2463 et

242 2505 490 2587 experiebatur
519 2506 710 2587 quamdam
737 2508 952 2586 peculiarem
980 2506 1047 2571 Dei
1079 2506 1355 2587 providentiam,
1386 2523 1467 2570 cum

243 2628 315 2677 non
335 2612 481 2678 haberet
504 2610 588 2695 quid
611 2613 745 2679 diceret
765 2613 849 2680 dum
870 2614 1153 2696 praecogitabat,
1176 2623 1211 2679 et
1225 2623 1362 2694 tamen,
1386 2630 1466 2679 cum

245 2721 527 2786 concionandum
551 2731 649 2801 erat,
673 2722 780 2786 dabat
805 2723 855 2786 illi
878 2722 1052 2788 Dominus
1073 2738 1164 2803 quae
1185 2733 1383 2805 opportune
1409 2741 1468 2788 au·

244 2829 421 2894 clientibus
440 2829 652 2910 loqueretur.

303 2933 374 3001 878.
416 2935 455 3001 ln
469 2937 626 3002 consiliis
637 2938 744 3002 etiam
759 2939 865 3004 dabat
880 2940 929 3004 illi
951 2939 1124 3004 Dominus
1144 2941 1308 3022 gratiam.
1326 2939 1469 3006 Accidit

244 3043 339 3108 enim
359 3052 397 3107 ut
418 3045 556 3126 aliquis,
579 3046 639 3127 qui
659 3055 755 3110 totos
774 3065 905 3110 novem
927 3065 1040 3111 annos
1061 3049 1097 3112 in
1112 3056 1259 3130 peccato
1275 3049 1414 3113 vixerat
1436 3058 1472 3112 et

244 3149 404 3215 Venetiis
418 3161 523 3233 atque
538 3150 676 3217 Patavii
690 3152 764 3218 iere
779 3155 936 3218 omnium
951 3155 1124 3219 Ordinum
1143 3156 1329 3236 religiosos
1344 3173 1472 3221 consu·

244 3259 376 3336 luerat,
392 3275 456 3322 nec
471 3269 590 3324 tamen
609 3261 804 3326 remedium
824 3271 885 3326 aut
904 3263 1091 3328 consilium
1111 3265 1155 3328 ab
1176 3265 1228 3328 eis
1249 3264 1470 3345 propositum

245 3365 277 3429 ei
291 3367 484 3447 placuerat,
501 3377 562 3431 aut
576 3367 701 3433 efficax
715 3369 799 3433 illud
814 3369 1012 3450 invenerat;
1025 3372 1153 3435 missus
1166 3379 1284 3436 autem
1296 3372 1341 3436 ad
1354 3369 1392 3436 P.
1405 3371 1469 3436 Ba·

245 3474 400 3554 pristam,
417 3492 497 3539 cum
513 3475 567 3538 bis
586 3493 665 3541 eum
679 3476 803 3542 luisset
819 3479 1004 3559 allocutus,
1021 3496 1083 3560 per
1103 3497 1183 3545 eum
1200 3499 1221 3545 a
1236 3458 1389 3546 Domino
1411 3499 1471 3545 au·

245 3583 369 3646 uilium
383 3583 531 3664 accepia
547 3592 585 3647 ut
599 3594 633 3648 et
647 3584 823 3665 quaedam
844 3586 914 3650 alia
937 3587 1073 3668 mulier,
1090 3605 1192 3669 quae,
1209 3598 1246 3653 ut
1265 3589 1301 3653 in
1315 3587 1470 3654 Conver-

244 3706 365 3754 sarum
378 3691 632 3755 monasterium
647 3691 910 3772 ingrederetur,
932 3693 1007 3775 ejus
1022 3697 1206 3777 colloquiis
1228 3697 1381 3761 adducta
1403 3706 1468 3761 est.

303 3797 376 3861 879.
418 3799 598 3863 Exercitia
623 3799 821 3880 spiritualia
846 3803 1035 3883 perpaucis
1060 3805 1364 3885 proponebantur,
1387 3805 1470 3886 quia

245 3905 478 3970 commoditas
492 3923 724 3987 personarum
738 3911 869 3989 exigua
884 3919 962 3974 erat
977 3922 1014 3974 ut
1029 3925 1172 3992 possent
1183 3913 1236 3976 eis
1249 3930 1393 3978 vacare.

302 4011 374 4076 880.
416 4011 485 4077 Per
497 4012 686 4078 familiaria
702 4017 876 4096 colloquia
891 4027 926 4080 et
946 4018 1187 4082 consessiones
1208 4022 1327 4100 plures
1349 4019 1471 4100 juvari

243 4127 420 4201 poterant,
444 4120 535 4184 inter
560 4136 649 4202 quos
673 4123 848 4204 quaedam
863 4124 928 4187 luit
952 4126 1088 4206 mulier,
1115 4144 1217 4209 quae,
1245 4145 1326 4193 cum
1348 4128 1471 4194 docem

244 4228 347 4292 annis
359 4244 485 4309 parum
499 4227 648 4293 honeste
668 4231 831 4309 vixisset,
853 4230 897 4295 ad
920 4251 982 4297 cor
1004 4234 1123 4314 rediit,
1145 4245 1180 4299 et
1198 4253 1262 4318 per
1282 4236 1471 4301 consessio-

244 4353 325 4400 nem
337 4337 541 4417 generalem
556 4337 664 4401 totius
678 4339 774 4402 vitae
792 4350 962 4421 purgata,
984 4342 1096 4407 vitam
1116 4342 1309 4410 christiana
1326 4344 1472 4426 dignam

243 4443 404 4507 instituit.
421 4443 459 4508 ln
478 4444 631 4525 quodam
653 4445 760 4511 etiarn
781 4450 1011 4529 monasterio,
1034 4451 1145 4531 ipsius
1166 4453 1473 4518 exhortationibus

244 4550 432 4630 religiosas
445 4551 492 4616 ad
506 4552 617 4617 vitam
633 4571 855 4638 communem
870 4555 1045 4622 Dominus
1066 4557 1227 4640 adduxit;
1250 4569 1284 4625 et
1309 4562 1473 4641 quamvis

245 4657 427 4724 daemonis
445 4659 570 4724 fraude
597 4662 906 4746 oppugnabantur,
928 4675 963 4730 et
988 4677 1026 4730 ut
1051 4666 1206 4732 redirent
1220 4669 1266 4733 ad
1287 4670 1473 4750 pristinum
