3642 5350
767 396 831 459 Au.
853 396 923 457 1556
1419 394 1456 456 97

226 540 334 624 qnon-
350 543 403 611 illi
419 539 483 625 [se]
501 544 727 608 immisceret.
753 542 895 626 Siquid
914 553 1034 611 tamen
1054 542 1238 607 videbatur
1263 540 1455 623 suggeren-

231 652 329 729 dum,
346 650 379 715 id
396 651 559 715 faciebat.
1451 718 1456 728 ,

287 758 359 823 331.
403 759 571 822 Lectioni
580 770 700 823 autem
713 776 861 824 casuum
877 769 912 823 et
927 777 1048 824 eorum
1063 760 1269 825 resolutioni
1290 759 1454 838 vacabat,

229 868 292 931 sed
306 877 434 930 neutro
449 866 485 929 in
500 884 646 930 munere
657 884 876 949 magnopere
891 868 1024 932 nostris
1035 866 1287 947 satisfaciebat,
1301 876 1336 931 et
1348 866 1456 947 aliqui

229 994 274 1039 ex
300 976 433 1039 nostris
457 976 655 1039 monebantx
672 977 767 1057 quod
790 994 916 1058 parum
938 978 1030 1040 inter
1053 975 1407 1057 Superintendentem
1421 983 1456 1038 et

229 1082 417 1147 Rectorem
431 1085 650 1162 conveniret,
667 1102 732 1148 nec
747 1084 1048 1165 Superintendens
1062 1084 1251 1150 Rectorem
1263 1085 1454 1164 animabat;

228 1192 274 1255 ad
288 1192 615 1274 pusillanimitatem
643 1210 723 1256 eum
749 1191 926 1256 adducere
947 1192 1144 1257 videbatur.
1160 1192 1205 1257 Et
1221 1193 1316 1273 quod
1331 1193 1456 1256 attinet

230 1299 273 1361 ad
290 1316 396 1363 casus
412 1299 662 1379 conscientiae,
679 1316 805 1379 parum
826 1299 1010 1381 expeditus
1033 1310 1067 1363 et
1085 1300 1261 1380 scrupulis
1282 1300 1457 1364 obnoxius

228 1406 425 1485 videbatur,
442 1414 477 1469 et
488 1406 568 1469 ideo
583 1424 654 1470 non
668 1406 817 1469 libenter
832 1424 915 1471 eum
931 1407 1032 1471 multi
1047 1408 1288 1472 consulebant.

234 1536 237 1541 ¹
286 1514 358 1577 332.
401 1512 515 1577 Roma
542 1514 683 1594 quidem
708 1514 826 1595 aliqua
855 1515 989 1595 scripta
1017 1512 1160 1579 luerunt
1186 1515 1224 1578 Ρ.
1251 1514 1456 1595 Montoyae,

229 1640 320 1701 quae
337 1621 358 1699 ¹,
380 1634 416 1684 ut
435 1631 512 1685 erat
535 1620 786 1685 candidissimo
806 1622 936 1700 animo,
959 1623 1090 1702 optime
1109 1624 1263 1703 accepit;
1280 1632 1314 1685 et
1333 1623 1383 1685 ita
1403 1640 1457 1686 re·

231 1730 382 1793 medium
397 1747 443 1793 ex
458 1739 558 1809 parte
579 1728 774 1793 ad'nibitum
789 1746 866 1792 esse
888 1729 1085 1793 videbatur.
1107 1728 1177 1793 Sed
1191 1731 1296 1810 paulo
1316 1738 1398 1810 post
1413 1728 1458 1793 ad

231 1838 410 1917 ingenium
425 1836 571 1913 rediisse
586 1846 621 1898 et
636 1853 694 1899 res
710 1853 809 1899 more
824 1836 929 1900 solito
949 1836 1143 1916 procedere
1158 1837 1373 1901 intellectum
1392 1846 1457 1916 est,

231 1954 266 2009 et
281 1962 412 2025 magno
431 1943 606 2008 desiderio
627 1943 799 2022 Rectoris,
822 1945 882 2025 qui
897 1954 982 2008 tunc
1001 1955 1103 2009 extra
1123 1945 1317 2009 Lauretum
1339 1963 1457 2009 versa·

232 2053 347 2126 batur,
364 2052 478 2115 nostri
493 2052 716 2115 tenebantur.

290 2159 360 2223 333.
405 2159 495 2223 Cum
523 2176 643 2223 mense
671 2158 865 2223 Februario
891 2160 1090 2240 collegium,
1116 2160 1271 2240 Pragam
1298 2162 1457 2242 missum,

233 2267 426 2333 Lauretum
440 2267 609 2345 venisset,
626 2266 663 2330 in
678 2267 827 2347 palatio,
845 2267 939 2348 quod
958 2268 1050 2331 infra
1064 2269 1178 2332 nostri
1195 2268 1344 2349 Collegii
1364 2270 1459 2333 habi·

233 2376 384 2439 tationes
399 2384 463 2450 est,
488 2374 637 2454 excepti,
660 2384 694 2437 et
718 2375 851 2454 aliquot
875 2373 951 2437 dies
973 2376 1139 2455 expensis
1156 2375 1309 2443 Sanctae
1323 2376 1460 2441 Domus

232 2484 322 2547 bene
347 2484 492 2547 tractati
512 2482 667 2561 fuerunt,
688 2491 722 2545 et
745 2481 862 2547 indea
887 2481 1023 2546 duobus
1048 2500 1095 2547 ex
1118 2484 1249 2547 nostris
1274 2483 1461 2549 Anconam

235 2591 388 2670 deducti,
415 2592 536 2653 navim
560 2590 855 2669 conscendenteS,
883 2607 1054 2671 prospero
1078 2601 1185 2656 vento
1209 2592 1461 2673 Trigestumin

236 2700 367 2780 Lyrico
391 2699 403 2730 ²
428 2699 528 2763 brevi
552 2698 660 2762 delati
682 2698 834 2777 luerunt;
860 2699 960 2780 prius
985 2709 1103 2764 tamen
1128 2700 1299 2765 Anconae
1315 2704 1462 2767 multum

237 2807 423 2872 charitatis
448 2806 607 2870 exhibuit
632 2805 755 2870 Abbas
783 2804 842 2870 gn
862 2805 1027 2888 JoanniS,
1057 2809 1251 2874 canonicus
1275 2810 1463 2890 regularis

236 2931 323 2994 erga
338 2913 551 2980 Societatem
567 2913 698 2995 optime
714 2912 873 2978 affectus

295 3022 365 3085 334.
409 3019 480 3085 Sub
494 3021 599 3086 finem
615 3023 745 3085 mensis
757 3020 929 3103 Januarii,
947 3040 1027 3087 cum
1041 3021 1155 3086 Roma
1170 3024 1319 3088 veniens
1334 3023 1371 3088 P.
1385 3023 1464 3088 Ful·

236 3129 315 3192 vius
339 3129 550 3208 AndroziuS,
578 3127 765 3192 Anconam
785 3147 806 3192 a
827 3125 1074 3192 Gubernatore
1095 3129 1221 3194 luisset
1240 3141 1412 3195 evocatus
1426 3140 1465 3196 ut

236 3236 375 3300 cuidam
390 3235 640 3300 consultationi
655 3243 799 3316 propter
807 3232 968 3316 judaeos,
990 3236 1050 3317 qui
1065 3255 1112 3301 ex
1130 3236 1348 3318 Portugallia
1362 3257 1466 3303 vene-

238 3355 319 3408 rant
332 3340 345 3373 ³
359 3343 553 3424 institutae,
572 3353 612 3407 ut
630 3341 855 3423 jurisperitus
873 3344 1071 3424 interesset,
1095 3347 1207 3408 multa
1225 3345 1314 3410 dixit
1334 3347 1467 3411 Guber-

237 3452 354 3516 natori
367 3452 569 3515 Lauretano
584 3448 608 3529 ⁴,
624 3450 663 3514 P.
680 3449 808 3530 Ignatii
834 3458 869 3515 et
895 3468 960 3516 suo
985 3453 1138 3533 nomine,
1161 3454 1205 3517 de
1226 3454 1293 3534 his,
1317 3471 1408 3536 quae
1423 3454 1469 3519 ad

240 3561 335 3622 vitae
355 3560 467 3640 ipsius
487 3559 776 3623 reformationem
794 3559 1029 3639 pertinebant,
1055 3561 1085 3624 si
1111 3561 1157 3624 ad
1181 3559 1410 3642 Societatem,
1432 3571 1470 3626 ut

242 3667 299 3756 ille
315 3667 471 3748 optabat,
495 3677 589 3731 esset
609 3683 831 3746 accessurus;
854 3676 888 3730 et
908 3667 1027 3732 omnia
1047 3668 1194 3732 libenter
1214 3669 1350 3732 audivit
1371 3678 1405 3732 et
1419 3670 1470 3733 eis

243 3773 469 3855 acquiescere
484 3791 522 3836 se
537 3775 627 3836 velle
642 3772 742 3852 dixit,
760 3781 794 3837 et
808 3773 1004 3838 Lauretum
1016 3775 1167 3856 rediens,
1189 3776 1267 3856 ipso
1280 3776 1336 3839 die
1351 3775 1471 3848 Purifi-

243 3881 394 3946 cationis
407 3882 443 3945 in
458 3880 588 3946 Sancto
616 3879 754 3945 Sacello
780 3899 861 3945 cum
884 3898 1017 3962 magna
1041 3882 1232 3947 devotione
1255 3893 1289 3948 et
1304 3885 1472 3965 lacrymis

287 4161 296 4194 ¹
323 4160 461 4206 Librarius
472 4161 577 4216 scripsit
588 4161 695 4215 quinus,
703 4161 748 4206 sed
759 4163 846 4217 lapsus
855 4169 903 4207 est.

281 4233 293 4265 ²
323 4233 533 4288 Sic3inlllyrlco.

284 4306 296 4338 ⁸
324 4304 391 4349 Vide
402 4316 489 4360 supra,
500 4313 518 4350 t.
528 4316 566 4356 nr,
577 4316 636 4362 pag.
645 4305 679 4362 23,
690 4318 714 4350 n.
724 4305 759 4350 35.

284 4378 296 4410 ⁴
322 4375 388 4421 Erat
398 4377 419 4420 is
429 4377 533 4433 Gsspar
543 4379 573 4422 de
585 4377 683 4432 Doctls,
695 4378 843 4424 notissimus
850 4379 905 4434 lam
916 4379 942 4423 ln
952 4379 1001 4423 hoc
1012 4379 1139 4426 chronico
1148 4387 1176 4426 et
1189 4383 1214 4426 ln
1230 4393 1316 4437 opere:
1333 4382 1429 4428 Curias
1443 4385 1476 4430 de

247 4449 303 4494 Sari
314 4449 431 4502 lgnacio.
442 4449 509 4494 Vide
524 4451 599 4504 inlrrt,
610 4462 634 4494 n.
644 4449 692 4496 336.
709 4451 782 4503 Quod
797 4451 831 4495 ad
847 4452 992 4506 ingressum
1007 4453 1104 4498 attinet
1117 4454 1187 4498 illius
1202 4454 1254 4499 viri
1269 4456 1295 4500 ln
1310 4455 1476 4508 Societatem.

244 4533 369 4566 summam
380 4517 460 4566 totius
469 4523 508 4566 rel
518 4515 729 4578 complexus'jam
739 4523 826 4568 luerat
837 4523 945 4578 ipsemet
957 4524 1085 4569 Polancus
1095 4536 1162 4570 anno
1172 4528 1314 4582 superiore,
1326 4529 1364 4574 ita
1372 4535 1400 4572 nt
1411 4541 1477 4584 quae

246 4593 294 4653 liic*
303 4595 478 4650 attinguntur,
493 4594 614 4650 repetltlo
631 4595 758 4650 quaedam
768 4597 895 4641 dlctorum
910 4597 994 4641 vlrlerl
1007 4598 1114 4653 nomint.
1123 4597 1191 4643 Vlde
1205 4610 1296 4655 supra,
1305 4607 1326 4646 t.
1335 4613 1361 4655 v,
1372 4612 1433 4656 pag.
1442 4601 1477 4651 43.

248 4667 320 4711 n.79.
1302 4671 1305 4674 ’

403 4755 441 4818 T.
458 4775 501 4816 vr.
1303 4777 1320 4833 7
