3642 5350
763 396 827 458 Aa.
850 396 920 457 1556
1402 396 1457 457 303

222 557 361 622 semper
376 543 485 624 aliqui
504 544 788 622 inveniebantur,
809 545 870 625 qui
891 552 1033 608 nostros
1052 542 1326 622 insectarentur,
1348 544 1456 607 immo

221 659 256 713 et
271 649 468 730 Collegium
480 662 641 716 evertere
660 652 867 732 niterentur,
890 669 962 716 non
982 659 1059 715 erat
1079 651 1234 715 otiosum
1255 647 1456 730 hujusmodi

222 756 468 838 patrocinium.
485 757 555 823 Sed
570 767 701 841 quanto
717 760 832 839 magis
847 761 1106 823 obtrectatores
1127 758 1402 840 experiebantur
1417 775 1456 822 se

222 866 337 929 oleum
352 876 386 929 et
401 884 546 947 operam
560 868 719 948 perdere,
737 867 868 931 nostris
883 866 1119 947 obloquendo,
1134 884 1177 931 eo
1189 866 1306 946 magis
1320 864 1455 929 invidia

222 980 256 1036 et
268 973 385 1036 rabies
394 974 569 1054 quaedam
581 974 618 1037 in
629 974 840 1055 quibusdam
853 975 1066 1054 augebatur,
1079 974 1162 1038 utin
1176 974 1330 1054 quodam
1340 990 1456 1042 sacer.

221 1080 302 1144 dote
316 1081 561 1161 ludimagistro
577 1082 716 1162 accidit,
734 1082 794 1163 qui
810 1099 937 1145 versus
952 1080 1129 1163 quosdam
1142 1081 1177 1145 in
1188 1081 1337 1162 Collegii
1352 1082 1455 1146 scho-

221 1188 264 1251 lis
279 1187 400 1267 affixit,
417 1189 543 1269 quibus
558 1189 665 1253 etlam
680 1189 895 1270 gravissima
911 1189 1042 1251 damna
1061 1187 1220 1268 Collegio
1240 1190 1453 1268 minabatur,

220 1295 250 1358 si
264 1294 453 1375 Syracusis
464 1298 578 1360 nostri
592 1314 663 1361 000
677 1297 896 1375 recederent;
914 1305 948 1360 et
965 1297 1114 1360 omnino
1136 1296 1248 1376 brevi,
1266 1313 1347 1360 cum
1368 1296 1456 1360 insa·

223 1404 290 1465 mia
307 1412 341 1466 et
355 1403 451 1466 vitae
466 1403 634 1484 periculo,
651 1415 792 1469 nostros
807 1422 851 1467 ex
867 1403 953 1467 urbe
969 1422 1012 1468 ea
1033 1404 1262 1483 expellendos
1278 1421 1369 1468 esse.

284 1509 371 1574 1213.
413 1510 668 1575 Dissimulabat
688 1512 829 1593 quidem
848 1513 907 1575 ille
926 1511 1094 1575 sacerdos
1114 1530 1153 1575 00
1176 1512 1303 1575 horum
1328 1498 1454 1578 carmi·

223 1634 306 1681 num
326 1627 518 1694 auctorem;
542 1619 604 1683 sed
624 1636 703 1682 cum
725 1619 833 1699 aliqui
855 1619 1108 1684 observassent
1132 1636 1212 1682 eum
1233 1618 1371 1699 injuriis
1392 1630 1454 1685 aut

222 1726 394 1789 conviciis
414 1736 663 1807 praeceptores
681 1726 793 1790 nostri
809 1726 957 1805 Collegii
979 1725 1230 1806 proscindere,
1249 1745 1294 1789 ex
1315 1727 1454 1809 quibus·

223 1831 304 1896 dam
318 1833 430 1913 signis
444 1834 613 1915 suspicati
624 1841 707 1899 sunt
717 1832 981 1914 praedictorum
994 1835 1192 1897 carminum
1204 1834 1321 1914 ipsum
1333 1844 1451 1899 aucto·

223 1958 298 2005 rem
312 1940 432 2020 suisse;
450 1951 485 2005 et
500 1942 548 2005 ita
564 1942 761 2022 Episcopus
775 1959 855 2005 eum
866 1942 902 2005 in
918 1959 1100 2006 carcerem
1112 1941 1276 2023 conjecit,
1290 1944 1454 2024 quamvis

224 2048 388 2127 precibus
402 2048 440 2111 P.
456 2049 604 2131 Joannis
620 2048 772 2129 Philippi
786 2049 905 2115 statim
921 2066 1002 2113 eum
1017 2049 1166 2113 liberum
1181 2049 1324 2114 dimisit.

286 2156 373 2219 1214.
416 2155 527 2221 Fama
544 2166 661 2220 autem
681 2156 829 2236 Collegii
849 2156 973 2221 indies
994 2156 1192 2236 crescebat,
1217 2167 1253 2221 et
1267 2155 1455 2221 Societatis

224 2264 418 2328 ministeria
438 2282 460 2327 a
483 2264 659 2328 nobilibus
684 2274 717 2328 ct
741 2264 860 2327 multis
885 2264 964 2327 aliis
989 2264 1147 2328 honestis
1173 2264 1262 2328 viris
1290 2264 1454 2329 laudibus

225 2370 472 2450 efferebantur,
489 2372 574 2435 etin
588 2389 650 2435 ore
665 2372 821 2435 omnium
841 2370 1100 2451 quodammodo
1124 2372 1372 2437 versabantur.
1390 2372 1454 2437 lm·

223 2495 281 2543 mo
294 2488 328 2543 et
339 2479 376 2544 10
387 2478 504 2560 aliqua
516 2480 594 2543 loca
606 2488 706 2543 extra
718 2477 929 2559 Syracusas,
943 2478 988 2543 ad
999 2496 1090 2560 quae
1102 2480 1216 2543 solum
1227 2480 1452 2558 negotiorum

224 2604 333 2651 causa
354 2605 393 2651 se
418 2586 656 2664 conserebant,
678 2585 839 2651 eamdem
853 2585 986 2649 samam
1009 2583 1198 2650 Societatis
1218 2586 1287 2649 late
1309 2604 1452 2667 sparge·

225 2696 320 2760 bant.

284 2803 370 2866 1215.
415 2801 505 2866 Cum
519 2810 637 2866 autem
651 2802 688 2865 in
698 2803 931 2865 renovatione
943 2801 1139 2865 studiorum
1151 2801 1334 2866 comoedia
1346 2818 1452 2883 quae·

221 2911 301 2975 dam
317 2918 439 2974 nostro
454 2911 490 2974 10
505 2908 664 2988 Collegio
679 2918 760 2972 acta
776 2908 912 2988 suisset,
933 2925 1023 2990 quae
1043 2909 1086 2972 de
1106 2909 1295 2974 honestate
1314 2926 1454 2974 morum

220 3018 363 3098 agebat,
390 3017 497 3101 aliqui
521 3015 658 3080 nobiles
681 3014 864 3096 cujusdam
889 3015 998 3092 urbiS,
1025 3033 1116 3096 quae
1145 3016 1277 3097 viginti
1301 3025 1455 3098 quatuor

220 3124 427 3189 milliaribus
441 3123 629 3206 Syracusis
644 3123 808 3202 distabat,
825 3122 1015 3187 Rectorem
1029 3121 1178 3203 collegii
1199 3122 1329 3188 obnixe
1350 3141 1454 3204 roga·

221 3241 314 3309 runt,
331 3241 368 3296 ut
383 3248 445 3296 eos
460 3231 714 3310 adolescentes
731 3229 790 3310 qui
810 3231 906 3294 illam
926 3239 1085 3310 egerant,
1102 3229 1148 3294 ad
1168 3247 1207 3294 se
1227 3231 1393 3311 mitteret,
1415 3241 1454 3296 ut

219 3357 327 3421 quam
341 3348 525 3420 tantopere
544 3337 733 3419 Syracusis
754 3337 900 3400 laudare
921 3336 1118 3418 audierant,
1137 3338 1231 3418 apud
1250 3340 1348 3421 ipsos
1368 3356 1454 3419 age.

220 3457 308 3528 rent;
325 3446 420 3528 quod
436 3456 554 3510 tamen
569 3445 711 3510 minime
727 3444 795 3508 11110
810 3460 1019 3508 0000000001
1030 3454 1094 3525 est,
1111 3446 1198 3510 talia
1212 3446 1306 3510 enirn
1320 3445 1357 3510 in
1373 3446 1450 3510 Col·

220 3555 323 3634 legiis
337 3552 527 3618 Societatis
541 3553 586 3617 ad
601 3550 864 3617 accendendam
875 3550 1099 3631 juventutem
1113 3552 1159 3617 ad
1175 3553 1286 3616 bonas
1300 3554 1449 3631 litteras,

221 3680 292 3727 000
307 3661 353 3726 ad
367 3661 569 3744 praebenda
585 3659 789 3740 spectacula
804 3659 971 3737 externis,
987 3657 1065 3723 fieri
1083 3660 1255 3725 solebant.

238 3801 240 3806 ,
282 3768 368 3833 1216.
412 3769 452 3833 10
467 3768 589 3832 eadem
605 3768 662 3830 illa
679 3767 764 3831 urbe
784 3767 827 3830 de
846 3765 1006 3846 Collegio
1025 3765 1213 3832 Societatis
1232 3769 1448 3835 instituendo

221 3877 407 3958 agebatur,
425 3887 459 3940 01
474 3892 555 3940 cum
567 3892 609 3938 eo
620 3874 795 3938 Dominus
806 3872 940 3937 Suerus
952 3873 996 3936 de
1007 3872 1112 3954 Vega
1123 3875 1237 3940 iturus
1246 3887 1451 3956 esset,·nam

219 3985 425 4065 Drepanum
440 3984 508 4047 iter
519 3982 678 4046 facturus
690 3990 778 4058 erat,
792 3997 913 4044 secum
924 3979 1070 4045 deduxit
1082 3980 1120 4046 P.
1138 3983 1312 4065 Joannem
1322 3984 1452 4066 Philip·

218 4109 313 4172 pum,
329 4091 528 4170 Rectorem,
547 4098 584 4152 ut
599 4107 679 4152 cum
695 4088 769 4169 ejus
785 4087 881 4151 urbis
893 4088 1164 4167 magistratibus
1176 4091 1395 4157 commodius
1410 4111 1453 4156 ea

218 4199 261 4264 de
285 4217 323 4263 re
335 4207 514 4279 ageretur.

286 4306 374 4372 1217.
416 4306 497 4371 Fuit
516 4315 634 4370 autem
653 4302 784 4367 Rector
803 4303 1015 4384 praedictus
1035 4305 1186 4386 benigne
1207 4317 1241 4370 et
1261 4305 1455 4374 honorifice

223 4416 268 4480 ab
285 4417 336 4479 eis
350 4425 538 4497 exceptus;
553 4423 587 4477 01
602 4412 646 4474 ab
664 4411 838 4491 Episcopi
853 4411 1000 4474 Vicario
1015 4422 1178 4493 rogatus,
1199 4414 1377 4480 dominica
1398 4417 1455 4482 die

221 4525 380 4606 sequenti
395 4541 476 4587 cum
488 4537 619 4600 magua
637 4518 796 4583 omnium
812 4517 1048 4582 admiratione
1060 4521 1095 4583 10
1107 4520 1312 4587 Cathedrali
1320 4524 1455 4605 templo

217 4631 448 4696 concionatus
462 4638 534 4708 est,
551 4637 585 4690 et
601 4627 708 4691 lacile
731 4625 944 4690 cernebatur
966 4642 1026 4689 res
1040 4627 1086 4692 ad
1100 4621 1248 4711 Collegii
1268 4622 1471 4696 institutio?
