3642 5350
374 410 429 483 692
831 413 961 483 Chaon.
979 416 1057 481 Soc.
1076 412 1146 494 ΙΙ.

372 584 417 633 ex
430 567 575 647 nostris,
598 568 750 651 quinque
765 586 811 635 ex
824 567 877 633 eis
891 568 939 633 ad
958 567 1157 633 honestam·
1167 566 1280 631 vitam
1301 582 1347 630 ex
1365 564 1534 631 suburbio
1553 564 1603 631 hi·

370 675 527 757 spalensi
540 675 727 741 traductae
750 686 849 741 sunt:
865 684 940 741 tres
954 674 1046 740 aliae
1064 673 1285 739 tantumdem
1303 672 1464 738 fecerunt
1483 672 1520 737 in
1541 691 1600 756 op-

371 781 454 864 pido
480 782 619 865 Hispali
644 783 782 864 vicino,
801 800 883 849 cum
907 782 1015 847 aliam
1033 778 1217 864 cujusdam
1236 798 1281 845 ex
1304 781 1439 846 nostris
1459 781 1598 846 concio·

370 907 451 955 nem
466 890 645 971 audirent;
668 890 856 973 exquibus
875 891 966 955 duae
988 889 1171 971 religioni,
1188 888 1279 953 aliae
1298 890 1424 971 nuptui
1445 887 1598 954 traditae

369 996 525 1063 fuerunt.

428 1103 521 1171 2988.
563 1104 710 1171 Praeter
724 1106 821 1171 illam
836 1115 956 1171 autem
970 1121 1110 1187 curam,
1132 1121 1239 1187 quam
1253 1105 1291 1169 in
1304 1104 1475 1169 custodiis
1489 1105 1599 1185 publi·

370 1214 422 1279 cis
442 1222 478 1279 et
503 1214 736 1280 xenodochiis
760 1212 964 1296 impendere
989 1213 1102 1278 nostri
1128 1212 1221 1277 soliti
1246 1220 1365 1293 erant,
1389 1210 1494 1293 hujus
1515 1213 1599 1278 anni

369 1337 453 1387 vere
467 1330 540 1387 tres
555 1322 613 1387 vel
627 1331 780 1406 quatuor
794 1320 1000 1388 sacerdotes
1018 1320 1133 1387 nostri
1153 1317 1199 1384 ad
1220 1337 1282 1385 eos
1297 1336 1336 1384 se
1358 1321 1594 1401 contulerunt,

368 1438 403 1495 et
417 1429 660 1495 confessiones
674 1432 865 1496 multorum
879 1446 1070 1509 annorum,
1085 1446 1178 1512 quae
1195 1429 1252 1493 vel
1267 1446 1289 1493 a
1306 1428 1523 1510 pauperibus
1540 1431 1598 1493 vel

369 1554 390 1600 a
404 1535 535 1601 vinctis
548 1538 753 1603 necessario
768 1546 870 1603 erant
883 1535 1081 1618 faciendae,
1097 1552 1181 1601 cum
1194 1550 1326 1617 magno
1345 1535 1504 1617 ipsorum
1517 1553 1597 1618 pro·

366 1643 463 1710 fectu
478 1654 514 1709 et
528 1645 624 1711 vitae
638 1645 909 1725 reformatione,
925 1644 1128 1724 audierunt,
1148 1651 1184 1708 et
1198 1652 1321 1707 secuta
1341 1650 1395 1707 est
1416 1643 1498 1708 inde
1511 1641 1597 1725 inju-

367 1752 502 1817 riarum
517 1752 681 1818 remissio
696 1760 731 1817 et
745 1753 845 1834 pacis
860 1750 1069 1833 compositio
1084 1750 1176 1816 inter
1194 1750 1343 1832 aliquos

424 1857 516 1924 2989.
559 1858 664 1925 Circa
675 1858 743 1925 hoc
756 1868 894 1941 tempus
904 1857 1041 1939 egressi
1052 1858 1165 1922 nostri
1176 1875 1223 1922 ex
1234 1857 1593 1939 civitatehispalensi,

365 1983 496 2033 novem
515 1966 656 2049 oppida,
679 1966 818 2031 civitati
836 1964 967 2047 vicina,
990 1966 1265 2047 perlustrarunt,
1286 1964 1323 2030 in
1345 1965 1473 2047 quihus
1490 1982 1594 2030 mane

365 2074 555 2140 conciones
583 2074 780 2153 habebant;
809 2074 952 2155 vesperi
979 2073 1025 2137 ad
1050 2073 1276 2138 tintinnabuli
1302 2089 1447 2153 sonum,
1477 2074 1596 2155 pueris

366 2181 606 2263 congregatis,
637 2181 870 2246 christianam
895 2180 1096 2246 doctrinam
1121 2198 1184 2261 per
1213 2179 1380 2262 oppidum
1405 2180 1593 2259 canebant,

366 2306 478 2373 usque
492 2290 576 2355 dum
591 2289 638 2354 ad
655 2289 844 2355 ecclesiam
864 2289 1042 2369 venirent,
1062 2288 1181 2370 ibique
1201 2288 1432 2370 congregatis
1452 2288 1595 2371 oppida·

364 2398 439 2478 nis,
456 2397 617 2463 eamdem
636 2398 835 2463 doctrinam
849 2395 1080 2462 concionibus
1095 2396 1337 2472 declarabant;
1354 2405 1390 2462 et
1403 2396 1520 2462 virum
1534 2396 1592 2461 ali·

364 2522 469 2587 quem
483 2504 680 2571 studiosum
695 2506 908 2586 diligebant,
931 2504 1158 2584 cuilibellum
1173 2504 1390 2570 christianae
1410 2504 1594 2570 doctrinae

363 2613 562 2696 tradentes,
580 2614 626 2679 ad
640 2612 676 2679 id
690 2613 786 2697 quod
804 2613 970 2679 viderant
989 2612 1197 2678 inchoatum
1216 2612 1500 2695 prosequendum
1515 2614 1591 2679 bor·

364 2723 549 2804 tabantur;
570 2732 605 2788 et
625 2733 700 2788 tam
714 2724 881 2788 commoti
900 2722 1033 2804 pietate
1051 2722 1191 2786 fuerant
1209 2722 1400 2786 multorum
1414 2721 1533 2802 animi,
1555 2732 1592 2785 ut

362 2840 516 2908 nostros,
532 2831 593 2913 qui
608 2830 654 2894 ad
669 2831 739 2895 alia
751 2830 881 2912 oppida
892 2828 1117 2908 recedebant,
1133 2828 1180 2892 ad
1194 2827 1388 2893 secundum
1398 2839 1435 2892 et
1448 2829 1592 2894 tertium

363 2939 651 3019 insequerentur,
668 2946 706 3002 ut
721 2937 951 3002 concionibus
964 2935 1035 3001 frui
1049 2943 1210 3018 possent;
1227 2945 1262 3000 et
1276 2934 1385 3019 aliqui
1403 2936 1591 3018 praecede-

363 3043 447 3109 bant
461 3053 499 3108 ut
513 3061 709 3126 campanae
724 3044 826 3125 pulsu
842 3044 1005 3108 homines
1020 3051 1283 3123 congregarent
1299 3042 1320 3107 '.

422 3149 513 3215 2990.
556 3151 612 3215 Ex
629 3150 909 3216 confessionibus
929 3150 1054 3230 etiam,
1071 3167 1222 3231 quarum
1245 3150 1385 3232 aliquae
1405 3154 1592 3232 generales

362 3256 523 3338 fuerunt,
549 3257 704 3324 fructum
728 3277 799 3323 non
823 3256 1089 3340 poenitendum,
1116 3258 1199 3321 licet
1223 3259 1337 3321 solum
1361 3268 1506 3340 propter
1529 3278 1591 3325 eos

360 3364 510 3430 fuissent
525 3367 673 3448 egressi,
689 3368 896 3431 retulerunt.
914 3366 1004 3431 Cum
1018 3374 1137 3429 tamen
1152 3366 1272 3446 plures
1286 3365 1468 3449 utriusque
1482 3385 1591 3432 sexus

361 3471 406 3536 ad
431 3472 673 3538 confessiones
693 3473 925 3553 confluerent,
950 3489 1056 3554 quam
1077 3473 1138 3555 qui
1151 3481 1296 3554 possent
1311 3472 1412 3537 brevi
1432 3484 1590 3557 tempore

359 3581 535 3662 expediri,
555 3582 721 3646 mulieres
740 3582 883 3645 omnino
903 3581 1033 3644 missas
1051 3580 1187 3660 facere,
1203 3581 1303 3644 viros
1321 3579 1497 3662 Hispalim
1512 3583 1587 3647 mit·

360 3698 436 3752 tere
451 3687 697 3753 decreverunt.

417 3794 509 3859 2991.
552 3794 642 3861 Cum
657 3805 775 3860 autem
789 3796 982 3860 conciones
996 3794 1170 3876 quasdam
1185 3794 1228 3859 de
1243 3812 1314 3860 non
1326 3798 1538 3862 assumendo
1551 3799 1588 3862 in

358 3919 491 3966 vanum
507 3899 573 3966 Dei
590 3920 719 3968 nomen
734 3902 959 3982 habuissent,
975 3902 1105 3967 alicubi
1120 3903 1214 3967 mala
1234 3919 1276 3966 ea
1296 3905 1515 3994 consuetudo
1533 3922 1588 3969 su·

356 4009 453 4074 blata
478 4009 563 4092 fuit;
586 4011 670 4075 alibi
690 4026 813 4076 omnes
833 4008 1003 4091 oppidani
1021 4011 1058 4074 in
1084 4009 1413 4078 confraternitatem
1432 4013 1588 4079 adscribi

357 4117 565 4198 voluerunt,
595 4136 665 4202 quo
693 4117 825 4184 mutuis
851 4117 1151 4183 admonitionibus
1173 4135 1216 4182 ac
1238 4119 1364 4199 poenis
1388 4138 1427 4186 se
1452 4121 1589 4186 abhoc

357 4223 470 4289 abusu
482 4225 685 4291 liberarent.

416 4330 507 4397 2992.
551 4333 778 4398 Adnotarunt
792 4342 912 4397 autem
925 4333 1039 4397 nostri
1053 4335 1161 4399 etiam
1175 4336 1212 4400 in
1232 4337 1382 4419 scripto,
1405 4355 1497 4420 quae
1516 4346 1588 4402 tam

355 4437 391 4502 in
420 4439 662 4520 spiritualibus
694 4457 738 4504 ac
769 4439 1025 4521 temporalibus
1054 4443 1259 4508 necessaria
1289 4444 1517 4525 videbantur,
1548 4457 1587 4510 ut

355 4544 493 4627 Hispali
508 4548 575 4627 his,
591 4565 742 4630 quorum
756 4548 927 4612 intererat
940 4548 1140 4630 providere,
1156 4551 1340 4617 referrent.

355 4649 568 4662 -—--—..-

394 4679 403 4716 ¹
433 4677 499 4725 Vide
510 4692 596 4737 supra.
606 4695 631 4728 n.
641 4681 703 4739 2977,
714 4687 801 4756 annot.
814 4683 833 4727 1.
