3642 5350
794 416 855 475 Art.
878 414 949 475 1556
1423 412 1478 472 743

306 562 398 628 3217.
441 562 640 629 cardinalis
656 562 775 628 Infans
790 564 826 628 in
840 563 988 627 civitate
1002 580 1068 629 sua
1083 561 1245 626 eborensi
1260 559 1476 625 Universita·

246 680 318 737 tem
351 671 565 735 constituere
594 680 716 736 nostro
744 671 781 735 in
814 669 974 752 Collegio
1007 669 1204 751 cogitabat:
1233 667 1477 750 philosophiae

248 778 390 861 quidem
405 796 531 845 cursus
547 778 622 860 Jam
637 780 705 861 ipsi
719 795 913 843 concessus
928 779 1061 854 fuerat,
1083 778 1146 842 sed
1166 775 1256 841 duas
1276 775 1476 855 theologiae

247 887 418 952 lectiones
432 887 563 952 addere
577 886 759 967 cogitabat
773 904 855 951 curn
869 886 963 951 mille
982 901 1183 949 annuorum
1201 882 1411 947 ducatorum
1424 900 1477 947 re·

247 994 336 1075 ditu;
357 1004 394 1059 et
418 995 449 1059 si
474 993 636 1060 Societas
660 1010 783 1061 earum
807 994 1023 1075 suscepisset
1048 1009 1190 1073 curam,
1210 992 1318 1056 etiam
1343 990 1477 1055 reditus

246 1101 397 1167 fuissent
412 1101 572 1182 Collegio
587 1102 777 1183 assignati;
792 1101 856 1166 sed
870 1102 960 1165 haec
978 1109 1103 1182 postea
1122 1109 1157 1165 et
1176 1098 1319 1180 quidem
1338 1098 1476 1180 plenius

248 1192 429 1275 transacta
446 1219 538 1275 sunt.

305 1315 396 1383 3218.
445 1317 501 1381 Ex
524 1317 756 1398 collegiorum
778 1316 980 1399 huJusmodi
1004 1316 1228 1397 susceptione
1252 1313 1322 1377 hoc
1345 1314 1475 1377 incom-

247 1424 341 1490 modi
363 1424 410 1489 ad
424 1422 640 1491 Societatem
662 1424 816 1500 redibat,
832 1424 928 1505 quod
940 1417 1041 1488 multi
1055 1424 1092 1488 in
1105 1422 1374 1487 humanioribus
1387 1420 1476 1486 litte·

246 1533 296 1597 ris
310 1531 491 1597 tradendis
506 1533 789 1615 occupabantur,
806 1532 867 1615 qui
888 1530 1133 1614 philosophica
1153 1530 1287 1609 studia,
1311 1539 1347 1595 et
1368 1528 1477 1611 aliqui

247 1656 381 1720 eorum,
404 1656 449 1703 ex
466 1639 561 1704 bona
580 1650 694 1721 parte,
717 1639 919 1720 theologica
938 1638 1183 1719 coniecerant;
1199 1646 1234 1702 et
1255 1637 1355 1701 initio
1373 1633 1477 1717 huius

249 1746 395 1813 aestatis
409 1746 605 1812 octodecim
621 1756 737 1829 erant;
754 1756 788 1811 et
803 1746 968 1829 quamvis
982 1746 1090 1828 aliqui
1108 1745 1197 1810 31113
1211 1745 1359 1809 moleste
1383 1743 1476 1807 hanc

247 1856 517 1937 occupationem
528 1855 671 1935 ferrent,
685 1863 720 1920 et
733 1873 805 1920 non
816 1855 891 1919 sine
902 1854 1138 1919 tentationum
1150 1851 1333 1928 molestiis;
1348 1859 1384 1915 et
1397 1852 1476 1933 ipsa

246 1960 407 2027 Societas
431 1962 701 2028 defraudaretur
726 1964 972 2045 operariorum
992 1976 1156 2041 numer0,
1178 1957 1285 2043 [cum]
1307 1976 1380 2023 non
1398 1974 1475 2039 pos·

246 2079 325 2136 sent
338 2070 455 2135 studia
469 2087 535 2135 sua
554 2073 751 2152 complere,
768 2071 828 2152 qui
846 2068 920 2134 fere
940 2069 1070 2133 maturi
1085 2067 1161 2149 jam
1179 2075 1297 2147 erant,
1317 2074 1356 2132 ut
1375 2067 1412 2130 in
1425 2066 1475 2129 vi·

246 2195 350 2243 neam
365 2176 509 2243 Domini
523 2176 807 2258 extruderentuq
824 2176 1000 2259 (quamvis
1015 2177 1121 2241 etiam
1132 2175 1171 2240 P.
1185 2174 1346 2256 ignatius
1357 2173 1477 2239 admo·

246 2292 388 2363 nuerat,
405 2296 443 2351 ut
457 2285 552 2366 quod
567 2284 613 2349 ad
631 2285 707 2367 ejus
726 2284 804 2349 fieri
822 2293 959 2366 posset,
980 2284 1086 2367 pauci
1104 2281 1304 2365 hujusmodi
1326 2298 1475 2361 occupa·

246 2402 369 2458 rentur
387 2394 424 2459 in
446 2392 646 2475 hujusmodi
665 2392 924 2473 functionibus,
949 2403 984 2457 et
1002 2401 1042 2457 ut
1064 2392 1280 2456 novitiorum
1301 2405 1410 2470 opera
1429 2388 1477 2453 ad

245 2500 420 2583 quaedam
436 2519 481 2565 ex
494 2501 550 2565 his
565 2500 693 2566 muniis
708 2498 915 2581 uterentur),
930 2517 1001 2564 non
1017 2508 1159 2580 poterat
1173 2508 1303 2578 tamen,
1320 2506 1358 2561 ut
1372 2513 1473 2577 expe·

247 2601 374 2676 rientia
390 2608 556 2689 docebat,
573 2606 738 2673 satisfieri
755 2608 964 2691 provinciae
982 2617 1169 2690 susceptae
1188 2606 1264 2670 sine
1284 2605 1475 2669 multorum

247 2715 450 2798 hujusmodi
463 2717 716 2798 magistrorum
731 2717 982 2799 occupatione;
1004 2727 1039 2781 et
1058 2716 1107 2780 ita
1126 2714 1163 2780 id
1180 2712 1472 2794 consequebatur,

248 2834 285 2892 ut
300 2825 405 2906 pauci
420 2825 457 2890 in
471 2817 692 2905 Port'ugallia
706 2835 842 2905 essent,
859 2825 920 2907 qui
938 2823 1055 2889 studia
1069 2824 1213 2888 omnino
1228 2820 1474 2886 absolvissent.

305 2931 396 2999 3219.
440 2933 579 2998 Invenit
593 2940 712 2998 autem
727 2931 765 2998 P.
778 2932 984 2997 Ludovicus
996 2931 1111 3012 rigide
1123 2931 1307 2996 observari
1320 2947 1366 2995 ne
1379 2929 1471 3012 quis,

246 3042 283 3106 in
303 3037 518 3107 Societatem
536 3029 724 3121 admissus,
745 3040 839 3105 intra
864 3040 1043 3104 biennium
1062 3040 1283 3122 probationis
1302 3041 1472 3124 studeret,

245 3148 410 3230 quamvis
424 3147 467 3213 P.
489 3148 714 3229 Franciscus,
738 3147 1024 3230 Commissarius,
1044 3165 1124 3213 eum
1148 3146 1330 3232 [rigorem]
1353 3149 1473 3232 aliquo

244 3255 350 3322 modo
363 3255 569 3321 moderatus
584 3264 653 3336 est,
676 3266 710 3321 et
730 3257 900 3336 externis,
921 3257 1112 3337 praecipue
1133 3255 1475 3322 conimbricensibus

244 3361 479 3444 scholasticis
496 3362 555 3428 hic
579 3363 689 3444 rigor,
706 3364 766 3445 qui
791 3363 922 3445 alioqui
946 3381 993 3427 ex
1016 3362 1335 3429 constitutionibus
1356 3373 1473 3430 ortum

243 3471 375 3536 habere
391 3470 579 3536 videbatur
595 3471 770 3553 (quamvis
787 3488 955 3553 expresse
970 3473 1007 3536 in
1021 3473 1073 3537 eis
1087 3472 1176 3536 nihil
1188 3472 1261 3536 tale
1275 3471 1471 3552 habeatur),

244 3580 369 3658 gravis
383 3579 606 3645 censebatur.

305 3685 397 3751 3220.
439 3686 591 3753 Laetitia
606 3704 738 3768 magna
753 3685 831 3752 Rex
845 3688 1002 3772 Joannes
1021 3687 1168 3752 affectus
1182 3697 1235 3752 est
1250 3696 1288 3753 ut
1303 3688 1474 3753 intellexit

246 3813 268 3858 a
283 3793 321 3860 P.
337 3795 476 3876 ignatio
492 3794 602 3860 fuisse
616 3795 863 3874 constitutum,
886 3806 924 3860 ut
943 3805 1016 3859 tres
1035 3793 1166 3860 Missae
1185 3793 1320 3860 Romae
1341 3804 1377 3860 et
1395 3798 1473 3861 toti·

245 3901 324 3967 dem
339 3902 486 3967 Laureti
505 3919 570 3984 pro
592 3903 670 3984 ipso
690 3901 847 3985 quotidie
867 3903 1086 3983 dicerentur,
1108 3885 1143 3968 et
1164 3905 1313 3968 multum
1332 3921 1370 3966 se
1389 3903 1474 3968 lidu-

245 4011 322 4074 cia'e
337 4009 457 4074 inillis
472 4009 602 4075 habere
621 4009 836 4090 significavit
846 4028 854 4092 ;
876 4012 939 4076 sed
958 4009 1096 4092 Regina
1116 4026 1223 4092 quam
1240 4020 1382 4090 gratum
1403 4011 1472 4076 hoc

243 4116 334 4198 Regi
348 4126 454 4195 esset,
470 4118 676 4198 expressius
690 4117 847 4199 dicebat,
864 4118 999 4183 addens
1014 4118 1101 4182 nihil
1114 4117 1153 4182 P.
1174 4117 1354 4199 ignatium
1369 4135 1473 4200 posse

241 4241 263 4287 a
278 4223 376 4305 Rege
392 4225 574 4305 postulare
589 4226 684 4307 quod
697 4244 769 4291 non
788 4227 1006 4309 impetraret.

302 4330 393 4396 3221.
438 4331 528 4397 Cum
557 4341 676 4397 autem
704 4332 782 4398 Rex
814 4334 1045 4398 intellexisset
1073 4335 1232 4400 evasisse
1259 4333 1298 4398 P.
1327 4336 1473 4419 Laynez

245 4439 508 4505 cardinalitium
524 4439 749 4522 dignitatem,
764 4439 853 4506 dixit
872 4438 910 4506 P.
931 4441 1114 4507 Ludovico
1129 4443 1313 4507 meliorem
1334 4444 1473 4509 electio·

248 4563 329 4610 nem
343 4546 521 4612 facturum
539 4565 618 4613 esse
635 4547 853 4627 Pontificem,
875 4548 991 4629 ipsum
1005 4549 1168 4630 eligendo
1182 4550 1220 4615 in
1234 4549 1471 4632 Cardinalem,

246 4671 353 4736 quam
368 4654 557 4738 quemdam
573 4639 681 4720 alium
697 4655 1015 4738 consanguineum,
1036 4673 1140 4739 quem
1159 4656 1301 4723 adeam
1320 4658 1471 4741 dignita·
