3642 5350
803 406 868 464 Au.
889 404 959 464 1556
1460 400 1507 460 87·

264 568 328 632 per
342 559 454 615 totam
474 551 665 616 dioecesim
684 569 765 616 eum
784 551 923 616 misisse
943 561 982 614 ut
1001 550 1125 614 eadem
1145 549 1260 614 officia
1279 559 1493 629 praestaret,

264 657 329 722 sed
343 656 529 722 Matelicae
544 659 733 740 quemdam
752 657 906 738 Patrem,
923 658 1065 722 nomine
1080 656 1264 721 Polonium
1282 656 1301 734 ¹,
1320 654 1492 736 objecisse

266 763 304 828 P.
322 765 544 829 Emmanueli
559 783 630 830 non
645 767 771 830 decere
788 777 828 829 ut
847 766 1008 843 maritus,
1032 765 1093 846 qui
1113 763 1218 828 uxori
1240 763 1395 826 debitum
1417 762 1495 825 red·

263 871 424 952 didisset,
440 873 613 953 postridie
628 874 673 938 ad
693 884 854 937 sanctam
867 872 1131 937 Eucharistiam
1143 871 1343 945 accederem
1361 878 1493 932 etcum

265 977 303 1042 P.
329 977 538 1044 Emmanuel
562 989 749 1061 peccatum
774 980 810 1044 id
828 997 901 1043 non
923 997 1001 1044 esse
1021 977 1246 1056 affirmasset,
1269 974 1493 1040 exclamabat

265 1086 460 1148 monachus
481 1103 603 1150 coram
628 1085 774 1151 Vicario
796 1085 979 1164 Generali;
1002 1095 1037 1150 et
1059 1103 1140 1149 cum
1161 1084 1219 1148 ille
1238 1084 1345 1146 vellet
1366 1097 1493 1162 sugge-

262 1199 357 1254 stum
372 1192 566 1256 ascendere
580 1201 619 1256 ut
634 1193 852 1258 contrarium
867 1192 1102 1275 praedicaret,
1115 1209 1137 1254 a
1149 1189 1331 1272 praedicto
1345 1187 1491 1252 Vicario

265 1297 460 1376 prohibitus
474 1309 527 1362 est
542 1309 576 1362 et
592 1299 637 1363 ad
651 1299 867 1381 Episcopum
887 1299 1080 1381 disputatio
1100 1296 1242 1378 reJecta,
1264 1306 1302 1360 ut
1322 1304 1493 1359 statueret

265 1403 347 1484 quid
361 1404 398 1468 in
412 1405 524 1484 ipsius
539 1405 692 1470 dioecesi
706 1406 774 1470 hac
790 1405 826 1470 in
841 1423 879 1470 re
894 1405 1171 1486 praedicandum
1182 1413 1275 1468 esset
1284 1402 1307 1463 ¹.

322 1508 393 1574 285.
436 1511 545 1576 Venit
564 1521 682 1576 autem
701 1512 759 1575 Fr.
776 1510 945 1576 Polonius
964 1512 1011 1575 ad
1028 1511 1243 1592 Episcopum
1258 1518 1292 1573 et
1306 1526 1408 1572 suam
1422 1508 1492 1590 ipsi

261 1618 474 1682 sententiam
515 1619 729 1699 declaravit;
765 1629 801 1684 at
835 1618 1036 1700 Episcopus
1071 1617 1130 1682 S.t¹
1163 1617 1321 1680 Thomae
1353 1625 1491 1679 senten·

263 1723 362 1803 tiam,
382 1724 433 1787 23ι
449 1725 514 1788 23⁸
539 1735 675 1807 quaest.
697 1724 748 1805 80,
770 1734 836 1790 art.
859 1725 890 1805 7,
917 1743 1024 1805 quam
1042 1724 1146 1787 simul
1161 1739 1243 1787 cum
1257 1722 1297 1786 B.
1314 1721 1490 1802 Gregorio

264 1837 369 1908 tenet,
385 1847 581 1896 consonam
595 1849 672 1896 esse
687 1832 869 1914 respondit
884 1831 979 1896 dicto
994 1831 1033 1894 P.
1049 1830 1300 1907 EmmanueliS,
1316 1845 1397 1892 cum
1408 1845 1490 1892 con·

259 1934 406 2015 jugatos
420 1938 569 2002 arbitrio
584 1957 649 2002 suo
664 1940 850 2020 relinquat.

322 2041 393 2106 286.
437 2043 537 2108 Tunc
552 2045 747 2109 monachus
762 2045 878 2126 coepit
893 2043 1152 2124 reprehendere
1166 2043 1205 2106 P.
1221 2041 1487 2106 Emmanuelem

259 2150 359 2230 quod
382 2150 550 2215 doctores
575 2151 794 2215 contrariam
822 2151 1035 2214 sententiam
1064 2158 1223 2214 tenentes
1249 2149 1487 2229 reprobasset.

259 2254 457 2321 Fatebatur
472 2267 591 2321 tamen
602 2275 640 2321 se
655 2257 691 2321 id
703 2275 773 2320 non
785 2258 976 2336 audivisse,
989 2257 1052 2320 sed
1063 2257 1250 2337 quemdam
1265 2256 1375 2336 ipsius
1387 2255 1488 2318 disci·

261 2364 394 2444 pulum3
414 2375 449 2428 et
475 2374 594 2430 tamen
618 2365 786 2430 Vicarius
810 2364 988 2445 Episcopo
1005 2367 1198 2444 scripserat
1217 2380 1290 2427 non
1308 2362 1416 2427 fuisse
1435 2380 1489 2426 re·

261 2471 431 2550 probatos
445 2473 535 2536 tales
550 2472 727 2550 doctores,
744 2471 806 2536 sed
821 2489 945 2536 eorum
959 2472 1171 2536 sententiam
1185 2469 1414 2536 declaratam.

322 2576 393 2642 287.
436 2578 600 2660 Demum,
611 2589 648 2644 ut
662 2579 928 2660 conquiesceret
940 2579 1146 2658 monachus,
1157 2578 1318 2643 hortatus
1328 2588 1381 2644 est
1392 2580 1490 2643 illum

260 2684 461 2767 Episcopus
483 2698 521 2753 ut
541 2706 644 2753 suam
668 2690 881 2755 sententiam
907 2688 1049 2769 scriptis
1075 2688 1337 2767 comprobaret,
1359 2696 1397 2751 ut
1414 2687 1490 2767 ipse

259 2792 470 2857 decerneret
481 2796 611 2874 quidin
627 2814 691 2861 sua
701 2798 854 2861 dioecesi
864 2796 1143 2879 praedicandum
1159 2804 1263 2872 esset3
1278 2803 1313 2857 et
1328 2794 1492 2875 quamvis

260 2900 396 2979 recepit
410 2918 449 2963 se
462 2901 497 2965 id
517 2901 693 2967 facturum
713 2905 920 2983 monachus,
941 2914 1064 2984 postea
1084 2912 1203 2966 tamen
1222 2899 1438 2980 significavit
1452 2919 1491 2965 se

260 3006 356 3069 nolle
371 3006 407 3070 id
419 3006 549 3087 lacere,
566 3009 630 3073 sed
644 3011 734 3074 velle
749 3027 788 3074 se
802 3028 867 3074 suo
883 3010 1050 3074 Generali
1069 3009 1224 3073 scribere
1243 3008 1338 3089 quod
1352 3006 1390 3071 P.
1412 3008 1492 3071 Em-

257 3114 402 3177 manuel
418 3130 549 3179 novam
563 3113 763 3181 doctrinam
777 3115 1018 3199 praedicabat.
1036 3114 1137 3179 Velle
1152 3116 1260 3179 etiam
1277 3132 1317 3179 se
1336 3113 1491 3178 scribere

258 3220 485 3284 monasteriis
506 3230 540 3285 et
559 3222 704 3287 eruditis
722 3224 810 3287 viris
835 3221 912 3303 ejus
935 3224 1118 3301 dioecesis;
1140 3218 1233 3303 quod
1249 3222 1391 3303 quidem
1412 3220 1492 3302 Epi-

254 3342 369 3407 scopo
385 3343 535 3407 vergere
550 3340 674 3393 contra
690 3346 875 3395 commune
889 3330 1021 3395 bonum
1040 3330 1239 3408 videbatur,
1255 3340 1290 3393 et
1304 3328 1355 3392 ita
1370 3327 1492 3393 Cardi-

259 3434 381 3496 nalem
396 3432 613 3515 Carpensem
627 3437 907 3502 commonefecit.
1376 3461 1379 3465 ·

322 3538 393 3602 288.
436 3540 652 3607 Fabrianum
666 3544 774 3607 etiam
788 3543 827 3609 P.
843 3544 1051 3607 Emmanuel
1071 3561 1152 3608 cum
1171 3543 1277 3608 sociis
1300 3544 1410 3620 venit,
1431 3543 1494 3607 ubi

259 3648 519 3713 monasterium
533 3648 615 3715 85⁸⁸
629 3648 858 3731 Margaritae,
875 3651 923 3730 (in
937 3668 1007 3731 quo
1022 3652 1152 3714 multae
1166 3652 1303 3715 nobiles
1316 3650 1491 3714 foeminae

256 3770 310 3817 ex
328 3755 531 3835 praecipuis
549 3756 731 3821 Marcbiae
750 3758 909 3837 urbibus,
934 3758 1041 3821 immo
1061 3768 1096 3821 et
1120 3759 1260 3838 aliquae
1281 3774 1404 3821 earum
1423 3756 1493 3821 Ro·

260 3876 324 3923 ma
358 3858 370 3891 ¹
397 3862 594 3943 venientes,
630 3864 838 3945 vivebant),
870 3864 915 3929 ab
944 3881 987 3928 eo
1012 3865 1141 3929 mirum
1168 3865 1205 3929 in
1229 3864 1371 3929 modurn
1396 3862 1492 3944 adJu·

257 3978 337 4031 tum
354 3978 418 4032 est.
1320 4031 1322 4034 .

321 4072 392 4139 289.
437 4074 530 4140 Olim
544 4077 685 4157 quidem
701 4094 831 4160 magna
850 4096 932 4144 cum
952 4079 1195 4144 aedificatione
1213 4090 1249 4144 et
1266 4081 1438 4160 religione
1453 4099 1493 4147 se

252 4194 460 4263 gesserant,
478 4184 541 4248 sed
556 4194 642 4249 tunc
661 4202 741 4251 cum
760 4188 952 4251 multorum
970 4187 1163 4252 offensione
1177 4197 1212 4253 et
1231 4205 1363 4269 magna
1381 4190 1493 4253 disso-

258 4370 476 4379 —————

305 4492 315 4527 ¹
343 4494 366 4537 Α
387 4506 402 4537 o
459 4496 463 4505 “

304 4563 318 4597 ¹
344 4496 605 4621 Eglslclgssiugpmerlnl
615 4568 711 4614 litteris
720 4570 854 4625 rescripsit
865 4570 1000 4624 Poluncns,
1010 4582 1043 4614 ex
1053 4582 1118 4615 com.
1129 4570 1187 4615 Vlc.
1198 4570 1272 4625 Gen..
1283 4571 1332 4617 ta·
1341 4572 1464 4627 Augusti.

301 4636 317 4670 ⁸
345 4636 420 4681 Haud
430 4637 506 4683 tuelle
516 4646 556 4683 est
566 4640 705 4684 decernere
715 4652 749 4685 an
758 4642 786 4688 ln
795 4653 843 4687 ms.
853 4643 978 4698 scriptum
988 4644 1022 4688 sit
1033 4642 1131 4695 Roma,
1139 4654 1173 4688 an
1184 4643 1308 4689 Romam.
