3642 5350
763 412 827 474 Au.
849 413 920 474 1556
1406 417 1458 477 143

226 558 283 621 vel
302 556 499 623 Doctorum
519 557 528 589 ¹
549 560 641 640 loca,
662 561 847 624 observari
867 568 1007 641 poterat
1028 560 1123 640 quod
1138 560 1254 623 minus
1269 578 1374 642 quam
1390 580 1454 643 par

225 672 302 727 erat
317 665 353 728 in
368 668 604 744 grammatica
618 666 742 731 firmus
756 677 860 731 esset.

283 772 355 836 524.
400 772 607 838 Monasterii
622 774 805 856 cujusdam
820 775 1025 838 monialium
1040 775 1143 839 simul
1159 793 1240 838 cum
1255 776 1291 840 P.
1309 776 1454 841 Deside-

226 880 278 942 rio
293 880 535 945 confessiones
557 884 622 945 sub
638 882 743 947 finem
761 882 922 965 Januarii
942 883 1094 960 audivit,
1117 901 1206 964 quae
1226 885 1453 964 septuaginta

226 1003 372 1051 numero
397 1001 509 1052 erant.
536 989 756 1054 Decreverat
774 1000 892 1054 autem
915 989 950 1051 Ρ.
973 988 1131 1053 Didacus
1157 991 1194 1053 in
1218 991 1359 1054 arcibus
1385 993 1452 1055 hac

226 1092 508 1176 Quadragesima
523 1097 745 1177 concionari,
762 1097 825 1160 sed
844 1106 949 1160 antea
972 1096 1170 1177 spiritualia
1185 1099 1358 1161 exercitia
1376 1117 1454 1179 pro·

225 1202 342 1281 posuit
358 1203 498 1267 cuidam
512 1204 620 1267 nobili
635 1204 747 1283 militi,
765 1204 825 1284 qui
839 1202 999 1268 Didacus
1013 1203 1056 1267 de
1070 1203 1238 1284 CarvaJal
1258 1205 1452 1285 dicebatur,

225 1308 392 1391 Episcopi
406 1310 601 1376 Placentini
615 1313 627 1345 '
641 1311 945 1389 consanguineus:
964 1310 1024 1391 qui
1043 1329 1124 1374 cum
1146 1312 1182 1374 in
1202 1312 1262 1374 illa
1282 1314 1453 1375 exercita·

226 1417 319 1481 tione
347 1418 391 1481 de
418 1419 554 1483 duobus
579 1419 720 1483 vexillis
744 1416 756 1449 ⁸
781 1428 986 1482 versaretur
1012 1435 1093 1481 cum
1121 1435 1252 1497 magno
1280 1420 1454 1499 spirituali

225 1540 330 1589 sensu
346 1535 380 1589 et
395 1526 647 1604 consolatione,
664 1524 787 1589 mundi
801 1524 941 1587 vexillis
960 1525 1112 1601 relictis,
1137 1524 1268 1588 Christi
1285 1527 1453 1589 vexillum

225 1634 325 1713 sequi
346 1633 382 1697 in
407 1631 583 1697 Societate
608 1632 778 1711 decrevit;
799 1632 906 1695 immo
923 1640 958 1695 et
984 1642 1068 1695 vota
1089 1649 1170 1695 cum
1195 1649 1326 1712 magna
1346 1633 1454 1697 animi
1557 1616 1560 1623 ¹

224 1740 359 1804 laetitia
374 1750 478 1821 atque
494 1740 611 1805 animo
627 1741 754 1817 emisit,
771 1750 805 1802 et
829 1738 979 1802 Romam
998 1740 1113 1820 primo
1135 1757 1274 1821 quoque
1297 1750 1455 1820 tempore

225 1846 403 1927 proficisci
432 1856 467 1911 et
493 1848 528 1911 in
552 1846 682 1911 infimis
707 1845 916 1909 humilitatis
940 1845 1062 1909 officiis
1091 1846 1249 1910 exerceri
1277 1848 1452 1927 cupiebat.

226 1951 322 2018 Satis
337 1963 501 2018 versatus
516 1963 594 2018 erat
609 1954 645 2017 in
660 1953 779 2017 latinis
795 1953 920 2015 litteris
935 1962 968 2015 et
983 1953 1169 2032 praeclaro
1191 1952 1334 2033 ingenio
1353 1971 1454 2034 prae-

225 2060 319 2125 ditus
334 2061 533 2141 videbatur,
549 2062 638 2125 duos
652 2078 761 2143 supra
776 2060 923 2139 triginta
938 2057 1052 2121 annos
1067 2069 1186 2139 natus;
1202 2069 1237 2122 et
1256 2078 1277 2123 a
1298 2060 1336 2125 Ρ.
1353 2062 1454 2140 lgna·

225 2169 275 2231 tio
290 2168 466 2233 admissus
480 2168 630 2232 Romam
649 2169 759 2231 venit.

283 2275 355 2339 525.
397 2274 436 2339 Ρ.
448 2276 652 2340 Ludovicus
664 2275 707 2339 de
719 2273 896 2338 Coudreto
909 2273 1075 2338 Aresium
1087 2274 1296 2351 perveniens
1307 2274 1364 2339 die
1376 2276 1453 2339 sab·

224 2381 298 2446 bati
321 2379 344 2459 ⁴,
372 2382 492 2446 statim
516 2382 692 2446 dominica
717 2381 879 2462 sequenti
903 2382 939 2444 in
964 2379 1168 2443 Cathedrali
1192 2382 1343 2445 ecclesia
1372 2399 1454 2447 cum

224 2489 394 2553 mediocri
419 2488 594 2553 auditorio
621 2489 825 2553 concionari
849 2488 982 2568 coepit;
1008 2485 1064 2548 die
1091 2497 1208 2562 autem
1232 2486 1454 2568 Epiphaniae

224 2595 396 2678 sequenti,
409 2595 484 2677 jam
503 2606 629 2660 auctus
649 2604 725 2659 erat
746 2595 850 2658 valde
873 2594 1075 2657 auditorum
1093 2610 1260 2657 numerus
1279 2604 1313 2658 et
1332 2596 1453 2660 statim

224 2704 349 2768 eodem
363 2704 420 2768 die
435 2723 456 2768 a
472 2705 620 2785 prandio
635 2717 715 2785 post
730 2704 971 2784 vespertinum
986 2701 1139 2765 officium
1154 2703 1340 2766 lectionem
1363 2705 1453 2769 chri·

224 2812 363 2875 stianae
387 2811 570 2876 doctrinae
599 2828 792 2892 aggressus
818 2820 871 2875 est
899 2819 935 2873 et
962 2809 1118 2890 quotidie
1147 2809 1307 2873 eamdem
1335 2828 1452 2890 prose·

225 2928 342 2983 cutus,

283 3025 354 3089 526.
397 3025 522 3091 Voluit
536 3035 654 3092 autem
669 3027 710 3100 is.
735 3045 844 3107 penes
864 3045 968 3108 quem
988 3029 1182 3091 auctoritas
1202 3039 1286 3092 tunc
1306 3037 1398 3104 erat,
1415 3037 1454 3091 ut

199 3134 260 3197 *in
288 3133 492 3199 Cathedrali
519 3133 671 3198 ecclesia
698 3136 886 3199 lectionem
914 3137 1008 3199 hanc
1033 3138 1251 3215 explicaret,
1278 3145 1312 3198 et
1341 3133 1353 3166 ⁸
1380 3134 1454 3199 fere

221 3257 344 3305 omnes
373 3243 576 3306 scholastici
606 3242 733 3306 aretini
758 3253 792 3306 et
818 3244 878 3307 alii
903 3244 1003 3306 multi
1032 3244 1139 3306 etiam
1168 3261 1214 3306 ex
1241 3242 1454 3322 primoribus

221 3349 319 3413 urbis
344 3349 526 3430 utriusque
555 3367 662 3414 sexus
691 3367 770 3414 cum
802 3367 933 3430 magna
964 3349 1207 3414 satisfactione
1233 3367 1314 3414 eam
1337 3348 1452 3412 audie·

221 3464 317 3535 runt,
333 3454 407 3520 sere
423 3457 571 3521 trecenti
586 3473 745 3522 numero.

282 3561 353 3626 527.
396 3563 434 3626 In
468 3563 567 3627 iestis
592 3573 711 3628 autem
743 3565 918 3628 matutina
943 3566 1067 3628 concio
1098 3583 1267 3645 magnam
1295 3565 1453 3628 civitatis

221 3679 360 3750 partem
375 3681 598 3750 praesentem
618 3671 782 3748 habebat;
803 3689 885 3735 nam
905 3672 955 3735 illi
976 3673 1159 3753 quingenti
1179 3673 1360 3736 auditores
1374 3689 1452 3736 esse

222 3777 443 3858 dicebantur,
458 3796 478 3842 a
491 3778 639 3860 prandio
649 3787 767 3842 autem
779 3779 815 3842 in
826 3779 976 3842 lectione
988 3767 1142 3860 mille;'et
1158 3781 1240 3861 quia
1255 3781 1301 3843 ad
1312 3779 1455 3859 nuptias

222 3885 425 3966 spirituales
439 3903 500 3950 eos
519 3887 746 3964 invitaverat,
770 3897 844 3950 tam
863 3887 964 3950 multi
987 3886 1033 3950 ad
1058 3886 1317 3951 consessionem
1336 3903 1454 3950 acces·

265 4167 274 4201 ¹
302 4165 487 4212 Medocorum.

260 4239 272 4272 ¹
300 4237 502 4284 Placentinum
512 4237 638 4293 Hispania
648 4235 789 4293 Episcopus
804 4243 860 4281 erat
873 4235 997 4280 Dominus
1012 4236 1134 4280 Gutierre
1152 4234 1256 4289 Vargaa
1271 4236 1302 4280 de
1317 4236 1453 4291 carvajal.

219 4309 286 4356 Vide
296 4321 385 4366 supra,
396 4315 416 4355 t.
426 4319 454 4354 iv
464 4313 490 4354 et
502 4321 527 4362 v,
538 4309 580 4354 ubl
590 4309 622 4352 de
632 4308 749 4363 Colleglo
761 4308 913 4352 Placentino
923 4318 1008 4351 sermo
1019 4307 1154 4350 iit-Vide
1165 4306 1241 4357 inira,
1252 4318 1276 4350 n.
1287 4307 1336 4351 550.

257 4383 271 4416 ⁸
296 4381 365 4428 vide
375 4383 401 4428 in
411 4381 477 4426 libro
488 4377 678 4425 Exercitiornm
689 4379 777 4424 Sancti
794 4378 898 4434 ignatii,
915 4377 1040 4422 Heidom.
1058 4377 1091 4421 11.
1108 4377 1153 4421 “El
1169 4387 1261 4432 quarto
1279 4379 1330 4434 dia,
1346 4379 1454 4424 medita-

219 4457 276 4506 clon
286 4457 318 4501 de
327 4456 374 4500 dos
383 4455 519 4507 bunderaa,
528 4454 553 4497 la
564 4463 615 4496 una
625 4453 657 4496 de
668 4451 782 4506 Christo,
794 4452 871 4496 Sumo
882 4451 1020 4506 Capitany
1032 4449 1113 4494 Seilor
1126 4456 1241 4504 nuestro;
1257 4452 1283 4495 la
1295 4457 1354 4496 ntra
1364 4453 1394 4495 de
1405 4451 1456 4496 Lu·

220 4527 295 4582 ciier,
306 4527 403 4573 mortni
413 4525 529 4580 enemico
537 4525 568 4569 de
579 4529 686 4570 nuestru
696 4525 810 4568 humana
824 4530 920 4568 natura
933 4555 946 4577 „

261 4601 275 4633 ⁴
302 4597 596 4654 &indamnatus

239 4673 274 4708 ’ὓ
301 4671 448 4726 linquam.
