3642 5350
760 432 824 493 Art.
847 432 918 493 1556
1404 426 1456 489 137

226 583 367 646 nomine
391 580 593 645 Cardinalis
622 590 657 645 et
688 582 764 662 ipse
784 581 821 646 P.
845 581 978 645 Rector
992 578 1143 644 Romam
1171 577 1389 658 scripserint,
1416 583 1455 640 ut

229 692 372 755 omnino
388 701 421 754 et
437 690 514 753 sine
530 691 600 753 ulla
613 707 713 754 mora
729 690 766 754 P.
783 690 944 770 Baptista
958 688 1060 752 Senis
1079 693 1332 751 removeretur.

287 797 358 861 501.
402 798 446 861 Et
468 796 667 862 Cardinalis
689 798 830 879 quidem
850 797 919 861 alia
939 798 1078 861 ratione
1100 791 1289 875 [videlicet]
1311 801 1454 873 propter

229 905 404 987 quaedam
425 904 569 969 liberius
588 913 623 969 et
641 906 819 971 incautius
839 904 884 968 ab
906 922 948 967 eo
970 903 1064 966 dicta
1086 910 1203 965 motus
1222 901 1349 964 suerat.
1372 898 1454 963 Alia
1504 884 1507 891 ’

229 1029 316 1076 vero
330 1014 405 1092 ipse
420 1012 561 1091 Rector,
579 1012 708 1092 partim
723 1012 817 1093 quod
837 1010 969 1075 nostris
989 1008 1065 1088 ejus
1081 1010 1281 1088 exemplum
1295 1016 1330 1069 et
1343 994 1456 1069 verba

230 1121 399 1184 damnum
417 1122 569 1183 allatura
590 1120 739 1198 timeret,
761 1119 890 1199 partim
905 1117 999 1200 quod
1018 1117 1123 1180 nimis
1137 1115 1321 1178 familiaris
1337 1111 1455 1195 [esset]

229 1227 372 1291 cuidam
386 1226 527 1305 viduae,
552 1244 643 1307 quae
664 1225 772 1290 filiam
792 1226 946 1289 habebat
965 1225 1061 1288 domi
1079 1222 1153 1304 jam
1174 1223 1341 1299 nubilem,
1363 1230 1398 1284 et
1416 1221 1456 1284 ti·

229 1334 348 1399 mebat
361 1352 406 1397 ne
420 1335 504 1415 quid
520 1334 655 1398 sinistri
670 1332 859 1397 accideret.

288 1441 360 1505 502.
403 1442 483 1526 Jam
505 1460 548 1505 eo
572 1452 743 1523 tempore,
769 1442 804 1505 id
827 1450 891 1520 est,
913 1439 1077 1520 Augusto
1096 1456 1218 1502 mense
1243 1438 1281 1503 P.
1298 1437 1456 1519 Laynez,

231 1548 408 1628 vicarius,
434 1550 727 1629 gubernationem
754 1547 944 1613 Societatis
968 1559 1185 1628 susceperat,
1211 1556 1246 1609 et
1271 1546 1392 1609 statim
1420 1553 1457 1608 ut

230 1658 301 1721 alio
321 1658 517 1720 mitteretur
540 1657 731 1721 constituit.
753 1656 798 1721 Et
817 1674 899 1721 cum
921 1655 1150 1718 valedixisset
1166 1654 1290 1717 amicis
1305 1662 1339 1716 et
1355 1671 1376 1715 a
1390 1651 1457 1714 Re·

229 1776 336 1845 gente
364 1763 555 1828 Villanova
585 1774 619 1827 et
643 1764 869 1830 Ferdinando
895 1762 1051 1827 Alvarez
1078 1763 1086 1792 ¹
1112 1762 1319 1842 praedictis,
1346 1760 1458 1823 inscio

230 1872 394 1952 Rectore,
415 1872 585 1935 viaticum
606 1874 813 1953 accepisset;
836 1870 966 1935 Rector
982 1871 1210 1934 nihilominus
1225 1869 1268 1932 de
1283 1868 1350 1945 his,
1367 1884 1459 1948 quae

230 1979 277 2043 ad
299 1980 434 2043 victum
455 1978 604 2059 Collegii
619 1997 641 2042 a
656 1978 837 2043 Cardinali
860 1979 944 2041 data
963 1988 1077 2057 erant,
1098 1976 1274 2040 sufficiens
1288 1975 1457 2039 viaticum

231 2087 339 2165 dedit,
356 2095 390 2149 et
405 2087 488 2150 dum
502 2087 600 2150 illum
619 2094 720 2166 putat
739 2086 784 2149 ad
804 2085 1000 2165 Collegium
1016 2086 1067 2148 ire
1086 2092 1124 2147 ut
1142 2102 1270 2165 equum
1290 2099 1458 2146 conscen-

232 2194 343 2273 deret,
364 2212 444 2257 eum
463 2194 559 2258 domi
582 2211 654 2256 non
675 2194 821 2272 invenit,
845 2203 879 2256 et
901 2193 1048 2273 putabat
1067 2192 1163 2273 quod
1182 2192 1375 2254 insalutato
1397 2190 1458 2251 ho·

232 2302 322 2383 spite
337 2303 554 2382 recessisset;
574 2300 636 2365 sed
652 2308 731 2380 post
747 2301 869 2364 decem
884 2300 960 2363 dies
974 2309 1186 2379 conspectus
1201 2308 1254 2362 est
1268 2298 1312 2360 ab
1327 2315 1381 2376 eo,
1398 2297 1459 2377 qui

232 2426 322 2489 equo
336 2410 516 2473 concitato
536 2408 581 2471 ad
601 2408 779 2472 veredarii
793 2408 935 2471 domum
949 2417 1096 2487 paratus
1117 2407 1163 2469 ad
1182 2407 1249 2470 iter
1267 2406 1456 2482 ferebatur,

233 2528 268 2580 et
283 2516 446 2597 quamvis
461 2517 520 2579 ubi
536 2516 660 2579 suisset
674 2515 742 2578 illis
758 2514 880 2579 diebus
895 2531 968 2577 non
987 2514 1038 2576 illi
1052 2514 1251 2593 constabat,
1268 2522 1459 2575 testamen

232 2623 433 2705 suspicione
448 2622 556 2704 digna
572 2631 659 2688 erat.
676 2622 807 2686 Fuerat
827 2622 959 2704 alioqui
979 2622 1160 2686 mensibus
1180 2619 1191 2652 ¹
1206 2620 1406 2701 praeteritis
1427 2622 1460 2684 ei

234 2749 444 2796 concessum
467 2741 505 2796 ut
532 2732 578 2795 ad
599 2731 795 2796 domestica
823 2729 998 2811 quaedam
1023 2729 1167 2808 negotia
1192 2730 1335 2794 domum
1359 2745 1460 2791 suam

235 2839 404 2904 Firmium
419 2840 549 2903 rediret
560 2838 582 2902 ³.
600 2836 780 2920 Scriptum
794 2847 912 2902 autem
927 2839 959 2902 ei
973 2837 1038 2901 fuit
1053 2855 1098 2900 ex
1109 2846 1211 2917 parte
1222 2836 1260 2901 P.
1274 2835 1411 2899 Vicarii
1422 2845 1460 2898 ut

233 2946 463 3028 responderet
478 2948 534 3012 his
548 2956 583 3010 et
597 2946 808 3026 quibusdam
820 2945 898 3010 aliis
911 2945 1177 3026 obiectionibus.
1195 2943 1390 3024 Respondit
1403 2943 1461 3006 ille

235 3055 375 3136 quidem
395 3063 429 3117 et
450 3055 660 3136 quibusdam
680 3061 868 3134 utcumque
897 3052 1082 3132 satisfecit,
1108 3052 1170 3114 sed
1192 3052 1228 3114 in
1246 3049 1461 3115 Societatem

236 3163 387 3243 amplius
402 3181 472 3227 non
487 3171 541 3225 est
557 3161 744 3226 admissus.

294 3269 365 3333 503.
408 3269 453 3334 Et
468 3271 563 3351 quod
578 3271 743 3333 timuerat
759 3267 797 3332 P.
814 3267 1053 3348 Hieronymus
1072 3286 1117 3331 ne
1136 3277 1280 3331 noceret
1299 3267 1463 3332 domesti-

235 3379 299 3456 cis,
313 3379 361 3441 ita
374 3377 482 3442 luisse
494 3380 599 3458 paulo
611 3386 691 3457 post
705 3377 947 3456 deprehendit,
964 3393 1047 3439 nam
1059 3376 1116 3439 ille
1127 3376 1307 3453 sacerdos
1322 3376 1464 3438 nomine

237 3485 433 3549 Gulielmus
444 3483 467 3565 ⁴,
477 3503 557 3549 cum
570 3486 615 3548 ad
627 3485 780 3565 patriam
790 3493 828 3546 ut
840 3499 897 3546 res
907 3499 993 3546 suas
1005 3494 1231 3564 componeret
1243 3483 1379 3561 ivisset,
1392 3499 1463 3545 mu·

237 3601 333 3656 tatus
352 3611 372 3654 a
392 3593 573 3672 religionis
595 3592 776 3673 proposito
797 3608 878 3654 cum
898 3590 1061 3655 rediisset
1082 3591 1181 3655 visus
1201 3599 1265 3666 est,
1288 3601 1323 3652 et
1342 3599 1464 3669 aperte

237 3709 425 3780 postquam
446 3717 527 3763 cum
549 3700 622 3763 suis
643 3699 746 3763 bouis
772 3698 990 3775 recessisset,
1018 3697 1159 3778 scripsit
1185 3697 1222 3759 P.
1244 3697 1463 3775 Hieronymo

236 3807 438 3871 dissuasum
461 3808 511 3870 illi
535 3807 643 3871 fuisse
666 3825 683 3868 a
708 3806 891 3888 praedicto
917 3805 955 3868 P.
973 3806 1133 3885 Baptista
1158 3823 1202 3869 ne
1227 3805 1263 3867 in
1285 3803 1465 3867 Societate

238 3925 321 3979 tunc
336 3925 506 3994 maneret;
523 3913 642 3995 etjam
657 3915 723 3977 sibi
745 3914 932 3994 displicere
952 3913 1047 3993 quod
1065 3911 1142 3993 eJ'us
1162 3913 1348 3977 consilium
1368 3918 1463 3974 esset

238 4032 381 4086 secutus
400 4023 618 4087 ostendebat.

296 4129 368 4192 50⁴.
410 4129 558 4212 Scripsit
569 4131 693 4195 eodem
704 4140 863 4211 tempore
873 4129 1093 4194 Licentiatus
1103 4129 1284 4193 Mercante
1299 4144 1464 4208 praesen·

238 4238 324 4300 tiam
339 4235 377 4301 P.
394 4236 622 4320 Salmeronis,
639 4240 699 4320 qui
714 4233 759 4303 ex
770 4239 965 4302 Brabantia
978 4235 1170 4319 [redierat],
1183 4237 1241 4298 vel
1253 4234 1401 4316 alicujus
1415 4234 1466 4298 illi

242 4398 452 4406 ——--—-——-

280 4479 291 4514 t
317 4480 384 4525 Vide
395 4492 481 4536 supra,
493 4493 553 4536 pag.
563 4483 610 4535 m,
621 4495 645 4528 n.
655 4484 704 4528 455.

279 4555 291 4586 ¹
318 4553 485 4598 flamensis.

281 4627 293 4659 ⁸
320 4625 386 4670 Vlrle
397 4637 486 4680 supra,
498 4637 558 4679 pag.
569 4626 618 4682 12³,
629 4635 715 4673 annot.
727 4629 774 4674 bad
785 4641 810 4675 n.
822 4631 871 4674 lot.

280 4700 293 4733 0
319 4699 386 4744 Vide
396 4709 484 4754 supra.
492 4709 552 4754 pag.
565 4699 610 4754 135,
622 4711 645 4746 a.
657 4701 707 4747 49⁶.
