3642 5350
778 425 843 484 An.
865 401 956 486 1556'
1435 430 1471 489 ra

238 583 358 640 autem
374 573 470 638 velut
487 574 594 638 medii
609 591 892 654 unumquemque
907 591 972 655 pro
988 592 1052 638 suo
1068 575 1241 639 arbitratu
1255 577 1378 640 vivere
1393 594 1469 657 per·

238 681 436 760 mittebant,
460 681 538 744 sive
564 681 740 745 catholico
765 681 842 744 sive
863 681 1044 746 haeretico
1065 699 1165 746 more
1186 681 1310 747 vivere
1332 685 1467 748 liberet.

239 787 320 852 Duo
334 805 380 852 ex
395 797 533 868 septem
546 787 738 868 praedictis
752 797 787 852 et
802 789 871 852 duo
888 789 938 851 illi
952 788 1058 853 medii
1072 807 1154 854 cum
1174 790 1327 871 quinque
1348 791 1470 856 catho-

241 895 318 960 licis
342 893 523 975 conjuncti
542 905 636 975 sunt,
660 903 694 959 et
709 894 861 960 Romam
875 899 1048 960 miserant
1067 896 1112 960 ad
1131 896 1367 962 obedientiam
1386 898 1470 963 Sedi
1525 923 1530 930 ·

240 1003 470 1084 Apostolicae
486 1001 704 1066 offerendam
722 1001 744 1065 ¹.
767 1001 896 1082 Legati
916 1014 1034 1066 autem
1055 1003 1309 1084 Helvetiorum,
1333 1005 1392 1086 qui
1411 1024 1469 1069 ve-

240 1121 380 1188 nerant,
397 1109 534 1188 aliquos
551 1127 596 1172 ex
615 1110 747 1174 nostris
766 1108 812 1172 ad
832 1125 870 1172 se
889 1109 981 1172 mitti
1000 1111 1242 1190 postulabant;
1263 1120 1298 1174 et
1316 1129 1419 1191 sane,
1439 1113 1469 1176 si

238 1214 316 1296 eius
331 1216 476 1296 linguae
492 1217 610 1297 plures
625 1216 808 1297 operarios
822 1213 983 1279 Societas
1004 1216 1196 1295 habuisset,
1219 1235 1340 1282 eorum
1360 1235 1470 1299 opera

238 1323 385 1404 egregie
401 1323 495 1403 apud
511 1341 574 1386 eos
588 1323 757 1388 collocari
770 1339 877 1403 posse
892 1321 1090 1386 videbatur.
1108 1324 1270 1404 Triginta
1285 1335 1402 1390 autem
1423 1343 1469 1389 ex

241 1431 297 1496 his
322 1429 484 1494 helvetiis
504 1441 538 1494 et
563 1430 745 1518 germanis
765 1429 906 1493 cuidam
929 1448 974 1493 ex
999 1432 1131 1494 nostris
1157 1429 1293 1495 Romae
1315 1432 1471 1496 confessi

238 1545 334 1617 sunt,
351 1547 397 1616 et,
414 1538 639 1617 eleemosyna
656 1537 774 1616 aliqua
789 1537 840 1600 eis
856 1547 993 1616 curata,
1014 1538 1061 1602 ad
1074 1538 1227 1619 patriam
1243 1539 1383 1602 remissi
1396 1540 1468 1604 fue·

241 1653 337 1708 runt.
353 1643 448 1708 Inter
464 1645 529 1706 hos
545 1661 608 1707 sex
623 1645 681 1706 vel
696 1653 830 1724 septem
854 1643 1022 1707 haeretici
1043 1653 1157 1722 erant,
1179 1646 1239 1725 qui
1258 1645 1305 1708 ad
1324 1647 1468 1710 catholi-

240 1769 322 1816 cam
348 1751 452 1816 fidem
483 1752 674 1814 redierunt.
704 1749 825 1831 Aliqui
853 1751 961 1814 etiam
988 1768 1181 1831 numquam
1214 1752 1355 1816 fuerant
1388 1771 1468 1817 con·

239 1858 336 1924 sessi.

299 1964 350 2028 29.
396 1964 533 2045 Viginti
548 1964 702 2045 quinque
717 1973 777 2027 aut
800 1966 918 2045 plures
939 1981 1124 2044 pauperes,
1147 1982 1229 2029 cum
1247 1966 1381 2046 frigora
1400 1965 1468 2030 Ro·

240 2089 321 2136 mae
336 2072 512 2152 vigerent,
530 2071 565 2135 in
588 2089 744 2134 caverna
765 2071 932 2152 quadam,
957 2072 1016 2135 ubi
1035 2071 1213 2136 modicum
1235 2085 1311 2137 erat
1332 2076 1468 2153 paleae,

240 2178 437 2242 dormiendi
451 2181 582 2258 gratia,
600 2195 638 2241 se
653 2177 886 2259 recipiebant;
908 2178 970 2241 sed
991 2189 1193 2243 nostrorum
1216 2197 1325 2260 opera
1343 2181 1379 2244 in
1399 2181 1469 2244 duo

239 2286 428 2366 hospitalia
445 2286 585 2366 excepti
607 2285 758 2363 luerunt,
781 2294 814 2347 et
840 2303 861 2348 a
881 2286 1059 2366 praesenti
1084 2285 1275 2351 admodum
1295 2289 1391 2351 vitae
1412 2306 1467 2370 pe·

239 2393 352 2456 riculo
367 2392 523 2470 liberati;
540 2410 621 2456 nam
639 2402 779 2456 antrum
792 2392 877 2456 illud
898 2410 942 2456 ex
963 2391 1099 2456 foetore
1120 2402 1155 2456 et
1177 2393 1399 2459 immunditia
1411 2403 1454 2458 ae

239 2517 316 2563 rem
338 2500 507 2563 infectum
522 2500 686 2578 habebat,
715 2508 749 2562 et
774 2499 882 2579 aliqui
903 2499 1011 2563 etiam
1031 2500 1162 2564 mortui
1184 2501 1220 2568 in
1240 2518 1283 2565 eo
1298 2501 1374 2566 sine
1389 2512 1468 2566 con·

238 2608 392 2672 sessione
407 2607 557 2670 fuerant.
575 2607 684 2670 Immo
700 2624 780 2670 cum
801 2624 892 2670 unus
907 2607 1132 2671 mediocriter
1154 2626 1264 2673 sanus
1286 2609 1469 2690 ingressus

239 2732 283 2779 eo
298 2715 433 2794 luisset,
450 2715 506 2778 die
521 2715 681 2795 sequenti
696 2724 777 2793 post
791 2715 980 2795 prandium
995 2724 1154 2778 mortuus
1169 2716 1316 2780 eductus
1331 2725 1394 2780 est.

300 2822 349 2887 30.
394 2821 474 2885 Duo
494 2822 620 2899 libri,a
642 2820 679 2883 P.
697 2822 840 2885 Andrea
866 2820 993 2885 Frusio
1012 2823 1147 2901 scripti,
1169 2825 1258 2887 alter
1279 2824 1321 2886 de
1345 2825 1466 2889 verbo·

239 2947 319 2993 rum
340 2930 455 3010 copia,
478 2932 567 2991 alter
592 2928 635 2991 de
659 2928 814 3009 syntaxi,
837 2928 1000 3009 impressi
1024 2929 1092 2992 hoc
1112 2930 1226 3008 primo
1248 2948 1342 3001 anno
1366 2941 1401 2995 et
1423 2933 1468 2996 ad

240 3036 342 3099 varia
356 3038 435 3099 loca
451 3036 549 3099 missi
563 3045 657 3099 sunt:
674 3034 893 3113 elegantibus
914 3044 949 3097 et
968 3036 1165 3116 perspicuis
1183 3038 1347 3101 versibus
1368 3057 1468 3119 prae·

239 3149 344 3223 oepta
372 3142 689 3222 grammaticorum
714 3139 820 3204 Pater
844 3141 902 3204 ille
935 3144 1142 3222 complexus
1169 3153 1238 3222 est,
1265 3152 1299 3207 et
1327 3145 1469 3225 quidem

239 3258 377 3327 exacte;
399 3258 433 3311 et
454 3248 593 3328 ipsimet
618 3248 756 3311 auctori
781 3248 945 3328 syntaxis
966 3266 1052 3329 prae
1072 3250 1151 3312 aliis
1170 3251 1214 3314 ab
1233 3252 1311 3331 ipso
1327 3252 1470 3333 scriptis

238 3354 413 3437 placebat,
436 3372 541 3434 quam
566 3363 685 3418 tamen
712 3354 933 3435 experientia
962 3332 1205 3421 obscuriorem
1234 3359 1468 3439 aliquantum,

238 3479 347 3543 quam
360 3460 470 3525 ferret
484 3478 674 3540 puerorum
686 3471 823 3541 captus
841 3478 919 3524 esse
932 3461 1052 3525 docuit
1068 3460 1091 3525 ¹.

300 3568 350 3633 31.
394 3568 482 3632 Cum
495 3568 540 3630 ad
556 3568 704 3648 collegia
720 3568 874 3647 Pragam
890 3578 924 3631 et
935 3570 970 3632 in
984 3570 1053 3633 alia
1068 3570 1282 3636 Germaniae
1295 3574 1374 3637 loca
1391 3574 1469 3637 mit·

240 3678 348 3741 tenda
363 3676 472 3757 aliqui
492 3675 655 3738 doctores
673 3674 709 3737 in
731 3692 836 3738 sacra
855 3675 1035 3755 theologia
1056 3688 1318 3759 expeterentur,
1342 3682 1468 3761 suppli·

240 3786 365 3848 catum'
374 3795 428 3847 est
442 3782 587 3847 Summo
602 3780 762 3845 Pontifici
781 3790 819 3846 ut
841 3791 915 3846 tam
937 3785 1050 3848 nostri
1070 3803 1177 3867 quam
1197 3787 1244 3865 hi,
1267 3788 1326 3869 qui
1340 3788 1378 3851 in
1392 3787 1470 3851 Col·

241 3892 333 3970 legio
360 3890 574 3954 Germanico
602 3898 832 3952 versarentur
861 3897 895 3951 et
920 3888 1068 3971 Collegii
1095 3894 1207 3957 nostri
1231 3895 1400 3958 lectiones
1426 3914 1470 3958 ac

281 4096 290 4129 ¹
319 4095 498 4139 “lloclneunte
506 4104 572 4138 anno
582 4092 694 4145 Joannes
702 4092 853 4138 Lusitaniae
864 4092 927 4147 Rex,
939 4095 1043 4139 decreto
1052 4097 1209 4150 amplissimo
1220 4096 1339 4148 Oratore,
1348 4099 1470 4153 obsequia

238 4166 323 4221 Regia
338 4167 417 4211 Panlo
429 4166 467 4209 lv
478 4163 594 4209 Pontifici
610 4166 716 4209 solemni
733 4166 784 4209 ritu
799 4166 916 4209 detulit...
926 4166 1049 4219 Ejusdem
1060 4169 1153 4211 mensis
1168 4167 1305 4223 (Januarll)
1322 4170 1471 4214 Florentiae

238 4238 307 4292 Dux,
318 4238 452 4292 trigesima
463 4236 549 4281 Martii
560 4236 684 4290 Helvetii,
695 4238 822 4291 vigesima
833 4236 892 4281 Mati
903 4237 1053 4281 Genuenses
1065 4238 1143 4283 Paulo
1153 4240 1191 4283 1v
1202 4242 1271 4295 plum
1281 4242 1347 4286 idem
1362 4243 1471 4287 odicium

237 4308 397 4365 praestitere
408 4342 416 4355 .
430 4308 574 4357 aaronem.
586 4307 704 4351 Annales
715 4306 901 4360 ecclesiastici,
911 4309 945 4351 ad
955 4320 1013 4352 ann.
1025 4310 1083 4360 155⁶,
1094 4321 1135 4352 nn.
1146 4320 1191 4353 xxt
1202 4317 1227 4355 et
1238 4321 1302 4354 xxti.
1390 4318 1394 4332 ¹

278 4381 291 4414 Ι
317 4380 430 4424 Summa
446 4381 550 4423 latinae
566 4382 709 4435 syntaxeos
724 4379 763 4423 bis
778 4391 811 4423 ex
822 4378 1013 4423 Sonuuevooet
1028 4392 1124 4425 excusa
1137 4392 1186 4425 est:
1197 4382 1295 4427 Romae
1308 4385 1377 4439 apud
1393 4385 1472 4429 Anto·

237 4452 310 4497 nium
324 4451 441 4503 Blodum,
458 4448 662 4493 loha-Viennae
678 4450 810 4498 Austriae,
827 4451 1034 4494 ibib-Alterum
1050 4463 1112 4496 vero
1127 4464 1191 4507 opus
1202 4453 1243 4497 De
1257 4457 1372 4510 utraque
1384 4458 1473 4512 eopia,

236 4525 382 4571 verborum
393 4526 419 4567 et
434 4532 536 4575 rerum,
549 4524 706 4576 praecepto,
720 4532 774 4565 erno
787 4532 845 4565 cum
857 4522 990 4576 exemplis
999 4523 1117 4567 daucido
1132 4525 1260 4580 brevique
1270 4529 1393 4571 carmine
1406 4540 1473 4572 corn·

237 4596 385 4653 prehensa,
397 4604 474 4648 saepe
489 4594 558 4647 typis
573 4594 721 4637 mandatum
733 4592 789 4637 luit:
807 4592 903 4637 Romae
921 4594 980 4646 1356,
997 4594 1120 4639 Coloniae
1136 4596 1196 4649 155&
1212 4596 1331 4643 Viennae
1347 4600 1472 4644 Austrlue

241 4670 302 4723 ¹⁵⁶¹?
314 4666 476 4720 Antuerpiae
488 4665 547 4719 ibo&
559 4664 629 4721 lbid,
640 4666 701 4719 tsiq
713 4665 794 4709 Duaei
808 4666 866 4710 1577.
877 4664 1076 4722 Souuenvocut,
1088 4668 1104 4710 l.
1113 4677 1137 4711 c.
