3642 5350
817 413 881 473 Aa.
903 414 974 474 1556
999 500 1002 503 ψ
1452 412 1506 472 439

253 632 257 637 ,
275 562 413 625 litteras
428 578 450 623 a
469 558 617 623 Decano
637 569 672 623 et
694 560 916 625 Cancellario
932 560 1130 624 lovaniensi
1149 559 1308 638 Roardo;
1324 570 1359 623 et
1374 559 1419 623 ab
1435 560 1504 623 Ab·

276 667 358 763 bate
373 666 532 748 lipsiensi
547 666 568 745 ¹,
585 683 736 747 quorum
752 667 916 747 superius
930 667 1163 741 meminimus,
1185 678 1219 730 et
1240 666 1319 730 aliis
1333 667 1506 745 gravibus

279 774 377 853 viris,
404 773 512 837 scribi
538 772 574 837 P.
602 774 741 853 ignatio
769 784 952 852 curarunt,
978 784 1013 837 et
1036 772 1186 837 Romam
1200 774 1309 837 misso
1329 775 1505 854 exemplo,

278 882 414 944 litteras
427 881 524 962 ipsas
538 880 770 959 retinuerunt,
785 892 824 944 ut
841 880 967 947 Rexet
986 881 1138 945 ministri
1162 880 1237 960 ejus
1258 882 1377 961 expeti
1391 879 1508 947 Socie-

279 998 387 1051 tatem
402 988 438 1050 in
454 988 521 1050 illis
535 988 740 1066 regionibus
755 988 1006 1067 intelligerent,
1018 997 1053 1051 et
1065 988 1207 1051 omnino
1220 988 1268 1051 ita
1279 1005 1319 1051 se
1332 1004 1389 1051 res
1403 988 1508 1051 habe·

278 1095 350 1157 bat.
371 1095 415 1158 Et
429 1094 521 1157 inter
541 1096 630 1158 alios
650 1094 778 1159 civitas
798 1094 989 1157 insulensis
1010 1105 1045 1157 et
1060 1094 1170 1175 aliqui
1188 1112 1233 1157 ex
1248 1095 1455 1174 proceribus
1474 1104 1509 1157 et

277 1201 410 1264 curatis
427 1202 682 1280 sollicitabant,
699 1210 737 1264 ut
756 1200 794 1264 P.
816 1200 1021 1265 Bernartius
1041 1200 1219 1265 Oliverius
1233 1201 1509 1265 concionaturus

281 1308 415 1371 lnsufas
429 1308 638 1372 mitteretur:
654 1308 713 1388 qui
725 1317 844 1371 autem
860 1308 992 1371 nostris
1005 1325 1084 1371 sese
1093 1307 1296 1388 opponebat
1311 1307 1509 1388 Episcopus

277 1414 549 1478 Cameracensis
562 1415 586 1492 ¹,
603 1415 639 1477 in
654 1414 908 1494 gravissimum
928 1415 1091 1478 morbum
1110 1414 1300 1489 inciderat,
1316 1425 1355 1478 ut
1375 1414 1418 1477 de
1433 1412 1508 1493 ejus

279 1520 480 1584 valetudine
495 1520 623 1585 medici
637 1520 877 1601 desperarent.
899 1520 943 1583 Et
964 1521 1129 1601 quamvis
1146 1520 1345 1603 Antuerpia
1367 1538 1410 1585 eo
1420 1530 1508 1590 tem·

279 1644 365 1706 pore
380 1627 445 1690 sub
459 1625 536 1707 ejus
551 1628 705 1691 dioecesi
720 1627 980 1707 continebatur,
1000 1629 1145 1692 obtenta
1165 1647 1186 1690 a
1205 1627 1304 1708 Rege
1324 1629 1506 1708 facultate,

279 1734 445 1815 Episcopi
460 1734 611 1799 facultas
622 1736 826 1799 necessaria
838 1736 972 1799 nostris
983 1733 1029 1798 ad
1040 1736 1324 1799 concionandum
1335 1752 1407 1801 non
1417 1745 1505 1798 erat.

344 1840 433 1905 1883.
477 1841 684 1923 Opportune
699 1844 857 1906 narratio
873 1859 992 1908 rerum
1004 1842 1314 1921 Caesaraugustae
1327 1851 1510 1922 gestarum

279 1966 374 2012 anno
386 1950 588 2029 praeterito,
602 1962 675 2013 tam
687 1950 730 2015 de
742 1950 948 2029 expulsione
959 1950 1116 2012 civitatis
1130 1966 1236 2031 quam
1247 1949 1291 2013 de
1302 1948 1509 2013 reductione

279 2065 482 2120 nostrorum
510 2056 715 2134 honorifica,
747 2055 792 2119 ad
818 2054 855 2119 P.
885 2055 1136 2136 Ribadeneyra
1164 2055 1278 2121 Roma
1305 2056 1416 2120 missa
1440 2065 1508 2119 est:

279 2179 398 2225 rumor
413 2164 506 2226 enim
521 2182 542 2226 a
557 2163 645 2227 viris
659 2164 768 2227 etiam
781 2162 978 2241 religiosiS,
995 2172 1035 2226 ut
1049 2162 1272 2242 credebatur,
1289 2173 1417 2228 auctus
1430 2179 1507 2243 per-

278 2270 477 2349 crebuerat,
496 2280 531 2332 et
546 2271 736 2333 multorum
752 2286 856 2332 aures
871 2270 1098 2350 impleverat,
1118 2280 1153 2333 et
1172 2288 1254 2334 cum
1275 2288 1334 2349 ea,
1354 2286 1446 2351 quae
1462 2269 1511 2333 of-

278 2376 421 2439 fendere
436 2385 611 2457 poterant,
627 2377 766 2456 publice
779 2374 993 2454 dicerentur,
1006 2375 1205 2441 satisfactio
1218 2396 1239 2440 a
1250 2377 1376 2457 paucis
1389 2376 1510 2441 audita

278 2483 406 2546 fuerat.

340 2588 428 2654 1884.
472 2590 560 2655 Cum
571 2602 690 2653 autem
700 2589 828 2654 Comes
842 2590 967 2655 Feriae
981 2590 1184 2670 hujusmodi
1195 2591 1331 2654 litteras
1347 2590 1506 2667 vidisset,

278 2715 401 2762 carum
426 2699 628 2778 exemplum
649 2698 769 2761 statim
795 2699 927 2762 habere
950 2698 1072 2777 voluit,
1096 2709 1133 2762 ut
1158 2699 1202 2762 de
1217 2697 1424 2763 reductione
1448 2715 1509 2761 no*

280 2813 437 2869 strorum
450 2805 486 2868 in
502 2805 602 2868 curia
618 2814 810 2869 constaret.

343 2909 430 2976 1886.
474 2912 570 2975 Idem
596 2911 723 2975 Comes
748 2911 965 2990 significavit
991 2912 1123 2976 nostris
1147 2911 1281 2990 Regem
1312 2912 1511 2993 Philippum

278 3020 404 3084 melius
423 3019 466 3082 de
487 3022 593 3083 rebus
615 3030 759 3083 nostrae
779 3017 968 3083 Societatis
990 3021 1121 3083 sentire
1140 3037 1247 3101 quam
1268 3017 1344 3099 ejus
1358 3030 1510 3098 patrem,

281 3127 396 3190 minus
411 3126 501 3190 bene
516 3138 635 3190 tamen
650 3143 757 3206 quam
772 3128 897 3190 solitus
912 3136 1005 3190 esset
1021 3144 1101 3190 cum
1113 3127 1148 3188 in
1163 3126 1338 3206 Hispania
1350 3144 1514 3190 versare·

280 3243 348 3312 tur;
365 3243 399 3298 et
415 3235 559 3297 innuere
580 3233 768 3297 videbatur
788 3234 882 3314 quod
901 3251 922 3307 a
941 3232 1079 3313 Regina
1099 3233 1212 3297 Maria
1235 3236 1292 3297 vel
1307 3235 1352 3298 ab
1367 3232 1443 3314 ejus
1462 3234 1512 3297 in-

278 3340 531 3405 formatoribus
543 3341 660 3420 aliqua
673 3340 817 3404 sinistra
830 3340 1037 3404 audivisset
1049 3340 1094 3403 Et
1102 3359 1193 3421 quae
1202 3341 1513 3420 Caesaraugustae

281 3447 498 3522 acciderant,
520 3463 673 3526 magnae
689 3447 965 3528 perturbationis
986 3465 1132 3511 causam
1151 3449 1260 3512 fuisse
1276 3447 1513 3525 affirmabant,

281 3553 361 3618 ideo
384 3554 488 3618 avide
510 3556 649 3635 accepit
668 3565 703 3618 et
722 3555 877 3618 exscribi
893 3553 997 3634 jussit
1012 3555 1049 3618 in
1067 3572 1170 3618 suum
1189 3573 1292 3620 usum
1311 3556 1515 3637 praedictas

281 3662 429 3725 litteras.

345 3766 434 3832 1886.
478 3769 522 3832 Et
537 3769 625 3832 satis
637 3769 786 3848 intelligi
797 3770 910 3850 potuit
923 3769 1016 3850 quod
1029 3767 1085 3850 [si]
1096 3769 1185 3833 satis
1196 3769 1353 3833 fautores
1365 3770 1401 3833 in
1413 3769 1514 3832 curia

281 3875 391 3955 Regis
405 3874 567 3939 Societas
580 3875 737 3956 haberet3
754 3877 854 3940 multi
868 3875 975 3940 etiam
991 3876 1190 3940 adversarii
1204 3887 1239 3940 et
1255 3877 1514 3940 obtrectatores

281 3983 329 4045 ibi
345 3992 475 4062 essent;
492 3993 526 4046 et
541 3983 646 4046 facile
665 3993 791 4047 contra
812 3984 1017 4061 veritatem,
1038 3985 1156 4047 oblata
1173 3985 1292 4064 aliqua
1310 3983 1514 4062 occasione,

321 4149 329 4182 ¹
359 4147 410 4202 Sim
426 4149 470 4192 sed
488 4149 668 4194 existimamus
685 4150 816 4204 designari
833 4151 876 4194 hic
893 4149 1055 4194 Ludovicum
1071 4149 1193 4205 Blosium,
1212 4152 1342 4196 Abbatern
1359 4152 1512 4196 monasterti

280 4220 413 4264 laetiensis
428 4222 486 4274 vel,
500 4229 529 4265 ut
543 4221 605 4266 allbl
621 4221 753 4274 scribitur,
771 4221 915 4273 Lr'ciensts,
931 4220 959 4264 Ο.
977 4221 1003 4263 S.
1019 4221 1057 4274 B.,
1075 4220 1216 4267 Societatis
1229 4224 1422 4276 amicissimum,
1439 4223 1513 4278 cnjus

278 4298 352 4335 extat
363 4292 474 4346 epistola
481 4293 514 4336 ad
522 4293 673 4338 Praesident
682 4293 799 4347 Vigllum
811 4305 863 4337 van
873 4292 994 4336 Zwichen
1003 4304 1051 4348 pro
1063 4292 1195 4339 Societatc
1206 4303 1304 4339 nostra.
1314 4293 1381 4338 Vide
1392 4294 1510 4338 Daman-

280 4373 320 4417 ctt,
330 4363 347 4406 l.
358 4374 390 4414 c.,
400 4375 459 4418 pag.
470 4363 514 4418 5⁴¹5
526 4363 622 4408 Curias
636 4365 670 4409 de
686 4364 741 4408 San
753 4363 872 4416 Ignocio,
885 4371 903 4407 t.
919 4374 955 4416 vr,
971 4375 1030 4418 pag.
1041 4365 1090 4416 583,
1103 4365 1152 4419 324;
1168 4372 1195 4409 et
1209 4377 1298 4420 supra,
1315 4373 1336 4410 t.
1350 4378 1385 4420 tv,
1401 4377 1462 4422 pag.
1472 4365 1511 4408 281

279 4439 306 4478 et
316 4445 379 4490 aeq„
389 4445 414 4480 u.
425 4434 559 4478 607...-l)e
570 4435 668 4489 Joanne
680 4436 789 4492 Polleto,
800 4446 892 4480 sacrae
904 4435 1058 4488 Quaesitore
1070 4435 1137 4491 fidel,
1149 4437 1208 4480 vide
1220 4437 1316 4481 Canas
1326 4438 1360 4482 de
1368 4438 1423 4481 San
1431 4437 1513 4491 rgna-

281 4505 331 4557 cio,
340 4513 359 4551 t.
371 4517 406 4556 vt,
414 4518 475 4561 pag.
485 4506 533 4558 215,
542 4507 591 4557 821,
601 4507 650 4561 324,
659 4507 708 4560 349,
715 4507 764 4551 476.

321 4577 334 4610 ¹
360 4577 427 4622 Vidc
437 4588 524 4632 supra,
535 4586 554 4622 t.
565 4589 602 4634 tv,
612 4590 673 4634 pag.
682 4578 723 4622 ³02
732 4585 758 4622 et
769 4590 829 4634 seq,
840 4590 864 4624 n.
875 4579 918 4623 646
926 4587 954 4625 et
962 4591 1026 4634 seq,
1036 4579 1078 4624 ubl
1088 4580 1164 4634 plura
1175 4581 1205 4625 de
1220 4581 1269 4625 hoc
1280 4579 1421 4626 Societatis
1430 4580 1514 4626 lnlml-

282 4647 386 4692 cistimo
396 4649 524 4702 dicuntur,
533 4660 566 4693 ex
576 4651 673 4694 litteris
684 4650 710 4694 P.
722 4649 848 4694 Beruardi
859 4649 979 4695 Oliverli.
