3642 5350
330 406 388 467 406
792 408 921 471 Crtaorr.
942 408 1019 470 Soc.
1039 409 1110 484 Jas.

398 554 486 619 1740.
529 555 608 621 Non
632 572 756 622 omnes
778 565 914 637 tamen,
933 558 1233 639 quemadmodum
1254 557 1324 637 ille,
1348 556 1442 621 aeris
1462 556 1565 622 bene·

334 662 414 728 ficio
430 662 540 744 adjuti
554 672 647 745 sunt,
663 672 699 729 et
713 665 788 746 ipse
800 663 931 728 Rector
944 662 1037 727 inter
1050 662 1152 741 alios,
1167 662 1250 725 licet
1260 660 1459 742 geldrensis
1473 670 1564 736 erat,

334 787 406 835 non
420 787 588 852 prospere
607 772 760 836 valebat.
777 772 949 852 Magister
964 768 1160 835 Gierardus
1179 767 1354 833 desiderio
1372 769 1510 850 patriae
1526 786 1565 832 se

335 878 447 942 teneri
461 877 689 960 significavit:
705 880 879 961 quamvis,
896 877 990 959 quod
1005 887 1129 960 postea
1142 877 1231 958 ipsis
1250 876 1392 955 accidit,
1408 875 1565 940 nondum

334 985 449 1050 timeri
464 995 594 1067 posset.
611 984 730 1051 Rebus
743 987 967 1065 necessariis
983 986 1078 1067 quod
1088 986 1134 1049 ad
1144 985 1312 1050 vestitum
1324 985 1449 1049 attinet
1463 992 1499 1048 et
1513 984 1564 1048 vi·

335 1102 442 1171 ctum,
458 1103 684 1175 prospectum
698 1103 766 1169 est;
784 1094 866 1159 licet
883 1094 1073 1174 aliquando
1089 1093 1202 1157 serius
1217 1093 1427 1174 quibusdam
1441 1108 1565 1157 eorum

335 1209 454 1265 vestes
468 1202 538 1264 sint
552 1213 710 1282 paratae.
727 1202 773 1266 Et
787 1212 825 1266 ut
841 1204 877 1266 in
891 1218 987 1265 novo
1007 1198 1166 1282 Collegio
1181 1200 1301 1281 aliqua
1315 1199 1361 1263 ad
1376 1200 1565 1265 commodi·

335 1316 444 1371 tatem
458 1308 671 1388 pertinentia
685 1307 760 1373 sere
775 1309 898 1373 deesse
913 1310 1039 1387 solent,
1052 1310 1102 1371 ita
1116 1317 1150 1372 et
1165 1308 1251 1389 ipsis
1265 1308 1384 1387 aliqua
1399 1324 1565 1371 exercen-

335 1413 403 1479 dae
418 1416 610 1497 patientiae
629 1417 771 1481 occasio
793 1433 864 1480 non
883 1417 1017 1481 deerat.
1038 1415 1248 1479 Necessaria
1264 1424 1383 1479 tamen
1403 1424 1566 1497 suppete-

336 1521 432 1599 bant,
449 1531 484 1586 et
498 1522 623 1604 spiritu
638 1524 725 1588 satis
739 1524 851 1588 alacri
860 1533 974 1588 erant.

399 1628 488 1693 1741.
530 1629 574 1693 Et
594 1631 770 1695 recreavit
790 1649 852 1694 eos
872 1648 945 1695 non
968 1648 1095 1713 parum
1116 1631 1245 1695 divisio
1264 1631 1323 1694 illa
1348 1638 1564 1708 sanctorum,

336 1736 396 1818 qui
413 1736 562 1818 singulis
587 1738 765 1802 mensibus
787 1738 823 1801 in
844 1739 1048 1803 calendario
1067 1738 1313 1816 occurrebant3
1334 1755 1425 1819 quae
1445 1746 1564 1802 tamen

336 1844 393 1925 pia
409 1844 625 1909 consuetudo
636 1856 795 1927 tempore
808 1844 846 1909 P.
858 1844 988 1927 Ignatii
998 1845 1035 1909 in
1046 1846 1200 1910 Domum
1212 1856 1274 1910 aut
1286 1844 1485 1926 Collegium
1496 1843 1564 1908 Ro-

336 1969 481 2021 manum
495 1951 639 2016 inducta
653 1968 724 2016 non
738 1951 815 2032 luit,
833 1951 896 2016 sed
915 1954 952 2017 in
969 1954 1147 2034 plerisque
1168 1952 1364 2034 Hispaniae
1382 1953 1472 2016 locis
1486 1970 1562 2033 per·

337 2059 542 2124 mittebatur
555 2057 577 2119 ¹.

400 2166 488 2231 1742.
531 2167 620 2232 Tres
631 2166 780 2247 juvenes
795 2169 921 2234 bavari
932 2166 979 2233 ad
988 2166 1201 2234 Societatem
1212 2168 1421 2248 Ingolstadii
1432 2167 1564 2249 aspira·

336 2275 434 2354 bant,
450 2276 617 2357 egregiae
637 2276 776 2355 indolis,
797 2277 857 2358 qui
877 2276 1037 2356 Collegio
1056 2285 1179 2341 nostro
1193 2276 1451 2351 inserviebant;
1474 2292 1565 2339 unus

336 2383 478 2465 quidem
498 2384 534 2447 in
553 2383 781 2448 conficiendis
801 2385 966 2466 negotiis,
988 2385 1049 2448 alii
1069 2385 1139 2449 duo
1153 2385 1191 2449 in
1208 2383 1404 2449 ministerio
1426 2384 1566 2449 culinae

335 2492 455 2556 utilem
470 2507 626 2572 operam,
643 2508 715 2556 non
729 2493 859 2572 exiguo
874 2510 956 2556 cum
971 2493 1091 2556 labore
1106 2510 1183 2570 suo,
1197 2491 1356 2573 Collegio
1367 2492 1564 2569 navabant,

335 2608 370 2664 et
396 2606 622 2664 sacramenta
647 2597 931 2682 frequentabant.
958 2599 1175 2681 Aliquandiu
1201 2609 1320 2663 tamen
1334 2598 1566 2663 differendam

334 2724 459 2772 eorum
473 2707 736 2786 admissionem,
754 2716 791 2772 ut
807 2708 922 2787 magis
942 2710 1189 2789 probarentur,
1211 2705 1342 2772 Rector
1361 2707 1512 2786 censuit3
1530 2715 1565 2770 et

338 2824 469 2896 tamen,
483 2832 606 2880 eorum
620 2817 697 2880 loco
710 2816 755 2879 ad
767 2815 962 2880 domestica
974 2815 1169 2879 ministeria
1181 2813 1404 2903 coadjutores
1415 2814 1564 2896 aliquos,

337 2923 396 3005 qui
413 2940 484 2988 non
498 2922 625 2988 studiis
639 2921 765 2987 darent
780 2941 925 3006 operam
939 2923 988 3002 (ut
1003 2933 1078 2987 tres
1091 2923 1265 3003 praedicti
1280 2922 1436 3001 dabant),
1452 2923 1565 2987 utilio-

339 3049 396 3096 res
412 3029 488 3095 sore
503 3030 662 3111 Collegio
677 3031 855 3094 censebat.
1419 3101 1421 3105 .

399 3137 486 3202 1743.
531 3137 603 3202 Α111
624 3138 824 3219 complures
842 3137 941 3203 sacili
965 3137 1109 3218 negotio
1135 3137 1274 3202 admitti
1299 3137 1407 3201 etiam
1432 3138 1565 3219 potuis·

289 3252 290 3255 ’
338 3254 428 3324 sent,
450 3245 514 3309 sed
535 3253 681 3326 propter
699 3246 834 3310 reditus
859 3263 931 3310 non
950 3245 1140 3309 admodum
1159 3246 1312 3326 amploS,
1335 3262 1407 3308 non
1426 3254 1503 3309 erat
1523 3245 1566 3309 de

338 3352 406 3418 illis
435 3352 482 3416 ad
509 3351 723 3417 Societatem
752 3352 970 3417 adducendis
999 3351 1131 3417 Rector
1158 3352 1342 3431 sollicitus;
1369 3361 1404 3416 et
1432 3352 1511 3416 ideo
1536 3353 1567 3416 si

339 3461 463 3540 augeri
478 3459 612 3524 reditus
631 3461 829 3540 potuissent
848 3469 883 3524 et
901 3459 1074 3523 habitatio
1095 3459 1256 3540 Collegii,
1278 3459 1382 3522 valde
1401 3468 1565 3541 opportu-

339 3584 424 3631 num
434 3566 510 3631 lore
522 3567 761 3647 existimabat;
778 3567 829 3630 sic
841 3567 935 3632 enim
949 3568 1070 3649 plures
1084 3567 1222 3631 admitti
1237 3567 1444 3647 potuissent.
1461 3565 1566 3630 Prae-

338 3684 391 3740 ter
406 3676 482 3755 hoS,
496 3674 637 3756 juvenis
652 3675 796 3755 quidam
815 3675 953 3750 doctus,
970 3687 1005 3738 et
1024 3675 1176 3739 triennio
1195 3675 1231 3739 in
1253 3674 1432 3754 theologia
1446 3692 1565 3740 versa·

337 3793 407 3862 tuS,
424 3799 641 3864 magnopere
655 3778 824 3846 Societati
839 3799 877 3846 se
892 3780 1058 3846 addicere
1077 3782 1233 3863 optabat.
1255 3779 1399 3845 Nobiles
1413 3781 1566 3846 habebat

338 3898 515 3972 parentes
532 3898 567 3954 et
580 3883 707 3970 majori
729 3889 882 3969 licentia,
898 3907 1007 3971 quam
1021 3907 1087 3970 par
1101 3898 1189 3969 erat,
1206 3888 1396 3969 aliquando
1410 3888 1564 3967 viseraa

337 3996 402 4064 sed
419 4006 589 4078 coeperat
607 3995 767 4062 confiteri
787 4005 822 4060 et
841 3997 1107 4061 communicare
1127 3997 1221 4078 apud
1240 4005 1392 4075 nostros,
1408 3996 1455 4060 ad
1477 4013 1565 4077 quos

338 4104 494 4188 quotidie
509 4104 712 4184 accedebat,
730 4113 767 4168 ut
783 4103 956 4169 auxilium
967 4104 1014 4168 ad
1028 4102 1226 4185 proiectum
1241 4103 1461 4184 spiritualem
1476 4102 1566 4167 acci·

339 4219 452 4294 peret.

401 4319 488 4384 1744.
531 4318 608 4384 Non
636 4321 853 4385 existimavit
873 4329 994 4383 tamen
1014 4317 1144 4382 Rector
1163 4317 1370 4398 ingolstadii
1394 4333 1468 4381 non
1489 4334 1568 4382 esse

339 4427 606 4508 admittendum;
622 4428 686 4492 sed
705 4429 750 4493 ad
770 4429 806 4492 P.
831 4427 1015 4492 Canisium
1034 4426 1077 4490 de
1098 4443 1140 4490 eo
1160 4427 1313 4506 scripsit,
1329 4435 1369 4490 ut
1390 4424 1568 4490 Viennam

377 4603 386 4632 ¹
417 4599 444 4643 ln
456 4599 582 4654 borglana
592 4599 692 4643 lamllln
702 4597 819 4642 Gandlae
829 4598 897 4642 hunc
913 4599 991 4642 ritum
1001 4597 1144 4652 antiquitus
1160 4597 1301 4641 invaluisse
1316 4597 1423 4641 tradunt
1436 4602 1565 4651 auctores,

335 4671 401 4716 unde
411 4671 506 4716 sensim
517 4670 571 4715 siae
582 4679 658 4714 aenan
668 4670 702 4714 ad
711 4671 777 4716 allos
787 4670 935 4714 derivatum
946 4669 1024 4714 luisse
1034 4668 1158 4713 credibile
1168 4675 1217 4713 est.
