3642 5350
289 386 345 467 7OE
466 466 471 477 ,
747 402 876 465 Canon.
894 404 974 466 Soc'
991 403 1062 479 Jns.

292 550 338 617 ad
362 551 574 617 feminarum
600 550 869 616 instructionem
888 550 1160 633 deputaverant.
1175 549 1344 633 Utrisque
1363 550 1518 633 quotidie

291 660 478 741 intemplo
504 668 628 724 nostro
647 656 842 723 christiana
861 657 1026 723 doctrina
1046 657 1303 740 explicabatur,
1327 659 1386 724 cui
1409 659 1518 723 etiam

291 768 350 832 alii
365 766 641 832 christianorum
655 764 718 830 filii
731 764 892 830 aderant.

355 872 448 937 3389.
497 871 649 953 Quidam
676 880 796 937 autem
823 888 869 936 ex
899 872 1051 953 nostris,
1080 890 1152 937 non
1180 872 1329 955 ignarus
1359 872 1518 955 ipsorum

291 984 452 1063 linguae,
465 980 652 1062 aliquoties
666 980 703 1045 in
716 978 939 1045 hebdomada
954 980 1006 1044 eis
1026 981 1176 1046 verbum
1193 978 1262 1045 Dei
1275 979 1518 1062 praedicabat;

291 1089 415 1155 diebus
430 1098 548 1153 autem
562 1086 751 1157 dominicis
771 1097 806 1151 et
819 1086 920 1151 sestis
932 1086 970 1152 id
987 1088 1104 1168 ipsum
1123 1086 1217 1169 apud
1230 1088 1368 1170 plenius
1383 1086 1520 1153 audito·

290 1198 384 1263 rium
399 1196 556 1261 omnium
570 1196 846 1261 christianorum
859 1196 1078 1277 praestabat.

351 1303 443 1369 3390.
486 1304 527 1369 In
542 1303 647 1369 rebus
661 1304 769 1368 etiam
783 1303 1038 1385 temporalibus
1058 1305 1171 1369 nostri
1186 1302 1448 1369 catechumenis
1463 1322 1519 1369 ne·

293 1412 452 1479 cessaria
471 1409 749 1493 prospiciebant,
770 1411 926 1493 quandiu
948 1410 1187 1476 catechismus
1210 1409 1378 1492 durabat;
1400 1421 1521 1478 vestes

292 1521 400 1585 etiam
411 1518 473 1599 eis,
486 1519 547 1601 qui
557 1518 840 1600 baptizabantur,
854 1528 889 1583 et
900 1518 1159 1584 medicamenta
1170 1519 1386 1601 pauperibus
1397 1535 1521 1600 aegro·

293 1628 461 1703 tantibus;
478 1635 512 1691 et
526 1625 668 1691 demum
682 1626 801 1691 omnia
816 1625 1020 1691 necessaria
1031 1626 1082 1690 eis
1094 1626 1280 1691 curabant.

353 1733 446 1800 3391.
489 1733 526 1797 Ρ.
553 1733 769 1798 Franciscus
793 1733 971 1816 Enriquez
989 1734 1073 1798 huic
1091 1732 1211 1800 domui
1230 1734 1422 1814 praeerat¹
1441 1752 1523 1799 cum

295 1844 367 1908 alio
391 1841 576 1907 sacerdote
596 1842 708 1918 socio,
729 1840 857 1923 quibus
875 1852 910 1906 et
930 1841 1056 1905 tertius
1070 1841 1114 1905 de
1133 1838 1312 1905 Societate
1332 1841 1445 1906 laicus
1464 1842 1523 1907 ad·

292 1950 436 2033 junctus
449 1957 538 2029 erat,
553 1948 703 2013 etmulti
718 1948 764 2014 ad
776 1948 908 2013 Christi
923 1949 1142 2029 religionem,
1159 1966 1282 2014 eorum
1296 1966 1425 2031 opera,
1442 1967 1524 2014 con-

295 2057 526 2123 vertebantur
541 2065 575 2120 et
590 2056 626 2120 in
640 2056 765 2121 eadem
779 2056 1098 2121 conservabantur.

355 2164 447 2228 3392.
490 2163 579 2229 Cum
599 2180 642 2228 eo
660 2164 816 2227 venisset
835 2162 874 2227 P.
896 2163 1076 2228 Gonzalus
1090 2162 1114 2241 ¹,
1130 2162 1379 2244 Prouincialis,
1396 2182 1443 2229 ex
1455 2164 1522 2245 his,

297 2274 358 2354 qui
372 2271 536 2337 instructi
550 2278 663 2351 erant,
680 2270 918 2352 quadraginta
932 2271 1086 2353 quinque
1101 2272 1304 2336 solemniter
1318 2271 1524 2353 baptizavit.

297 2380 419 2445 Mense
434 2378 628 2443 Novembri
641 2394 684 2441 eo
698 2378 874 2459 pervenit,
891 2388 926 2442 et
939 2388 1048 2442 noctu
1063 2388 1168 2459 atque
1183 2376 1335 2443 interdiu
1347 2395 1428 2443 cum
1442 2377 1526 2443 saci·

185 2507 190 2517 ·
297 2489 364 2553 bus
383 2485 428 2550 ad
447 2503 528 2551 eum
546 2486 636 2549 mari
657 2495 692 2549 et
710 2496 806 2549 terra
831 2485 1080 2565 excipiendum
1098 2495 1347 2565 occurrerunt,
1367 2485 1431 2550 sed
1451 2486 1527 2567 ipse

298 2597 544 2677 inexpectatus
567 2594 644 2675 ipso
665 2592 721 2656 die
740 2590 823 2656 5³⁸0
849 2591 1137 2657 Catharinae'ad
1160 2610 1223 2657 eos
1246 2594 1361 2673 venit,
1382 2602 1418 2657 et
1437 2594 1526 2657 chri·

299 2703 425 2769 stianis
438 2701 670 2767 concionatus
684 2708 749 2779 est,
765 2701 825 2781 qui
841 2718 905 2764 suo
923 2718 1022 2765 more
1043 2699 1055 2732 ³
1074 2701 1233 2766 buccinis
1253 2713 1360 2783 atque
1380 2702 1459 2766 aliis
1477 2702 1527 2764 in·

298 2811 504 2878 strumentis
531 2809 676 2896 musicis
704 2826 785 2872 eum
813 2809 1043 2873 honorarunt.
1071 2809 1106 2874 A
1129 2810 1279 2891 prandio
1312 2827 1417 2887 vero,
1448 2826 1529 2874 cum

300 2935 451 2999 magnus
465 2935 634 2983 numerus
650 2918 831 2997 utriusque
846 2933 954 2980 sexus
969 2924 1003 2980 et
1022 2919 1359 2982 catechumenorum
1372 2918 1529 2982 venisset

301 3038 335 3092 et
351 3026 473 3091 ordine
488 3043 554 3089 suo
568 3024 733 3104 sedisset,
749 3023 860 3087 frater
875 3025 933 3087 ille
947 3037 1082 3103 noster,
1099 3025 1160 3106 qui
1174 3025 1332 3106 linguam
1352 3026 1438 3107 ipsis
1453 3042 1529 3090 ver·

301 3135 466 3200 naculam
481 3119 639 3212 tenebat,
661 3131 697 3195 in
712 3129 836 3195 eadem
850 3131 1050 3196 doctrinam
1065 3133 1296 3198 christianam
1317 3133 1529 3214 explicabat,

303 3243 408 3324 idque
428 3248 527 3305 tanto
552 3256 634 3303 cum
655 3239 797 3302 fervore
822 3247 856 3302 et
880 3239 1022 3303 actione
1047 3250 1121 3305 tam
1145 3241 1336 3321 concinna,
1360 3250 1399 3304 ut
1423 3241 1532 3306 etiam

302 3351 419 3432 ipsum
439 3347 477 3412 P.
500 3347 714 3424 Gonzalum,
738 3364 809 3409 non
829 3346 1099 3427 intelligentem,
1123 3348 1169 3412 ad
1189 3365 1357 3429 magnam
1376 3348 1531 3413 devotio·

301 3474 383 3521 nem
399 3455 641 3520 commoverit.

360 3563 452 3627 3393.
495 3563 533 3626 ln
552 3561 643 3625 festo
663 3569 792 3640 autem,
816 3561 911 3642 quod
932 3561 1143 3642 Expectatio
1168 3560 1375 3628 Natiuitatis
1390 3562 1531 3627 Domini

301 3670 442 3749 dicitur,
459 3685 580 3735 mense
595 3667 784 3732 Decembri
799 3669 903 3748 (quae
918 3679 995 3731 erat
1009 3669 1182 3733 ecclesiae
1205 3668 1309 3750 hujus
1329 3670 1533 3749 invocatio),

302 3781 371 3842 huc
396 3776 553 3842 Bazaino
578 3775 682 3839 rediit
707 3775 744 3838 P.
772 3773 952 3838 Gonzalus
977 3776 1143 3855 (quatuor
1163 3779 1256 3841 enim
1280 3779 1389 3841 leucis
1410 3777 1535 3843 Tanaa

301 3885 383 3950 iude
397 3882 579 3962 distabat);
597 3881 880 3946 Gubernatorem
902 3882 1018 3963 ipsum
1033 3884 1210 3964 invitavit,
1228 3885 1299 3966 qui,
1316 3901 1398 3950 cum
1414 3903 1533 3950 nume·

301 4009 384 4056 rosa
395 3991 578 4055 nobilitate
590 4008 632 4053 eo
644 3989 801 4068 veniens,
812 3989 1057 4068 vespertinum
1068 3989 1220 4054 officium
1232 3993 1447 4072 solemniter,
1460 4009 1534 4056 mu·

301 4101 378 4165 sica
389 4099 499 4180 ipsius
512 4097 770 4162 Gubernatoris
782 4097 953 4176 adhibita,
967 4114 1057 4177 quae
1070 4100 1203 4180 optima
1215 4109 1304 4180 erat,
1319 4099 1535 4164 celebratum

302 4208 365 4273 suit
386 4211 409 4271 ⁴.
431 4204 605 4270 Postridie
627 4214 756 4284 autem,
779 4214 858 4285 post
878 4204 1025 4268 Missam
1048 4204 1302 4287 episcopalem,
1327 4207 1537 4271 concionem

308 4367 521 4380 0-——2—

345 4451 352 4482 ⁴
382 4449 448 4493 Vide
458 4459 546 4504 supra,
558 4453 576 4492 t.
584 4459 611 4502 v,
622 4458 685 4504 pag.
693 4447 743 4500 ⁶⁶9,
753 4459 777 4490 n.
790 4447 848 4491 1848.

344 4524 355 4554 ¹
382 4521 410 4567 P.
422 4520 568 4566 Contalvus
578 4519 609 4564 de
621 4519 753 4576 Sylveira.

345 4593 356 4626 ¹
385 4591 612 4647 mquisuoore.

347 4665 359 4701 ⁴
385 4663 726 4721 &celebrataesuerunh
