3642 5350
341 354 378 412 72
790 351 918 412 Canon.
945 351 1021 412 Soc.
1047 353 1118 426 Jas.

340 498 518 578 Episcopo
538 497 715 561 Camerini
737 505 745 538 ¹
767 515 847 562 cum
871 499 949 561 aliis
964 514 1116 578 magnae
1137 498 1374 563 aedificationi
1395 499 1427 561 id
1449 499 1526 579 suit;
1551 517 1573 562 a

341 622 513 684 quocum
541 605 794 668 humanissime
825 614 997 684 exceptus
1026 603 1162 683 suisset,
1192 615 1227 668 et
1255 607 1298 668 de
1327 605 1570 687 spiritualibus

341 712 519 775 exercitiis
533 711 757 791 peculiariter
774 713 1025 792 interrogatus
1049 713 1101 776 sic
1124 712 1289 776 disseruit
1304 723 1342 776 ut
1359 714 1569 794 Episcopus,

340 837 423 883 cum
441 820 594 899 primum
612 817 762 882 Romam
788 819 935 898 veniret,
962 836 1000 883 se
1023 836 1066 882 ea
1086 822 1347 900 postulaturum
1368 819 1571 885 affirmaret.

341 925 411 990 Sed
425 926 551 990 miram
567 925 848 990 aedificationem
867 943 905 989 se
927 927 1109 1006 accepisse
1122 926 1320 1007 Episcopus
1340 928 1505 1006 ostendit,
1522 928 1571 991 ita

341 1041 378 1095 ut
394 1052 437 1097 ne
453 1052 473 1096 a
488 1035 658 1114 lacrymis
672 1033 813 1114 quidem
828 1041 1052 1113 temperaret,
1070 1050 1149 1096 cum
1165 1034 1364 1114 ingressum
1381 1031 1570 1098 Societatis

341 1139 486 1204 Domini
510 1140 720 1220 Hieronymi
746 1140 789 1204 de
814 1139 1013 1204 Choloredo
1038 1140 1268 1203 intellexisset
1286 1143 1313 1220 ',
1336 1148 1371 1205 et
1395 1140 1514 1204 dolere
1533 1159 1572 1204 se

340 1229 566 1326 significabat
581 1248 676 1328 quod
690 1265 761 1311 non
775 1247 867 1311 idem
884 1247 959 1328 ipse
974 1246 1093 1310 facere
1107 1256 1240 1327 posset.

382 1354 453 1418 224.
496 1355 579 1418 Inde
590 1355 783 1418 Lauretum
794 1371 948 1435 pergens
963 1367 998 1418 et
1010 1355 1227 1435 aliquamdiu
1237 1354 1366 1418 ibidem
1378 1372 1574 1418 commora-

341 1473 410 1540 tuS,
426 1460 520 1540 Majo
536 1479 656 1526 mense
672 1461 863 1526 Meldulam
880 1462 1052 1542 pervenit,
1075 1462 1134 1525 ubi
1150 1463 1354 1541 assignatus
1368 1471 1421 1526 est
1436 1463 1470 1524 ei
1490 1479 1572 1524 cum

341 1569 439 1631 socio
453 1569 553 1632 locus
577 1569 731 1648 quidam,
759 1569 818 1648 qui
843 1567 909 1632 S.²⁰
925 1568 1048 1632 Rocho
1069 1569 1209 1632 dicatus
1234 1579 1321 1642 erat,
1338 1578 1372 1632 et
1388 1569 1573 1649 hospitalis

341 1677 437 1738 velut
461 1677 658 1739 membrum
682 1685 769 1756 erat,
794 1676 853 1739 ubi
878 1676 1027 1739 ecclesia
1045 1692 1171 1755 parva,
1197 1693 1277 1739 cum
1298 1676 1516 1739 habitatione
1538 1685 1572 1739 et
1668 1689 1672 1697 ·

342 1782 444 1846 horto
467 1783 652 1846 commodo
670 1783 706 1846 in
728 1791 812 1848 aere
832 1783 976 1861 salubri,
994 1792 1081 1862 erat;
1100 1792 1134 1846 et
1153 1782 1242 1846 haec
1265 1782 1453 1846 videbatur
1469 1799 1570 1846 mens

339 1906 418 1952 esse
433 1889 577 1953 Domini
587 1890 744 1954 Leonelli
762 1889 825 1969 Pii,
842 1899 880 1952 ut
894 1907 937 1953 eo
951 1891 987 1952 in
1001 1891 1080 1952 loco
1092 1888 1251 1953 Societas
1266 1899 1436 1970 maneret,
1453 1907 1572 1970 quam·

341 1995 396 2058 vis
407 1997 523 2074 potius
540 2005 578 2059 ut
589 1996 634 2059 ad
649 1997 852 2060 missionem
865 1997 1056 2077 quamdam
1071 1997 1199 2059 missus
1215 1995 1252 2059 P.
1266 1996 1415 2060 Fulvius
1426 2014 1507 2060 cum
1518 2015 1573 2059 so·

339 2103 396 2164 cio
407 2102 570 2166 videatur
582 2101 604 2163 ³.
619 2101 834 2183 Suggestum
847 2113 964 2167 tamen
979 2113 1015 2166 et
1026 2102 1147 2166 sedem
1158 2101 1440 2167 confessionibus
1452 2111 1571 2181 aptam

338 2219 374 2272 et
400 2209 469 2271 alia
495 2212 698 2274 necessaria
723 2209 851 2273 ibidem
878 2210 998 2290 parari
1018 2207 1056 2272 Ρ.
1077 2208 1224 2272 Fulvius
1242 2210 1393 2288 curavit,
1420 2208 1570 2290 dequo,

338 2325 484 2397 propter
514 2316 736 2381 doctoratum
760 2326 795 2380 et
825 2317 1075 2380 canonicatum
1101 2317 1263 2380 relictum
1287 2315 1311 2395 ⁴,
1338 2333 1469 2397 magna
1496 2327 1574 2380 erat

339 2422 432 2503 apud
448 2426 616 2503 populum
630 2408 728 2487 il'lum
743 2424 970 2488 existimatio.

399 2530 471 2594 225.
515 2531 664 2595 Curavit
691 2541 809 2594 autem
834 2541 873 2595 ut
894 2532 1201 2595 administratores
1227 2530 1413 2611 hospitalis
1432 2530 1573 2594 confite·

338 2647 460 2701 rentur
476 2646 509 2701 et
525 2639 840 2718 communicarent,
857 2648 891 2702 et
908 2638 954 2701 ad
969 2637 1171 2719 frequenter
1188 2636 1222 2700 id
1243 2637 1419 2718 agendum
1438 2655 1500 2701 eos
1514 2638 1572 2701 ad·

337 2744 468 2808 ducere
483 2746 671 2808 nitebatur.
689 2744 799 2809 Immo
818 2756 853 2807 et
868 2743 1044 2808 Dominus
1062 2745 1250 2808 Leonellus
1265 2762 1348 2808 cum
1368 2761 1492 2823 uxore,
1513 2744 1573 2824 pia

337 2853 373 2935 in
388 2852 512 2931 primis
527 2861 701 2932 matrona,
718 2852 833 2915 eidem
848 2851 886 2915 P.
904 2851 1035 2915 Fulvio
1048 2852 1286 2932 promiserunt
1301 2852 1392 2914 velle
1406 2868 1445 2915 se
1456 2868 1573 2914 sacra-

338 2967 456 3022 menta
470 2968 595 3023 sancta
610 2958 846 3039 frequentare,
860 2968 894 3022 et
909 2959 944 3021 in
960 2959 1065 3022 rebus
1076 2956 1220 3037 majoris
1235 2958 1403 3021 momenti
1417 2959 1567 3021 libenter

337 3066 520 3129 consilium
538 3064 710 3146 praedicti
725 3064 842 3129 Patris
856 3066 1081 3129 admittentes
1096 3064 1118 3142 ⁵,
1136 3083 1177 3128 eo
1193 3066 1270 3144 ipso
1291 3065 1385 3145 apud
1399 3066 1570 3146 populum

338 3171 508 3250 majorem
524 3173 771 3236 auctoritatem
787 3172 854 3253 ipsi
869 3173 1118 3235 conciliabant.

399 3278 469 3341 226.
514 3278 647 3343 Diebus
663 3289 780 3343 autem
796 3278 985 3342 dominicis
999 3290 1034 3341 et
1049 3278 1150 3342 festis
1162 3296 1259 3342 nunc
1271 3278 1346 3358 ipse
1358 3276 1396 3341 P.
1412 3276 1571 3353 Fulvius

337 3402 431 3448 nunc
456 3386 574 3448 socius
598 3385 769 3465 IgnatiuS,
792 3386 1108 3466 concionabantur;
1130 3395 1165 3448 et
1191 3384 1334 3465 quidem
1353 3385 1514 3468 Joannes
1536 3385 1574 3447 in

338 3494 455 3572 platea
481 3509 563 3556 cum
587 3510 718 3573 magna
746 3492 994 3557 aedificatione
1018 3491 1055 3554 id
1083 3492 1289 3572 praestabat
1313 3489 1344 3554 ⁰:
1372 3490 1572 3555 alternatim

338 3607 457 3662 autem
473 3600 597 3663 concio
613 3600 657 3663 de
672 3600 868 3665 christiana
884 3600 1046 3663 doctrina
1062 3608 1097 3661 et
1112 3598 1191 3661 aliis
1207 3599 1250 3662 de
1265 3599 1370 3662 rebus
1386 3598 1500 3663 tiebat.

380 3876 388 3908 ¹
416 3876 483 3921 Erat
499 3876 629 3921 lietardus
643 3876 829 3931 Bongiovannl.
845 3876 912 3919 Vide
927 3874 1048 3918 Litterae
1063 3872 1293 3927 Quadrimestres,
1309 3880 1328 3919 t.
1343 3886 1378 3929 rv,
1394 3886 1455 3930 pac.
1467 3876 1516 3929 5η,
1527 3886 1573 3919 an·

340 3956 392 3993 not.
405 3949 424 4003 l;
436 3956 463 3993 et
474 3949 551 4001 infra,
563 3961 588 3991 n.
599 3948 647 3991 270.

379 4018 391 4051 ¹
417 4020 456 4063 De
466 4032 515 4075 quo
526 4022 622 4065 mentio
633 4022 704 4064 iacta
715 4026 754 4063 est
765 4030 851 4072 supra,
862 4030 923 4074 pag,
932 4018 955 4072 5,
966 4030 990 4061 n.
1000 4018 1023 4062 ³.

379 4090 391 4121 ³
418 4092 484 4136 Vide
496 4093 566 4137 dicta
575 4103 663 4147 supra.
672 4103 731 4146 pag.
741 4091 776 4143 30,
785 4102 809 4134 n.
819 4090 857 4134 80.

379 4164 390 4195 ⁴
417 4163 455 4207 Cf.
468 4164 588 4207 Orrvaarr
596 4162 725 4214 Mannum,
733 4163 949 4207 Commentarius
958 4163 992 4206 de
1001 4163 1081 4206 rebus
1092 4162 1293 4219 Societatis,§8;
1305 4169 1331 4207 et
1343 4162 1368 4204 in
1378 4161 1427 4205 hoc
1439 4160 1576 4212 Chronico,

339 4240 358 4279 t.
370 4244 404 4288 iv,
413 4244 478 4289 pag.
488 4236 523 4287 ta,
532 4248 556 4279 n.
566 4236 604 4278 83.

383 4306 394 4338 ⁵
421 4305 637 4353 Mauritaniam.

383 4378 395 4411 ⁶
422 4378 507 4423 Tanta
519 4380 542 4423 ln
553 4381 661 4424 dicendo
671 4379 754 4423 irater
763 4378 875 4431 Joannes
886 4378 1004 4431 ignatius
1017 4379 1044 4422 vi
1061 4384 1087 4423 et
1102 4380 1191 4433 gratia
1206 4380 1329 4433 pollebat.
1344 4384 1373 4423 ut
1389 4390 1438 4422 non
1448 4379 1574 4423 dubitarit

339 4452 447 4497 Fuluius
458 4452 600 4495 Androtlus
610 4452 676 4495 haec
686 4452 800 4495 scribere
814 4450 934 4498 Polanco.
945 4451 1093 4505 willigunt
1105 4450 1164 4494 1⁵56:
1178 4451 1228 4494 “Ne
1240 4452 1274 4494 mi
1291 4462 1354 4505 pare
1365 4451 1461 4494 lasclar
1471 4451 1496 4493 di
1507 4450 1573 4494 dirle

336 4526 385 4569 che
396 4526 414 4568 ll
424 4524 528 4567 fratello
538 4523 666 4567 Giovanni
675 4530 717 4567 sta
727 4524 791 4567 bene
804 4529 830 4565 et
845 4523 951 4576 predlca
966 4534 1014 4565 coo
1029 4530 1102 4566 tanto
1117 4522 1210 4577 spiritu
1224 4523 1272 4566 che
1283 4523 1318 4566 ml
1329 4521 1485 4577 maravlglio
1500 4533 1571 4566 come

337 4600 405 4638 tutte
421 4604 510 4649 queste
527 4595 597 4648 genti
612 4606 660 4637 non
673 4594 695 4637 si
711 4602 870 4638 convertano
887 4606 902 4638 a
918 4593 966 4637 Dio
982 4593 1075 4637 Nostro
1091 4592 1208 4646 signore.
1226 4592 1310 4637 Credo
1324 4593 1395 4637 saria
1414 4594 1493 4637 molto
1507 4593 1574 4637 bene
