3642 5350
345 402 399 463 456
801 400 931 463 Canon.
952 402 1029 463 Soc.
1048 402 1119 477 Jns.

344 548 432 611 tium
452 546 656 625 videbatur,
678 554 717 609 ut
741 545 927 627 utriusque
951 564 1060 629 opera
1084 548 1217 612 utiliter
1243 547 1386 609 omuino
1409 543 1578 608 collocari

344 654 381 717 in
405 654 504 717 curia
529 654 722 717 videretur.
752 652 792 717 Si
816 655 910 718 enim
940 656 1028 717 haec
1049 654 1220 717 admissio
1244 670 1315 715 non
1336 651 1574 730 obtinebatur,

346 760 524 841 Episcopi,
536 760 651 839 magis
663 776 770 839 quam
781 777 938 841 unquam
951 761 1052 838 alias,
1061 760 1222 825 difficiles
1232 775 1271 822 se
1282 758 1472 821 exhibituri
1482 758 1576 821 vide·

342 867 483 945 bantur,
500 884 566 930 nec
578 869 692 929 solum
708 868 876 946 collegia,
893 867 956 930 sed
970 884 1115 948 operam
1130 868 1237 931 etiam
1252 874 1454 928 nostrorum
1468 866 1505 928 in
1520 883 1574 928 co-

344 974 449 1037 lenda
465 971 609 1037 Domini
624 974 730 1037 vinea
745 974 992 1037 exclusissent.

407 1079 494 1143 1963.
538 1080 774 1145 Nihilominus
790 1079 827 1145 Ρ.
844 1080 1110 1161 Ribadeneyra,
1127 1098 1209 1145 cum
1228 1091 1368 1162 tempus
1387 1078 1576 1143 confitendi

344 1187 543 1268 accederet,
560 1197 595 1251 et
609 1188 742 1253 familia
758 1188 905 1253 Comitis
921 1188 1058 1265 Feriae,
1076 1206 1168 1271 quae
1182 1191 1301 1269 ampla
1315 1196 1408 1266 erat,
1428 1204 1511 1251 eum
1523 1205 1574 1251 ro-

344 1303 477 1373 gasset,
492 1303 529 1359 ut
544 1296 720 1358 rationem
730 1296 819 1359 bene
835 1296 1073 1359 instituendae
1089 1295 1323 1359 confessionis
1332 1312 1394 1357 eos
1406 1293 1576 1369 erudiret,

344 1402 380 1464 in
395 1402 528 1465 sacello
550 1402 720 1482 quodam,
741 1422 760 1465 e
779 1403 926 1482 regione
949 1403 1059 1483 ipsius
1083 1403 1210 1466 domus
1229 1401 1379 1466 Comitis
1398 1403 1480 1479 sito,
1496 1417 1577 1465 con-

345 1507 484 1572 cionem
498 1508 637 1587 habuit,
655 1526 761 1589 quam
776 1519 810 1573 et
825 1508 959 1573 familia
976 1508 1126 1573 Comitis
1140 1517 1175 1572 et
1197 1509 1258 1572 alii
1271 1508 1373 1573 multi
1391 1507 1578 1571 audierunt

344 1630 425 1677 cum
440 1632 510 1678 non
525 1615 696 1679 mediocri
710 1632 833 1679 eorum
848 1625 884 1679 et
902 1615 1146 1679 satisfactione
1166 1625 1202 1679 et
1223 1615 1359 1679 fructu:
1380 1615 1474 1696 quod
1496 1631 1577 1678 cum

343 1719 471 1784 Comes
486 1722 706 1799 rescivisset,
723 1724 818 1785 misit
833 1723 877 1785 ad
894 1722 932 1787 P.
949 1722 1234 1803 Ribadeneyram
1246 1731 1281 1786 et
1292 1721 1387 1803 apud
1397 1738 1478 1785 eum
1494 1738 1577 1785 con·

344 1836 488 1909 questus
502 1838 567 1909 est,
584 1829 679 1910 quod
698 1847 824 1909 parum
840 1829 1027 1894 charitatis
1044 1830 1111 1909 ipsi
1132 1829 1366 1906 exhibuisset,
1382 1846 1454 1892 non
1469 1828 1577 1907 signi·

344 1934 495 2015 ficando,
508 1935 601 2017 quod
616 1936 824 2000 concionem
839 1937 936 2000 illam
950 1946 1044 2000 esset
1056 1936 1255 2014 habiturus,
1268 1946 1307 2001 ut
1318 1937 1394 2017 ipse
1405 1935 1577 1999 interesse

343 2052 482 2123 posset;
497 2043 577 2122 sed,
593 2045 771 2123 postulata
786 2044 909 2121 venia,
926 2043 965 2106 P.
982 2041 1251 2124 Ribadeneyra,
1267 2044 1335 2124 ,qui
1351 2042 1578 2107 existimabat

344 2165 424 2211 eum
451 2167 523 2213 non
546 2150 797 2214 interfuturum
822 2148 829 2181 ¹
850 2150 956 2214 facile
976 2151 1133 2230 suppleri
1156 2167 1274 2231 posse,
1300 2149 1396 2229 quod
1420 2158 1577 2213 erratum

344 2266 433 2332 orat,
449 2254 644 2333 admonuit,
662 2257 956 2337 quandocumque
970 2256 1036 2337 ipsi
1053 2257 1221 2335 placeret.

407 2361 495 2427 1964.
538 2362 627 2427 Tam
649 2373 767 2426 autem
785 2364 861 2441 ipse
882 2380 989 2442 quam
1005 2362 1043 2425 P.
1060 2362 1264 2427 Bernardus
1287 2362 1471 2441 audiendis
1495 2379 1575 2425 con-

345 2468 559 2533 fessionibus
579 2470 764 2533 curialium
781 2480 956 2533 vacarunt
973 2488 980 2548 ;
1006 2487 1077 2533 non
1102 2468 1247 2551 [tamen]
1267 2479 1321 2533 est
1344 2470 1578 2533 concionatus

344 2576 483 2654 publice
497 2575 566 2639 hac
581 2575 863 2655 Quadragesima
884 2576 1072 2655 BruxelliS,
1089 2577 1238 2640 libenter
1258 2576 1391 2657 alioqui
1410 2575 1446 2638 id
1466 2574 1577 2638 sactu·

344 2701 420 2759 rus,
438 2684 531 2764 quod
546 2685 654 2748 elaris
669 2685 990 2760 concionatoribus,
1008 2695 1045 2747 ut
1060 2685 1230 2760 diximuS,
1247 2685 1347 2748 curia
1362 2684 1572 2770 abundaret.

387 2791 471 2856 1965.
513 2791 777 2856 Tractabantur
792 2801 907 2854 autem
924 2809 946 2854 a
958 2792 1096 2855 Comite
1111 2793 1200 2856 mira
1216 2792 1428 2855 liberalitate
1442 2800 1476 2854 et
1492 2790 1575 2854 cha·

342 2898 458 2976 ritate;
474 2915 540 2961 nec
555 2899 649 2962 enim
664 2907 852 2962 contentus
871 2898 937 2962 suit
955 2899 1052 2980 quod
1066 2899 1210 2962 domum
1229 2899 1334 2962 valde
1351 2897 1575 2962 commodam

343 3001 503 3086 [parari],
520 3012 555 3067 et
569 3005 773 3068 necessaria
787 3005 920 3068 nostris
934 3006 1195 3069 subministrari
1207 3005 1379 3085 jusserat;
1402 3005 1465 3068 sed
1485 3005 1576 3084 ipse·

344 3119 415 3173 met
429 3111 474 3173 ad
490 3120 693 3174 nostrorum
708 3111 963 3175 habitationem
981 3112 1185 3191 videndam,
1205 3121 1245 3175 ut
1263 3112 1418 3189 videret,
1439 3111 1470 3174 si
1492 3111 1575 3192 quid

343 3217 493 3294 deesset,
509 3218 618 3295 venit,
631 3226 670 3312 ¹et
684 3219 774 3281 haec
789 3226 823 3282 et
838 3219 910 3297 illa,
926 3237 1017 3298 quae
1039 3219 1107 3300 ipsi
1129 3217 1341 3282 videbantur
1361 3229 1574 3299 opportuna,

344 3322 463 3388 curari
474 3322 629 3404 jubebat,
644 3333 678 3388 et
689 3323 764 3404 ejus
779 3325 931 3388 ministri
942 3327 978 3388 in
989 3327 1057 3388 hoc
1068 3335 1206 3389 tantum
1217 3324 1479 3390 contendebant
1495 3341 1576 3388 cum

344 3431 487 3509 nostriS,
504 3431 598 3511 quod
612 3448 683 3495 non
698 3432 816 3495 omnia
828 3433 887 3495 illa
903 3431 1141 3509 admitterent,
1158 3449 1250 3514 quae
1264 3432 1471 3496 offerebant.

407 3535 493 3599 1966.
539 3536 673 3601 Crebro
687 3539 794 3602 etiam
809 3550 844 3602 et
859 3539 964 3603 valde
983 3537 1206 3602 familiariter
1224 3549 1367 3602 nostros
1387 3539 1575 3614 invisebat,

343 3654 379 3706 et
393 3645 512 3708 omnia
527 3661 608 3722 sua,
626 3654 664 3708 ut
678 3663 760 3709 cum
775 3657 887 3726 patre,
910 3645 1136 3725 conserebat,
1157 3646 1252 3727 quod
1270 3646 1516 3711 admirationis
1538 3646 1575 3709 in

343 3751 464 3814 multis
478 3769 587 3814 causa
603 3762 690 3830 erat,
707 3761 852 3833 propter
866 3769 1036 3833 magnam
1051 3754 1164 3834 ipsius
1183 3732 1432 3817 auctoritatem
1447 3763 1483 3817 et
1496 3769 1575 3832 gra·

344 3855 430 3920 tiam
445 3856 539 3937 apud
555 3856 699 3937 Regem.

407 3963 496 4028 1967.
540 3964 751 4044 impetratae
772 3965 914 4031 luerunt
933 3968 1073 4031 litterae
1093 3985 1115 4031 a
1136 3967 1235 4046 Rege
1256 3966 1419 4047 Philippo
1435 3966 1481 4029 ad
1495 3965 1577 4029 Pro-

343 4087 466 4152 regem
474 4069 643 4152 Neapolis
656 4081 696 4135 ut
710 4073 768 4136 illa
782 4085 935 4153 quatuor
946 4075 1056 4138 millia
1068 4074 1289 4153 ducatorum,
1304 4075 1349 4137 ab
1360 4072 1578 4154 Imperatore

342 4177 541 4242 concessa¹
561 4178 597 4241 in
617 4196 721 4242 usum
736 4179 899 4260 Collegii,
923 4181 1125 4245 executioni
1138 4191 1282 4244 curaret
1301 4181 1465 4244 mandari
1482 4196 1489 4259 ;
1517 4178 1580 4242 sed

343 4301 424 4349 cum
435 4286 669 4350 successisset
682 4284 766 4350 Dux
773 4285 1095 4352 AlbanusDomino
1105 4288 1326 4352 Bernardino
1338 4288 1382 4351 de
1392 4286 1578 4364 Mendoza,

384 4563 390 4594 Ι
420 4561 468 4605 Mt.
480 4563 521 4605 int
538 4574 552 4603 r
569 4573 597 4605 ss
616 4594 621 4607 .

381 4633 393 4664 ¹
419 4633 486 4678 Vide
496 4574 584 4689 ruptae,
596 4575 657 4691 ξπ,
668 4647 729 4692 pag.
739 4637 785 4690 179,
794 4648 817 4682 n.
828 4637 877 4692 378,
888 4644 916 4682 et
927 4649 987 4694 paz.
998 4636 1045 4690 187,
1056 4649 1080 4681 n.
1089 4637 1139 4690 899,
1147 4643 1174 4681 et
1184 4643 1204 4681 t.
1214 4647 1251 4689 ru.
1262 4647 1323 4691 paz.
1336 4634 1433 4688 lasloe,
1441 4647 1467 4683 n.
1476 4633 1576 4679 usam
