3642 5350
353 466 408 527 700
809 465 938 527 Cnaou.
958 462 1035 524 Soc.
1056 462 1126 539 Jas.

414 612 506 678 3031.
550 612 682 695 Magno
698 612 828 679 affectu
842 621 1003 677 nostram
1016 610 1232 676 Societatem
1242 609 1423 691 diligebat,
1440 620 1475 675 et
1493 610 1584 675 solli·

354 723 424 787 cite
439 740 511 787 non
524 723 640 788 solum
654 739 745 804 quae
760 720 805 785 ad
819 722 966 800 victum,
990 718 1050 783 sed
1074 736 1165 800 quae
1185 718 1230 783 ad
1245 718 1440 785 medicinas
1454 735 1586 799 aegro·

354 830 504 894 tantium
519 838 554 895 et
569 846 627 894 res
642 830 731 894 alias
746 828 968 895 necessarias
983 826 1208 907 spectabant,
1228 844 1275 891 ex
1295 827 1428 907 palatio
1448 828 1582 891 nostris

353 938 672 1018 prospiciebantur:
689 955 779 1019 quae
793 937 901 1001 etiam
916 935 961 999 ad
977 933 1177 1000 aedificium
1198 932 1324 998 domus
1347 944 1491 999 nostrae
1504 952 1580 1016 per·

352 1044 523 1124 tinebant,
535 1042 611 1124 ejus
625 1043 751 1109 domus
766 1044 932 1126 expensis
951 1041 1095 1106 fiebant.

411 1150 501 1215 3032.
545 1150 634 1216 Cum
653 1152 796 1233 quidam
821 1150 1054 1215 concionator
1073 1149 1193 1213 verbis
1211 1165 1335 1213 eorum
1353 1148 1579 1215 devotionem

353 1258 546 1339 minuisset,
564 1259 624 1340 qui
640 1258 789 1339 singulis
803 1257 984 1322 mensibus
998 1265 1162 1322 sanctum
1177 1256 1331 1337 aliquem
1350 1258 1579 1322 assumebant

352 1365 465 1446 (cujus
479 1366 679 1431 devotionis
694 1366 732 1429 Ρ.
748 1365 964 1431 Franciscus
977 1364 1109 1445 Borgia
1124 1373 1250 1428 auctor
1263 1363 1406 1444 fuerat),
1422 1382 1514 1429 unus
1537 1384 1581 1430 ex

350 1473 419 1539 hac
430 1474 666 1539 illustrissima
678 1474 793 1553 domo,
805 1473 1069 1538 concionatoris
1079 1472 1190 1537 verba
1198 1473 1368 1552 reserens,
1379 1473 1578 1550 resistebat;

352 1581 415 1645 sed
430 1599 510 1646 cum
529 1599 609 1646 eum
628 1583 867 1664 alloqueretur
886 1580 924 1645 P.
948 1581 1105 1665 Joannes
1118 1581 1261 1657 Paulus,
1277 1597 1349 1645 non
1364 1581 1462 1661 prius
1476 1581 1520 1646 ab
1535 1598 1577 1647 eo

351 1690 498 1754 recessit
512 1706 619 1771 quam
633 1706 742 1754 unum
756 1706 801 1753 ex
813 1690 948 1753 sanctis
959 1698 1149 1770 patronum
1161 1705 1203 1751 eo
1215 1706 1336 1752 mense
1349 1689 1576 1770 suscepisset,

352 1797 387 1860 in
403 1796 503 1878 cujus
524 1797 697 1864 honorem
711 1796 896 1862 duodecim
916 1796 1131 1879 pauperibus
1152 1814 1191 1859 se
1210 1795 1397 1877 prandium
1412 1795 1576 1861 daturum

349 1904 512 1983 promisit
525 1914 560 1968 et
574 1902 719 1969 Missam
735 1904 985 1968 celebrandam
996 1921 1034 1967 se
1046 1912 1263 1967 curaturum.

409 2008 501 2075 3033.
545 2011 632 2076 Cum
647 2028 778 2092 magna
793 2012 982 2076 devotione
997 2009 1140 2074 domum
1155 2020 1317 2075 nostram
1331 2011 1440 2092 aliqui
1462 2012 1575 2075 venie·

350 2117 446 2196 bant,
463 2118 613 2199 petendo
628 2126 667 2183 ut
681 2136 787 2200 super
801 2118 961 2183 infirmos
975 2119 1094 2197 aliqua
1109 2118 1299 2196 evangelia
1314 2117 1526 2198 dicerentur,
1542 2129 1576 2182 et

350 2223 427 2289 Deo
443 2226 600 2306 ipsorum
615 2225 682 2291 fide
696 2236 885 2307 annuente,
909 2226 1035 2290 melius
1054 2225 1249 2304 habebant3
1271 2236 1307 2290 et
1332 2225 1441 2306 aliqui
1464 2226 1577 2291 exeis

350 2334 494 2398 omnino
509 2350 530 2397 a
546 2333 702 2399 febribus
716 2334 855 2399 liberati
874 2334 1028 2399 fuerunt.

408 2438 501 2505 3034.
544 2441 634 2506 Cum
653 2443 761 2507 etiam
780 2442 905 2506 mulier
924 2440 1098 2523 quaedam
1118 2460 1140 2505 a
1160 2441 1346 2505 daemonio
1371 2449 1575 2519 vexaretur,

349 2548 396 2613 ad
410 2547 552 2614 domum
567 2560 726 2614 nostram
741 2558 795 2615 est
809 2548 938 2629 delata,
962 2548 1061 2630 quus
1082 2548 1341 2613 confessionem
1360 2566 1442 2612 cum
1456 2548 1495 2613 P.
1511 2547 1576 2612 Re·

349 2665 427 2721 etor
442 2655 610 2738 audisset,
627 2665 662 2721 et
677 2669 828 2740 quatuor
843 2657 1029 2738 evangelia
1048 2673 1155 2740 super
1176 2675 1256 2722 eam
1276 2656 1477 2739 recitasset,
1495 2675 1575 2721 con·

350 2765 562 2830 solationem
576 2766 714 2848 accepit
727 2773 763 2830 et
777 2767 866 2830 bene
886 2765 920 2830 in
937 2773 1118 2847 posterum
1137 2765 1273 2830 habuit.

408 2871 500 2938 3035.
543 2873 725 2954 Quaedam
741 2875 811 2938 alia
826 2890 896 2939 non
915 2872 1057 2938 infimae
1075 2881 1197 2953 notae,
1213 2872 1321 2937 immo
1339 2872 1508 2955 primaria
1528 2871 1576 2937 se·

348 2981 456 3060 mina,
482 2981 518 3044 in
542 2989 688 3062 puteum
716 2997 754 3045 se
779 2980 1051 3062 desperabunda
1075 2978 1240 3062 projecit,
1268 2977 1330 3044 sed
1358 2978 1481 3044 divina
1509 2997 1576 3060 ope

347 3088 429 3153 inde
444 3097 618 3168 extracta,
645 3106 724 3153 cum
749 3087 909 3153 confiteri
934 3089 1053 3167 nollet,
1081 3096 1252 3152 evocatus
1277 3096 1331 3151 est
1355 3085 1394 3150 P.
1420 3086 1576 3169 Joannes

275 3198 277 3202 '
347 3195 488 3276 Paulus,
506 3205 541 3260 et
555 3213 633 3260 eam
648 3195 695 3260 ad
709 3197 968 3261 confessionem
983 3195 1131 3260 adduxit
1145 3205 1180 3259 et
1195 3196 1230 3259 in
1245 3193 1399 3259 Domino
1416 3196 1574 3260 consola·

348 3312 405 3367 tus
428 3312 493 3367 est.

410 3408 502 3474 3036.
550 3410 723 3491 Quamvis
750 3410 899 3491 fructuS,
929 3418 968 3475 ut
994 3409 1167 3486 diximuS,
1196 3428 1268 3474 non
1296 3411 1449 3491 exiguus
1478 3408 1574 3491 apud

346 3515 411 3582 S.m
425 3517 561 3582 Lucam
574 3521 809 3600 reciperetur,
825 3519 908 3600 quia
928 3527 1048 3582 tamen
1066 3499 1179 3582 nostri
1197 3517 1368 3600 perpauci
1388 3524 1509 3596 erant,
1525 3516 1573 3581 di·

346 3625 533 3706 sciplinam
547 3633 707 3690 nostram
722 3634 757 3689 et
772 3625 932 3691 ordinem
948 3625 1180 3706 collegiorum
1194 3643 1340 3690 servare
1356 3624 1500 3689 minime
1515 3642 1573 3705 po·

345 3740 478 3796 terant:
494 3740 529 3796 et
543 3731 623 3796 ideo
639 3731 676 3796 P.
694 3732 926 3797 Bustamaute
940 3731 1146 3797 facultatem
1162 3751 1182 3796 a
1198 3732 1236 3796 P.
1252 3730 1460 3812 Francisco,
1474 3732 1574 3797 Com·

345 3839 523 3918 missario,
544 3839 757 3921 postulavit,
774 3849 813 3904 ut
829 3840 859 3903 si
878 3839 998 3904 Duces
1012 3840 1063 3903 illi
1083 3839 1312 3921 Methymnae
1327 3838 1494 3905 Sidoniae
1515 3840 1574 3904 diu

345 3945 484 4012 differre
504 3947 635 4011 vellent
656 3947 795 4028 collegii
814 3947 1073 4028 fundationem,
1094 3947 1176 4011 inde
1201 3955 1344 4012 nostros
1372 3965 1453 4012 cum
1478 3947 1572 4011 bona

344 4054 502 4136 ipsorum
516 4053 633 4135 gratia
648 4054 798 4120 educere
813 4063 952 4135 posset,
968 4054 1081 4119 donec
1096 4055 1284 4135 collegium
1305 4064 1399 4119 esset
1415 4063 1571 4119 erectum

345 4161 381 4225 in
392 4179 461 4244 quo
468 4159 586 4242 justus
597 4178 766 4227 numerus
777 4163 889 4227 teneri
901 4172 1032 4242 posset.
1045 4160 1243 4228 Videbatur
1255 4160 1468 4227 etiamPatri
1479 4161 1571 4227 Gon·

344 4271 451 4350 zalez,
469 4269 529 4352 qui
543 4287 606 4334 eos
620 4268 798 4334 interdum
813 4269 1000 4349 invisebat,
1018 4271 1055 4334 in
1069 4269 1156 4335 locis
1170 4288 1242 4334 non
1256 4270 1448 4335 admodum
1462 4287 1571 4351 popu·

343 4376 429 4441 losis
442 4385 599 4456 nostros,
617 4378 828 4458 praesertim
842 4395 990 4442 numero
1009 4395 1159 4459 paucos,
1176 4395 1257 4442 cum
1275 4395 1407 4458 magna
1427 4376 1569 4442 difficul·

344 4493 417 4548 tate
432 4493 467 4548 et
487 4483 711 4549 incommodo
732 4485 886 4565 versari,
908 4502 990 4550 cum
1010 4486 1127 4550 omnia
1147 4486 1310 4550 omnibus
1329 4495 1413 4550 nota
1433 4492 1469 4549 et
1488 4502 1571 4566 quo·

346 4590 535 4656 dammodo
550 4602 737 4656 numerata
752 4601 881 4656 essent.

402 4697 494 4765 3037.
538 4698 627 4764 Cum
645 4717 733 4781 ergo
752 4710 787 4766 et
806 4698 936 4766 Comes
960 4701 1105 4767 Nieblae
1121 4710 1157 4766 et
1175 4699 1367 4766 Comitissa
1385 4699 1570 4781 praedicta
