3642 5350
337 420 393 482 486
802 419 930 482 Canon.
951 419 1028 482 Soc.
1049 421 1119 495 Jns.

337 583 458 630 merae
470 576 720 646 computorum
733 565 859 631 suisset
873 574 1128 645 computatum,
1147 583 1220 630 non
1235 566 1427 648 acquievit;
1453 574 1488 630 et
1505 575 1573 630 ter·

336 673 387 738 tio
402 673 447 738 ad
459 672 595 754 Regem
609 673 675 737 suit
689 673 987 754 redeundumper
997 672 1191 737 Dominum
1202 666 1246 738 de
1257 671 1389 753 Monte,
1403 674 1461 737 cui
1473 692 1574 755 prae-

337 780 431 861 cepit
463 779 562 860 Rex,
596 789 636 844 ut
663 781 813 860 ipsemet
840 781 1001 859 veniret,
1032 797 1076 844 ac
1105 781 1205 860 regio
1233 781 1377 844 nomine
1407 798 1574 845 camerae

337 886 554 968 significavit
578 888 673 952 hanc
692 904 771 951 esse
790 889 1012 951 voluntatem
1033 884 1159 968 Regis,
1181 897 1219 950 ut
1244 888 1491 952 restitueretur
1510 885 1575 952 So·

337 995 459 1059 cietati
471 993 608 1074 justitia
624 995 700 1058 sive
712 994 912 1075 Jurisdictio
926 994 1124 1075 praedicta,
1139 1003 1208 1059 etc.
1623 993 1630 1002 '

329 1139 330 1142 =
390 1102 487 1169 Ι2093.
531 1101 724 1184 Postquam
739 1111 858 1166 autem
872 1103 1016 1166 omnino
1032 1101 1142 1165 libera
1157 1102 1218 1166 illa
1239 1102 1375 1179 suisset,
1397 1113 1432 1166 et
1454 1101 1574 1166 Socie-

335 1210 402 1273 tati
416 1209 560 1288 tradita,
577 1220 622 1288 et,
641 1219 678 1273 ut
693 1210 761 1288 ipsi
777 1219 921 1288 vocant,
938 1209 1121 1289 amortita;
1138 1218 1222 1272 tunc
1237 1209 1281 1273 de
1297 1211 1576 1275 commutatione

337 1333 419 1381 eum
435 1317 645 1397 episcopatu
660 1319 929 1381 claremontano
945 1315 1124 1395 agendum
1139 1325 1233 1395 erat,
1255 1317 1356 1397 cujus
1377 1326 1454 1380 erat
1470 1333 1574 1396 prae-

336 1423 431 1487 dicta
446 1423 571 1492 domus
585 1423 804 1505 parisiensis;
820 1432 855 1487 et
870 1441 914 1487 ea
927 1440 1012 1504 pars
1027 1421 1228 1502 huJusmodi
1243 1424 1419 1487 bonorum
1439 1424 1477 1487 in
1497 1422 1576 1502 ejus

336 1531 633 1611 permutationem
648 1530 765 1594 danda
781 1540 869 1609 erat,
886 1531 931 1594 de
945 1547 1015 1611 qua
1029 1530 1282 1594 convenissent
1292 1529 1396 1611 juxta
1408 1531 1572 1594 aestima·

336 1638 470 1702 tionem
485 1639 693 1719 peritorum.

396 1745 487 1809 2094.
536 1746 602 1810 l7.²
616 1744 833 1826 Septembris
856 1744 969 1809 bonus
991 1743 1180 1808 Societatis
1199 1745 1347 1824 amicus,
1365 1753 1401 1808 et
1419 1745 1576 1824 insignis

337 1853 470 1933 pietate
491 1869 535 1916 ac
557 1851 721 1917 doctrina
745 1852 990 1931 concionator,
1010 1850 1073 1914 Dr.
1093 1850 1303 1931 PicharduS,
1324 1851 1372 1915 ad
1391 1851 1574 1915 meliorem

337 1961 449 2022 vitam
465 1958 611 2022 Parisiis
625 1959 794 2039 migravit
810 1957 832 2037 ¹3
849 1967 883 2022 et
898 1975 980 2022 cum
994 1958 1193 2040 paulopost
1207 1967 1375 2037 ageretur
1390 1958 1434 2022 de
1448 1966 1570 2022 ventu·

336 2066 387 2129 ris
413 2067 459 2130 ad
484 2066 807 2146 congregationem
832 2075 993 2129 nostram
1013 2068 1230 2146 generalem,
1247 2065 1285 2129 P.
1302 2065 1518 2129 Paschasius
1531 2082 1573 2128 se

336 2172 538 2237 accinctum
552 2173 599 2236 ad
613 2174 679 2237 iter
694 2174 875 2253 offerebat;
891 2173 954 2237 sed
969 2191 1040 2237 non
1054 2173 1124 2237 hoc
1139 2190 1233 2237 anno
1248 2173 1382 2237 factum
1403 2173 1574 2254 oportuit,

336 2287 372 2343 et
385 2279 526 2343 interim
541 2297 600 2342 res
619 2279 768 2359 Collegii
787 2280 1035 2361 Bigliomensis
1055 2297 1165 2361 opera
1180 2278 1217 2344 P.
1239 2279 1424 2359 Baptistae
1444 2279 1575 2344 Violae

337 2387 462 2450 melius
478 2387 645 2451 constitui
660 2398 836 2468 poterant,
853 2387 913 2468 qui
928 2388 1025 2450 solus
1040 2387 1076 2450 in
1091 2385 1208 2451 Gallia
1223 2403 1305 2450 cum
1319 2387 1356 2450 P.
1374 2385 1572 2451 Paschasio

335 2494 473 2574 venire,
489 2504 528 2559 ut
543 2494 739 2575 professus,
755 2503 905 2576 poterat.

395 2600 487 2666 2095.
531 2601 686 2665 Tantum
720 2610 840 2664 autem
871 2600 1130 2665 aedificationis
1162 2600 1338 2682 Episcopo
1372 2600 1573 2680 Collegium

336 2710 422 2773 illud
433 2711 650 2790 praestabat,
665 2718 703 2773 ut
715 2710 886 2772 scriberet
896 2710 954 2772 ille
965 2708 1004 2771 P.
1016 2707 1223 2787 Paschasio,
1237 2708 1359 2788 sejam
1371 2709 1491 2788 reipsa
1502 2708 1571 2771 fru-

335 2826 432 2880 ctum
457 2816 555 2880 illum
580 2826 615 2880 et
640 2816 924 2881 aedificationem
948 2816 997 2879 ibi
1021 2815 1188 2896 experiri,
1209 2814 1253 2879 de
1278 2832 1347 2895 quo
1373 2817 1418 2879 ab
1444 2813 1574 2878 eodem

334 2924 373 2987 P.
390 2922 585 2987 Paschasio
601 2934 683 2987 ante
699 2932 903 2987 nostrorum
919 2922 1113 2986 adventum
1127 2923 1237 2986 multa
1252 2922 1433 3002 audierat3
1450 2933 1485 2985 et
1497 2920 1571 3001 jam

335 3047 373 3110 P.
406 3048 534 3112 Violae
561 3039 617 3152 ξ-
643 3028 849 3113 francorum
877 3048 924 3112 ad
953 3045 1235 3112 aedificationem
1263 3045 1413 3126 Collegii
1444 3046 1576 3127 promi·

335 3194 448 3246 serat.

338 3280 340 3285 ’
395 3289 488 3353 2096.
530 3291 612 3355 Fuit
627 3294 735 3357 etiam
756 3293 825 3356 hoc
846 3303 1017 3355 autumno
1036 3290 1164 3354 litteris
1183 3289 1221 3353 P.
1243 3288 1574 3353 Paschasiiintelle·

335 3406 432 3460 ctum
456 3409 614 3478 nostros,
641 3400 700 3480 qui
726 3399 880 3462 Tornaci
905 3398 1162 3476 versabantur,
1189 3413 1260 3459 uno
1286 3406 1449 3475 exceptu,
1473 3403 1576 3475 peste

334 3503 495 3585 periisse,
512 3523 619 3586 quam
633 3506 822 3570 visitandis
841 3517 876 3569 et
895 3502 1123 3569 consolandis
1145 3504 1213 3582 eis,
1237 3504 1298 3583 qui
1316 3511 1416 3582 peste
1435 3501 1574 3564 labora·

335 3611 432 3692 bant,
450 3630 512 3693 per
530 3611 774 3677 confessiones
784 3624 820 3676 et
835 3613 905 3676 alia
918 3611 1060 3692 pietatis
1070 3610 1268 3673 ministeria
1280 3608 1463 3673 consecuti
1475 3618 1574 3685 sunt,

334 3736 379 3781 ne
395 3736 457 3783 eos
472 3720 689 3799 desererent,
707 3721 767 3801 qui
782 3721 828 3783 ab
843 3720 924 3784 aliis
938 3718 1070 3783 deserti
1089 3726 1191 3781 erant
1205 3715 1229 3779 ⁸.

395 3826 440 3890 Et
469 3826 558 3889 haec
587 3826 630 3889 de
659 3826 817 3907 Collegio
847 3826 1058 3904 Parisiensi,
1084 3842 1128 3889 ac
1157 3827 1235 3906 ipso
1260 3822 1478 3886 Provinciali
1501 3823 1575 3886 sint

335 3932 442 3995 dicta.
458 3932 539 4014 Jam
554 3933 597 3997 de
612 3933 841 4013 Bigliomensi
857 3933 1032 4014 quaedam
1046 3948 1209 3995 seorsum
1224 3930 1374 3994 dicenda
1389 3937 1483 3993 sunt.

376 4174 385 4207 ¹
414 4174 498 4228 Saepe
509 4174 657 4218 deductore
672 4174 814 4220 Franclsco
830 4176 950 4229 Picardo,
962 4174 1102 4219 Societatis
1118 4173 1203 4217 amico
1212 4178 1239 4217 et
1249 4182 1368 4227 patrono,
1388 4173 1537 4217 dictumest
1548 4172 1576 4215 ln

334 4245 433 4289 nostris
443 4244 620 4290 Maroneum.
630 4245 705 4297 Vide,
719 4255 748 4291 ut
763 4249 817 4292 alla
833 4248 984 4291 omittamus
998 4248 1064 4297 loca,
1079 4242 1220 4299 Epistulae
1230 4243 1343 4298 Mixtae,
1353 4250 1372 4288 t.
1386 4254 1405 4299 l,
1420 4254 1481 4299 pag.
1492 4243 1528 4299 ot,
1537 4242 1577 4295 ⁶9,

334 4316 383 4367 58&
394 4325 420 4361 et
431 4328 520 4371 supra,
537 4323 556 4360 t.
568 4330 595 4370 v,
605 4328 666 4371 pag.
676 4316 724 4369 335,
736 4330 760 4362 n.
773 4319 822 4371 898,
832 4318 880 4373 899,
892 4324 982 4363 annot.
995 4320 1015 4363 1.

377 4390 388 4420 ²
416 4388 532 4433 Narrate
542 4389 672 4433 sociorum
683 4388 777 4434 iunera
787 4391 867 4435 habes
876 4402 965 4445 supra.
973 4402 997 4433 n.
1007 4388 1135 4433 toti-201⁶.
