3642 5350
323 414 376 477 396
782 416 910 478 Canon.
931 417 1008 477 Soc.
1028 414 1098 489 Jns.

323 566 493 630 lectiones
508 564 702 645 traderent,
718 564 774 630 his
789 564 983 646 adjungere
998 567 1116 630 visum
1130 573 1185 629 est
1199 571 1220 628 ¹:
1238 565 1387 630 alteram
1401 564 1445 630 de
1460 564 1555 630 Psal-

323 674 392 741 mis
407 672 569 754 Davidis,
585 675 734 739 alteram
751 692 798 739 ex
812 673 948 755 Quarto
969 672 1250 755 Sententiarum,
1267 674 1397 756 prioris
1411 674 1474 739 Dr.
1491 673 1553 741 Co·

323 783 501 863 villonius,
522 783 731 863 posterioris
745 782 809 847 Dr.
830 782 1059 849 Hermannus
1072 799 1197 847 curam
1211 782 1378 865 suscepit.

386 889 474 954 1683.
516 889 575 955 Sic
600 898 719 955 autem
742 889 811 955 hae
835 892 1005 956 lectiones
1029 899 1132 955 erant
1153 891 1387 971 enarrandae,
1409 900 1447 956 ut
1465 892 1554 955 alias

323 1015 395 1062 non
406 997 680 1080 impedirent,ne
691 999 764 1063 suis
777 998 997 1063 auditoribus
1008 999 1202 1081 privarent.
1211 998 1419 1081 Opportune
1430 1008 1552 1064 autem

323 1107 447 1188 primis
466 1105 589 1171 diebus
610 1105 761 1187 Augusti
780 1105 819 1171 P.
840 1106 1004 1171 Canisius
1024 1105 1142 1188 Praga
1163 1105 1421 1186 Ingolstadium
1440 1109 1551 1185 venit,

323 1216 487 1297 quamvis
501 1214 669 1297 progredi
683 1215 911 1280 Monaehium
925 1212 1054 1292 debuit,
1072 1224 1110 1278 ut
1124 1214 1168 1280 de
1182 1212 1289 1280 rebus
1306 1214 1455 1296 Collegii
1474 1232 1554 1280 cum

323 1322 436 1388 Ducis
450 1322 620 1388 ministris
636 1334 770 1405 ageret.
1141 1383 1144 1387 .

387 1429 474 1495 1684.
517 1428 695 1495 Offerebat
707 1439 825 1495 autem
835 1430 1135 1511 seP.Coviglion,
1145 1439 1287 1513 praeter
1297 1431 1556 1509 lectionem,ad

241 1578 244 1586 ·
324 1538 530 1603 concionem
544 1538 691 1602 latinam
705 1537 891 1603 dominicis
905 1556 949 1603 ac
960 1537 1060 1602 festis
1072 1535 1196 1603 diebus
1206 1537 1417 1617 habendam;
1432 1555 1551 1619 qnam·

280 1696 284 1703 .
323 1647 381 1711 vis
391 1647 486 1712 hunc
497 1647 654 1711 laborem
666 1646 889 1711 cumP.Dre.
903 1645 1048 1712 Peltano
1060 1646 1290 1712 dividendum
1302 1656 1427 1729 postea
1436 1649 1552 1712 visum

325 1763 390 1820 est.
1490 1813 1493 1817 ,

387 1860 474 1927 1685.
518 1861 736 1927 Concessum
757 1872 811 1928 est
829 1880 916 1945 ergo
939 1865 1071 1928 nostris
1091 1865 1267 1945 theologis
1283 1863 1474 1927 dumtaxat
1495 1878 1555 1942 pu·

324 1968 414 2034 bliee
428 1970 547 2049 legere
563 1970 600 2034 in
614 1968 854 2035 Universitate
865 1970 1151 2052 lugolstadiensi.

388 2075 475 2143 1686.
519 2076 586 2142 Die
602 2095 690 2159 ergo
709 2077 781 2143 28.1
803 2079 970 2159 Augusti,
993 2097 1084 2160 quae
1108 2079 1202 2144 Divo
1228 2080 1429 2161 Augustino
1453 2096 1555 2143 sacra

325 2194 413 2265 erat,
429 2184 467 2249 P.
483 2186 642 2269 Joannes
657 2185 835 2267 Coviglon
854 2186 891 2249 in
913 2187 1092 2267 publicum
1114 2186 1256 2267 prodiit,
1282 2196 1317 2252 et
1339 2204 1461 2252 coram
1483 2194 1556 2251 tota

324 2293 566 2359 Universitate
582 2294 777 2358 orationem
792 2294 915 2358 habuit
933 2294 1159 2373 luculentam,
1177 2296 1213 2359 in
1230 2312 1300 2375 qua
1315 2295 1444 2376 partim
1459 2312 1556 2376 prae·

325 2400 420 2465 fatus
436 2409 490 2466 est
500 2398 543 2465 de
555 2399 622 2481 his,
635 2418 725 2481 quae
742 2400 789 2465 ad
803 2400 990 2465 lectionem
1002 2402 1219 2483 psalmorum
1228 2403 1467 2481 pertinebant,
1479 2418 1557 2483 par·

299 2550 302 2555 -
326 2509 389 2573 tim
405 2517 550 2573 nostrae
566 2506 754 2573 Societatis
777 2508 988 2588 institutum,
1005 2507 1100 2589 quod
1120 2509 1190 2573 illis
1209 2508 1414 2589 regionibus
1432 2526 1558 2590 parum

326 2625 450 2682 notum
465 2625 554 2696 erat,
571 2615 778 2681 declaravit.
1527 2630 1534 2639 ·

391 2724 479 2789 1687.
523 2725 571 2791 ut
586 2734 707 2789 autem
724 2725 960 2789 attentissime
974 2725 1096 2789 auara
1115 2725 1176 2789 ma
1194 2724 1270 2800 furt,
1286 2733 1321 2789 et
1335 2725 1380 2789 aa
1393 2725 1558 2790 auditori·
1615 2706 1618 2710 ’

325 2834 397 2898 bns
411 2833 620 2914 approbata;
637 2833 686 2896 ita
702 2848 781 2896 eam
796 2833 967 2913 scriptam
982 2832 1115 2897 habere
1130 2832 1230 2896 multi
1244 2833 1444 2913 cupiebant,
1460 2841 1499 2898 ut
1512 2832 1572 2896 ad'

326 2939 511 3022 dirigenda
528 2957 593 3006 sua
613 2937 731 3004 studia
745 2940 857 3004 veluti
874 2956 1036 3004 normam
1051 2957 1130 3004 eam
1144 2939 1327 3004 haberent.
1344 2937 1425 3019 Sed,
1441 2939 1556 3004 necui

329 3046 572 3114 calumniandi
587 3047 729 3111 occasio
745 3047 903 3126 daretur,
920 3047 1006 3110 nulli
1020 3046 1153 3112 Rector
1167 3046 1321 3112 dandam
1336 3047 1484 3112 censuit.

392 3153 480 3219 1688.
524 3155 655 3220 Ultima
671 3154 727 3218 die
742 3153 897 3235 Augusti
911 3154 976 3218 Dr.
989 3154 1216 3219 Hermannns
1227 3171 1328 3218 suam
1340 3155 1446 3218 etiam
1457 3172 1556 3236 prae·

328 3262 494 3327 satoriam
508 3263 631 3326 habuit
646 3262 843 3326 orationem
858 3279 940 3326 cum
955 3261 1186 3327 celeberrima
1197 3263 1399 3327 auditorum
1413 3280 1558 3342 corona,

330 3379 364 3435 et
375 3370 419 3434 de
433 3370 632 3450 theologiae
644 3367 807 3433 laudibus
818 3385 941 3449 agens,
954 3369 1052 3433 viam
1064 3369 1131 3433 sibi
1145 3368 1192 3432 ad
1205 3369 1283 3450 qum
1298 3368 1559 3434 Sententiarum

329 3477 491 3558 munivit,
508 3485 543 3542 et
556 3476 699 3559 quidem
714 3477 999 3558 expectationem
1018 3477 1127 3541 etiam
1146 3486 1349 3542 nostrorum
1365 3478 1558 3559 superavit,

330 3586 478 3650 feliciter
493 3601 559 3650 suo
573 3584 688 3650 officio
704 3584 921 3666 perfunctus

393 3692 481 3758 1689.
525 3693 681 3774 Uterque
697 3701 815 3757 autem
830 3693 944 3774 prima
956 3692 1012 3758 die
1026 3692 1244 3774 Septembris
1258 3709 1359 3757 suam
1373 3694 1560 3757 lectionem

330 3817 525 3882 aggressus
540 3809 604 3878 est,
621 3810 655 3864 et
671 3817 741 3864 non
755 3799 968 3882 infrequenti
979 3800 1167 3876 auditorio,
1181 3801 1212 3864 si
1223 3799 1297 3880 ejus
1308 3800 1560 3865 Universitatis

331 3908 422 3973 ratio
437 3908 622 3972 habeatur:
635 3910 728 3972 ultra
744 3909 970 3989 septuaginta
982 3907 1161 3972 auditores
1176 3908 1362 3972 continuos
1376 3907 1440 3971 Dr.
1456 3907 1559 3972 Covi-

330 4016 427 4096 glion
448 4015 612 4094 habebat,
628 4015 688 4094 qui
707 4014 817 4078 libros
837 4015 972 4079 habens
991 4015 1253 4090 selectissimos,
1275 4015 1418 4096 egregie
1438 4015 1475 4078 in
1493 4032 1559 4079 suo

330 4140 476 4188 munere
490 4140 528 4187 se
542 4139 668 4203 gerere
683 4123 808 4204 eoepit.

394 4229 481 4294 1690.
525 4229 588 4294 Dr.
611 4230 718 4294 etiam
737 4229 963 4294 Hermannus
978 4230 1058 4309 plus
1072 4246 1179 4311 quam
1193 4229 1449 4310 quinquaginta
1465 4229 1561 4294 audi·

331 4349 428 4403 tores
453 4339 617 4404 assiduos
642 4337 793 4412 habebat
823 4338 911 4400 hora
935 4337 1160 4412 duodecima,
1189 4336 1226 4400 id
1250 4347 1319 4414 est,
1343 4338 1379 4400 in
1402 4336 1559 4415 meridie,

332 4463 415 4510 nam
431 4445 467 4510 P.
486 4443 673 4524 Coviglion
689 4445 777 4508 hora
793 4444 950 4508 secunda
965 4453 1046 4526 post
1060 4443 1244 4509 meridiem
1259 4444 1410 4525 legebat.

375 4614 383 4648 ¹
411 4613 458 4659 Ma.
469 4614 528 4658 Duo
543 4614 630 4658 nostra·
645 4613 764 4657 doctores
779 4613 822 4656 his
836 4613 906 4656 duas
926 4613 998 4658 alias
1010 4613 1138 4659 lectiones
1157 4613 1306 4668 adjungere
1320 4614 1410 4656 visum
1425 4617 1479 4658 nt:
1495 4613 1560 4658 alto

334 4683 492 4732 ram....'etc.
