3642 5350
817 434 883 494 Art.
904 435 975 496 1556
1454 438 1513 498 637

267 577 728 660 Valentinum‘Collegium
744 579 942 659 iuvandum
961 597 1027 660 per
1049 581 1322 662 applicationem
1344 599 1510 664 quorum·

269 683 352 749 dam
368 684 548 749 redituum
564 704 775 765 annuorum,
794 687 854 768 qui
870 686 916 750 ad
939 687 1166 767 octingentos
1188 705 1316 753 aureos
1341 690 1511 755 ascende·

268 792 365 869 bant,
379 792 439 872 qui
459 792 505 856 ad
524 794 730 876 neophytos
749 810 1027 858 sarracenorum
1048 795 1284 860 instituendos
1303 796 1417 861 relicti
1435 795 1508 862 sue·

268 907 366 977 rant;
389 907 424 961 et
442 899 586 964 domum
605 903 711 966 valde
730 903 862 966 bonam
882 903 1078 982 habebant,
1104 911 1138 967 et
1160 920 1249 984 opus
1269 905 1338 968 hoc
1362 905 1510 970 omnino

268 1005 393 1069 inutile
404 1006 588 1072 inventum
598 1009 727 1073 fuerat.
737 1009 825 1074 Erat
836 1018 955 1074 autem
967 1009 1227 1074 administratio
1239 1010 1344 1091 hujus
1355 1011 1509 1092 Collegii

271 1113 532 1194 neophytorum
556 1115 592 1179 in
612 1135 720 1181 manu
742 1115 928 1196 cujusdam
951 1118 1057 1182 amici
1080 1116 1118 1181 P.
1139 1116 1278 1182 Natalis
1298 1129 1333 1182 et
1352 1116 1509 1199 ejusdem

271 1219 396 1299 patris,
417 1217 554 1287 scilicet
573 1223 835 1304 majoricensis,
856 1225 917 1305 qui
936 1222 1079 1305 Regens
1097 1225 1199 1304 regni
1219 1225 1410 1290 Valentiae
1430 1235 1511 1291 erat

271 1325 412 1404 (nomen
436 1338 490 1392 est
514 1331 764 1411 magistratus)
786 1341 820 1394 et
845 1331 1031 1411 cujusdam
1056 1331 1201 1396 alterius
1218 1331 1329 1412 jurati
1351 1333 1511 1398 civitatis

270 1433 472 1514 Valentiae,
489 1436 549 1517 qui
564 1436 734 1503 Societati
749 1448 827 1502 erat
843 1439 1125 1516 addictissimus,
1142 1449 1177 1502 et
1192 1440 1285 1502 hanc
1302 1439 1508 1520 applicatio,

270 1559 351 1606 nem
366 1544 588 1622 peroptabat.
605 1545 688 1624 Egit
703 1561 790 1625 ergo
807 1562 888 1609 cum
903 1545 954 1608 eis
970 1543 1007 1608 P.
1021 1545 1160 1609 Natalis
1175 1544 1218 1608 de
1233 1546 1300 1610 hoc
1318 1547 1461 1625 negotio
1474 1556 1509 1610 et

271 1649 341 1713 duo
356 1650 529 1730 praedicti
550 1651 858 1716 administratores
872 1651 1125 1716 Gubernatrici
1138 1652 1335 1734 Hispaniae
1351 1653 1506 1735 scripse-

271 1766 354 1820 runt
368 1764 407 1820 ut
425 1757 507 1821 huic
527 1759 756 1839 applicationi
776 1776 990 1822 consensum
1015 1760 1215 1840 praeberet,
1243 1768 1278 1823 et
1305 1760 1399 1823 bona
1425 1777 1511 1840 spes

271 1874 349 1929 etat
364 1865 458 1946 quod
480 1883 538 1928 res
558 1866 604 1929 ad
619 1865 784 1929 ellectum
798 1876 892 1929 esset
912 1864 1159 1946 perducenda;
1181 1866 1244 1930 sed
1258 1866 1343 1929 dum
1363 1867 1453 1931 haec
1471 1867 1508 1930 in

271 1973 371 2036 curia
387 1972 657 2037 Gubernatricis
673 1981 889 2052 tractantur,
916 1972 1064 2037 Pro-rex
1080 1972 1286 2052 Aragoniae
1302 1972 1508 2053 praedictus

275 2090 425 2144 mortem
441 2079 537 2157 obiit,
554 2090 588 2144 et
603 2081 653 2144 ita
667 2081 850 2159 negotium
867 2077 965 2161 [non]
981 2079 1183 2143 conlectum
1197 2080 1360 2144 relictum
1376 2092 1440 2144 est.

330 2186 421 2251 2741.
466 2187 649 2251 Concham
663 2185 829 2250 Valentia
845 2187 1014 2267 perrexit,
1032 2187 1092 2250 ubi
1103 2205 1185 2251 cum
1195 2186 1354 2251 Doctore
1366 2187 1502 2268 Verga·

272 2313 324 2373 ra,
342 2293 435 2376 quod
451 2295 576 2358 attinet
591 2295 637 2358 ad
651 2303 767 2358 status
782 2292 857 2374 ejus
873 2294 1117 2373 mutationem,
1135 2294 1219 2373 egit;
1236 2312 1339 2375 quae,
1354 2305 1392 2358 ut
1408 2312 1512 2376 supe—

271 2403 346 2464 rius
375 2387 540 2465 diximus
558 2399 579 2480 ¹,
607 2401 645 2465 P.
671 2399 801 2481 Ignatii
828 2401 975 2464 arbitrio
1003 2401 1194 2464 commissa
1221 2411 1287 2464 est.
1313 2402 1397 2480 Egit
1426 2420 1507 2466 cum

270 2510 395 2572 eodem
411 2508 454 2572 de
467 2508 625 2587 Collegio
639 2508 801 2572 Romano
817 2506 988 2587 juvando,
1011 2507 1042 2571 si
1062 2525 1132 2588 qua
1147 2509 1290 2572 occasio
1308 2525 1347 2572 se
1364 2510 1507 2573 obtulis-

269 2628 335 2696 set;
352 2626 386 2680 et
400 2614 588 2681 videbatur
599 2623 796 2697 opportune
815 2614 944 2679 cadere
967 2615 1099 2679 mentio
1119 2615 1232 2695 facta,
1255 2631 1336 2680 cum
1355 2617 1414 2681 vir
1434 2617 1508 2698 qui-

270 2725 353 2789 dam
366 2726 459 2788 bona
474 2741 539 2787 sua
554 2722 630 2802 ejus
645 2724 792 2786 arbitrio
809 2723 1028 2803 disponenda
1041 2740 1079 2786 se
1090 2723 1296 2787 relicturum
1308 2722 1509 2803 significas·

271 2843 336 2909 set,
353 2848 442 2911 quae
458 2831 504 2895 ad
518 2840 599 2893 octo
614 2830 672 2893 vel
686 2829 809 2893 decem
827 2830 937 2893 millia
961 2829 1172 2893 ducatorum
1191 2830 1445 2909 ascendebant;
1472 2841 1506 2893 et

273 2940 435 3019 quamvis
449 2940 507 3001 ille
522 2938 746 3017 cogitaverat
761 2936 804 3000 de
819 2936 981 3016 Collegio
997 2936 1260 3017 Complutensi,
1282 2946 1377 3001 statu
1399 2938 1511 3002 Colle·

271 3047 321 3126 gii
337 3044 487 3109 Romani
502 3046 692 3122 intellecto,
709 3062 751 3107 eo
770 3062 809 3107 se
830 3061 1089 3109 conversurum
1109 3045 1202 3108 hanc
1225 3045 1505 3125 eleemosynam,

272 3153 365 3234 quod
380 3150 456 3231 ejus
469 3151 545 3214 fieri
557 3160 687 3232 posset,
701 3151 875 3230 promisit;
889 3151 957 3214 hoc
969 3161 1088 3215 tamen
1101 3169 1173 3215 non
1184 3169 1230 3214 ex
1243 3152 1419 3215 sententia
1432 3168 1507 3215 suc·

272 3260 393 3324 cessit.

330 3368 422 3431 2742.
466 3367 600 3431 Cantor
614 3366 626 3397 ¹
641 3366 815 3430 ecclesiae
831 3366 1044 3430 conchensis
1063 3367 1205 3445 (nomen
1225 3365 1409 3445 diguitatis
1429 3366 1509 3445 est),

272 3475 563 3558 praestimonium
577 3474 756 3556 quoddam
772 3473 986 3550 obtinuerat,
1004 3472 1105 3553 cujus
1121 3473 1256 3537 reditus
1276 3490 1416 3536 annuus
1429 3490 1508 3537 sex-

272 3592 457 3647 centorum
469 3583 679 3647 ducatorum
691 3590 780 3658 erat,
793 3590 828 3644 et
840 3579 1009 3659 adjuncto
1026 3580 1095 3643 alio
1108 3572 1364 3661 praestimonio
1380 3580 1507 3644 ducen-

273 3701 389 3754 torum
405 3690 625 3765 ducatorum,
640 3688 733 3770 quod
745 3688 820 3768 ipse
832 3688 931 3767 prius
942 3686 1107 3763 habebat,
1121 3685 1317 3765 Collegium
1330 3686 1366 3749 in
1378 3687 1511 3767 oppido

273 3797 395 3878 Pliego
417 3796 529 3877 (cujus
549 3794 676 3859 Comes
699 3804 803 3875 pater
821 3794 935 3875 ipsius
956 3794 1049 3873 erat)
1070 3794 1208 3873 erigere
1229 3810 1310 3857 cum
1330 3792 1369 3857 P.
1390 3792 1508 3857 Natali

273 3904 468 3982 constituit,
485 3914 519 3966 et
534 3903 670 3967 litteras
687 3902 732 3965 ad
748 3899 785 3964 P.
801 3901 1036 3965 Franciscum
1057 3900 1224 3980 Borgiam
1243 3900 1350 3963 dedit.
1374 3898 1444 3964 Sed
1463 3918 1510 3963 ne

273 4013 341 4075 hoc
355 4012 496 4093 quidem
512 4010 708 4089 Collegium
724 4020 808 4072 tuuc
823 4008 1006 4072 maturuit.

331 4118 422 4182 7743.
466 4110 691 4197 Complutum
702 4116 783 4179 inde
798 4115 960 4194 venieuS,
979 4114 1197 4178 Placentiam
1213 4116 1412 4195 paulopost
1428 4132 1511 4196 pro·

271 4243 417 4307 gressus
433 4236 498 4304 est,
516 4242 586 4306 quo
600 4223 641 4287 24
654 4222 816 4307 Januarii
830 4224 1010 4302 pervenit,
1028 4230 1062 4284 et
1076 4238 1149 4284 non
1164 4222 1332 4300 exiguam
1347 4224 1511 4285 consola-

271 4336 403 4399 tionem
418 4332 589 4414 percepit,
606 4348 687 4395 cum
704 4330 740 4394 P.
757 4330 991 4393 Franciscum
1006 4336 1080 4390 tam
1099 4328 1296 4391 animatum
1316 4328 1361 4391 ad
1384 4328 1511 4391 subve-

311 4542 320 4575 ¹
352 4540 518 4594 Vldesupra,
529 4544 546 4583 t.
564 4550 599 4589 tv.
617 4548 681 4593 pag.
699 4536 749 4591 tos,
766 4536 814 4591 too,
832 4548 874 4580 nn.
891 4533 990 4578 aetdfld.
1008 4532 1044 4577 Et
1063 4532 1159 4577 Carras
1175 4532 1208 4577 de
1227 4532 1282 4577 San
1300 4532 1418 4587 Ignacto.
1434 4540 1454 4577 r.
1473 4546 1509 4585 ιν,

271 4627 332 4672 pag.
344 4614 390 4659 1⁹⁶.
399 4614 483 4659 Porro
493 4613 524 4656 de
535 4610 566 4655 D.
577 4610 710 4665 Alphonso
721 4608 842 4653 Ramlrez
852 4609 884 4652 de
894 4607 1019 4661 Vergaru
1029 4604 1180 4659 saepissime
1190 4605 1215 4648 ln
1225 4604 1351 4649 Chronico
1362 4604 1391 4649 lit
1399 4604 1509 4649 mentlo.

313 4691 325 4723 ⁸
352 4690 434 4735 nnus.
445 4684 560 4729 Dldacus
571 4682 691 4726 liurtado
701 4682 733 4725 de
744 4680 875 4725 Mendoza.
886 4678 953 4723 Vide
965 4688 1053 4733 supra,
1064 4688 1125 4733 pag.
1135 4676 1183 4731 603,
1194 4689 1219 4720 n.
1230 4676 1292 4731 2598,
1304 4684 1390 4721 annot.
1400 4677 1421 4720 5.
