3642 5350
345 412 400 475 752
801 408 930 472 Cnorr.
949 408 1026 472 Soc.
1046 408 1119 485 Jns.

346 558 492 635 niensis,
510 556 623 623 Roma
636 556 673 621 in
690 556 1014 637 peregrinationem
1036 555 1166 620 missus
1183 555 1221 619 ln
1240 554 1516 637 Compostellam
1536 564 1573 621 et

345 666 471 733 deinde
496 666 532 729 in
551 663 818 743 Portugalliam,
841 660 887 725 ad
905 662 1169 727 Prouincialem
1188 663 1375 728 incolumis
1396 664 1571 744 pervenit,

343 774 461 841 necin
475 782 550 837 tam
567 771 669 852 largo
688 770 814 835 itinere
833 768 1036 835 necessaria
1055 768 1089 834 ei
1108 785 1264 850 unquam
1283 768 1486 851 defuerunt,
1508 768 1572 835 sed

344 882 566 949 abundanter
587 877 706 943 omnia
725 875 900 942 Dominus
918 876 952 941 ei
973 875 1142 959 providit;
1166 886 1201 941 et
1219 886 1408 960 postquam
1423 877 1573 959 ipsemet

343 987 558 1057 Provinciali
572 984 832 1073 consessusest,
845 982 1014 1065 syndicus
1028 982 1064 1048 in
1076 982 1192 1048 Domo
1206 982 1449 1066 professorum
1460 986 1506 1051 ab
1516 1004 1573 1051 eo·

343 1101 424 1165 dem
437 1094 660 1173 constitutus,
678 1092 758 1157 cum
773 1090 1018 1157 aedificatione
1033 1090 1101 1156 boc
1115 1090 1230 1157 officio
1243 1092 1387 1157 functus
1400 1102 1466 1161 ast.

404 1202 496 1271 3253.
539 1202 629 1267 Cum
643 1210 725 1281 post
739 1198 903 1263 nuntium
917 1197 1034 1263 obitus
1048 1197 1088 1263 P.
1110 1198 1249 1279 Ignatii,
1272 1201 1493 1281 provinciale
1513 1218 1568 1267 ca·

343 1313 493 1399 pitulum
512 1311 548 1374 in
567 1306 785 1387 Portugallia
803 1306 928 1371 suisset
947 1315 1205 1387 congregatum
1224 1307 1271 1371 ad
1289 1324 1412 1373 eorum
1431 1308 1570 1374 electio·

343 1438 437 1501 nem,
453 1418 512 1501 qui
527 1416 572 1481 ad
586 1412 914 1495 Congregatlonem
926 1414 1131 1493 generalem
1144 1414 1286 1479 venturi
1305 1423 1423 1497 erant,
1446 1432 1571 1481 omnes

344 1528 602 1597 constituerunt
616 1530 654 1587 ut
669 1522 816 1604 ipsemet
830 1518 1083 1601 Provincialis,
1099 1520 1300 1588 intermissa
1315 1520 1474 1604 Reginae
1488 1540 1569 1589 con·

345 1636 510 1713 sessione,
527 1631 677 1695 Romam
691 1627 840 1693 veniret.
856 1627 945 1693 Cum
958 1629 1037 1709 ipso
1058 1627 1096 1693 P.
1116 1629 1321 1695 Ludovicus
1341 1630 1521 1696 Gonzalez
1533 1640 1571 1695 et

344 1745 382 1811 P.
399 1740 579 1807 Gonzalus
594 1736 682 1815 Vaz,
695 1744 734 1800 ut
744 1737 929 1815 electoreS,
942 1744 977 1799 et
990 1733 1029 1800 Ρ.
1042 1735 1251 1801 Emmanuel
1261 1736 1422 1803 Godinus
1434 1746 1473 1803 ut
1483 1737 1568 1803 Pro·

345 1857 489 1917 curator
501 1843 739 1925 Portugalliae
754 1852 860 1923 atque
874 1841 1005 1908 Indiae.

403 1955 494 2021 3254.
536 1953 677 2018 Etcum
695 1949 898 2031 praedictus
912 1948 951 2014 P.
970 1948 1176 2016 Ludovicus
1189 1950 1363 2031 Reginam
1379 1964 1473 2019 esset
1486 1954 1569 2019 allo·

344 2074 462 2142 cutuS,
493 2062 569 2126 sine
598 2056 698 2140 quus
725 2056 947 2138 beneplacito
975 2054 1013 2121 P.
1043 2056 1278 2123 provincialis
1304 2076 1453 2141 regnum
1484 2060 1570 2127 illud

344 2171 465 2253 egredi
486 2186 557 2234 non
576 2175 725 2249 poterat,
741 2174 775 2229 et
796 2163 952 2229 rationes
972 2164 1190 2246 adduxisset,
1213 2166 1342 2247 quibus
1360 2166 1437 2248 ejus
1455 2169 1570 2248 prose·

342 2281 496 2347 ctionem
511 2276 557 2340 ad
572 2271 743 2354 majorem
761 2270 829 2336 Dei
843 2273 996 2352 gloriam
1015 2271 1172 2338 suturam
1191 2274 1362 2355 ostendit,
1384 2276 1444 2340 illa
1464 2294 1569 2343 suum

344 2400 556 2453 consensum
569 2380 761 2465 praestitit;
777 2388 812 2445 et
825 2380 947 2445 statim
961 2397 1042 2445 cum
1057 2381 1315 2463 approbatione
1328 2380 1439 2464 Regis
1452 2384 1569 2465 prote-

342 2496 391 2562 cti
404 2502 497 2574 sunt,
512 2488 837 2572 vice-provinciale
852 2488 975 2552 relicto
990 2487 1028 2552 P.
1045 2488 1183 2568 ignatio
1198 2489 1243 2555 de
1256 2489 1424 2556 Azevedo
1444 2490 1467 2573 ⁸,
1483 2502 1517 2557 et
1531 2495 1569 2559 in

342 2602 419 2686 eius
444 2596 603 2667 absentia
628 2596 735 2662 Patre
759 2595 953 2660 Francisco
974 2594 1163 2679 Euriquez;
1185 2605 1221 2661 et
1242 2597 1292 2663 ita
1313 2598 1383 2663 23.l
1404 2598 1570 2665 Octobris

342 2710 557 2793 Ulyssipone
581 2706 737 2772 Eboram
762 2721 887 2769 versus
911 2703 1062 2786 profecti
1082 2717 1181 2787 sunt;
1196 2705 1260 2770 sed
1280 2708 1386 2788 paulo
1407 2718 1488 2788 post
1506 2709 1567 2774 Vi·

341 2815 628 2900 ce·provincialis
639 2829 702 2877 eos
711 2822 766 2877 est
777 2821 1001 2891 consecutus,
1014 2823 1048 2876 et
1062 2811 1199 2877 litteras
1211 2813 1250 2877 P.
1266 2813 1451 2879 Francisci
1461 2814 1473 2847 ’
1483 2815 1567 2881 Ριο·

340 2925 487 2990 vinciali
500 2922 608 3002 dedit,
626 2920 752 3003 quibus
767 2918 1006 2999 significabat,
1028 2926 1066 2984 ut
1085 2927 1159 2984 toto
1178 2937 1299 2985 mense
1317 2919 1489 3003 Jauuario
1507 2939 1566 3004 pa·

342 3033 412 3097 rati
426 3036 545 3096 essent
560 3028 605 3093 ad
620 3028 687 3092 iter
697 3026 948 3105 inchoandum,
960 3043 1044 3089 nam
1056 3045 1099 3090 eo
1109 3035 1267 3108 tempore
1273 3025 1348 3109 jam
1358 3046 1567 3112 responsum

301 3211 304 3218 ,
341 3141 380 3204 le
395 3139 599 3203 habiturum
614 3133 780 3217 sperabat
795 3151 815 3198 a
832 3129 869 3196 P.
885 3133 1045 3212 Vlcario,
1061 3133 1131 3214 ubi,
1147 3135 1294 3216 scilicet,
1310 3144 1345 3200 et
1357 3137 1499 3219 quando
1509 3137 1567 3202 de·

340 3247 439 3311 beret
453 3242 694 3325 Congregatio
708 3239 887 3321 generalis
906 3239 995 3304 fieri.

400 3353 491 3419 3255.
534 3351 586 3416 Re
601 3349 708 3431 igitur
723 3349 817 3412 inter
829 3347 929 3428 ipsos
943 3356 1114 3427 tractata,
1130 3347 1313 3432 Principes
1333 3353 1568 3418 consulendos

340 3479 418 3526 esse
433 3453 658 3534 cen'suerunt,
674 3466 709 3521 et
724 3454 770 3520 ad
784 3454 820 3520 id
834 3455 1170 3536 vice-provincialis
1180 3457 1378 3524 destinatus
1389 3471 1454 3540 est,
1467 3459 1568 3543 cuius

340 3585 550 3652 responsum
577 3566 717 3631 Eborac
745 3562 968 3644 expectaturi
995 3571 1116 3643 erant,
1146 3563 1209 3628 sed
1236 3566 1460 3646 paucissimis
1487 3577 1568 3649 post

339 3677 474 3756 diebus,
490 3674 599 3756 Regis
613 3671 761 3737 consilio
776 3668 1029 3752 Ulyssiponam
1044 3672 1205 3736 revocati
1218 3671 1371 3754 fuerunt,
1385 3684 1423 3739 ut
1437 3675 1486 3739 ibi
1496 3691 1567 3739 ma·

336 3785 451 3866 jorem
464 3785 597 3861 lucem,
614 3778 709 3861 quod
723 3777 769 3842 ad
782 3777 876 3841 hanc
891 3778 1017 3842 attinet
1031 3776 1307 3858 profectionem,
1324 3792 1565 3862 expectarent.

397 3891 488 3956 3256.
531 3889 606 3954 Nec
620 3897 750 3965 tamen,
764 3893 802 3949 ut
816 3885 971 3949 diximus
983 3887 1006 3966 ⁸,
1024 3885 1358 3967 Viceprovincialis
1371 3890 1568 3954 auctoritas

339 4007 394 4064 est
412 4006 592 4064 revocata.
614 3993 704 4059 Cum
722 4002 841 4057 autem
859 3993 1072 4057 sententiam
1090 3993 1249 4074 ipsorum
1263 3994 1300 4059 P.
1324 3995 1492 4062 vicarius
1512 4015 1568 4061 ro-

338 4115 460 4186 gasset
485 4106 529 4170 de
550 4100 760 4186 quibusdam
780 4100 827 4164 ad
845 4099 1100 4182 professionem
1123 4100 1367 4178 admittendis,
1392 4104 1454 4185 qui
1476 4105 1566 4169 desi·

338 4214 438 4293 gnati
452 4212 592 4277 fuerant
606 4228 628 4274 a
643 4207 681 4274 P.
702 4207 852 4290 Ignatio,
869 4209 1008 4273 ratione
1028 4208 1180 4289 exempli
1200 4210 1334 4274 nullum
1348 4227 1427 4275 esse
1447 4211 1569 4276 admit·

339 4322 484 4386 tendum
499 4325 723 4384 censuerunt.

378 4527 388 4560 ¹
406 4505 457 4570 'ci
468 4537 534 4580 quae
544 4525 613 4570 dlctn
624 4531 685 4567 aunt
693 4533 773 4576 supra
785 4534 809 4566 n.
818 4519 873 4565 3200
882 4527 908 4565 et
919 4532 1009 4577 nuper,
1019 4533 1045 4566 n.
1054 4521 1118 4567 sata.

378 4597 390 4630 ί
417 4595 446 4641 P.
458 4595 592 4642 Franclscl
604 4595 722 4650 Borglae.

379 4665 391 4701 ⁸
418 4667 488 4712 Loco
499 4677 581 4722 nuper
591 4665 704 4718 laudato,
716 4665 771 4710 acll.
780 4675 805 4708 ιι.
815 4663 877 4708 8200.

1619 4 1779 144 μ’
