3642 5350
367 429 422 491 750
825 426 953 493 Canon.
973 427 1051 492 Soc.
1070 426 1146 514 Jns.⁴

368 568 427 643 set
436 584 520 643 tunc
535 576 574 641 P.
590 576 776 643 Ludovico
791 575 982 657 Gonzalez,
994 576 1026 641 si
1036 573 1197 641 Societas
1208 574 1302 642 illius
1313 573 1464 656 Collegii
1473 590 1600 640 curam

367 702 437 766 non
451 685 676 767 suscepisset.
693 683 762 751 Sed
776 685 948 767 patientia
959 682 1184 749 difficultates
1194 681 1339 750 tandem
1347 690 1550 764 superatae,
1562 692 1600 749 et

367 792 564 873 Collegium
577 799 703 874 postea
717 791 903 857 fundatum
918 800 984 857 est.

424 898 517 963 3244.
560 898 650 965 Cum
664 898 709 963 D.
724 898 921 965 Teutonius
934 899 972 963 in
986 896 1163 964 societate
1181 906 1306 963 nostra
1320 906 1415 979 erat,
1436 898 1597 964 donatio·

366 1025 447 1073 nem
461 1007 697 1090 quorumdam
719 1007 908 1087 redituum,
929 1006 1066 1071 scilicet
1088 1005 1321 1071 ducentorum
1341 1006 1599 1089 quinquaginta

366 1116 589 1196 ducatorum,
608 1114 759 1196 feceram
775 1124 855 1197 post
877 1112 953 1197 ejus
975 1131 1160 1195 egressum
1178 1114 1264 1179 Dux
1283 1113 1501 1195 Bergantiae
1518 1130 1600 1179 eam

366 1223 505 1289 restitui
519 1222 732 1306 postulavit,
749 1232 787 1287 ut
800 1222 882 1287 inde
897 1223 934 1287 in
949 1222 1077 1290 studiis
1091 1221 1238 1287 Parisiis
1252 1220 1458 1304 praedictus
1469 1220 1598 1287 Teuto-

365 1332 447 1396 nius
461 1333 627 1412 aleretur;
643 1340 678 1395 et
691 1330 742 1395 ita
757 1330 825 1412 ipsi
839 1330 1004 1395 restituta
1017 1328 1095 1395 fuit.

423 1438 516 1503 3245.
559 1436 661 1518 Quod
676 1436 801 1503 attinet
816 1436 863 1503 ad
876 1446 1012 1502 statuta
1028 1435 1132 1517 Regii
1147 1436 1310 1518 Collegii,
1324 1445 1365 1501 ut
1376 1444 1521 1507 nostrae
1535 1434 1596 1502 So

365 1547 486 1612 cietati
500 1562 658 1611 consona
672 1554 801 1626 essent,
817 1553 853 1610 et
867 1546 1014 1610 libertas
1026 1542 1198 1612 Societati
1211 1553 1394 1613 constaret
1406 1545 1444 1611 in
1456 1545 1596 1610 lectori·

363 1656 430 1721 bus
445 1652 707 1733 examinandis,
728 1663 762 1718 et
781 1651 998 1735 hujusmodi,
1018 1660 1054 1717 et
1073 1661 1113 1717 ut
1130 1652 1329 1734 Collegium
1347 1653 1511 1735 superius
1531 1652 1594 1719 Co·

363 1761 599 1827 nimbricense
613 1760 765 1825 retinere
780 1768 960 1839 curarent,
978 1759 1017 1824 Ρ.
1032 1760 1192 1841 ignatius
1205 1760 1319 1826 Roma
1332 1761 1542 1843 scripserat,
1558 1769 1594 1825 et

361 1871 412 1935 ita
425 1868 662 1935 Provincialis
676 1884 715 1933 se
729 1877 936 1933 curaturum
948 1868 1094 1950 recepit,
1110 1868 1203 1933 sicut
1218 1868 1326 1933 etiam
1340 1869 1377 1933 in
1392 1867 1595 1934 valetudine

362 1986 566 2067 nostrorum
585 1975 716 2041 tuenda
730 1976 870 2041 Eborac
895 1983 931 2040 et
955 1976 1034 2040 aliis
1059 1976 1096 2041 in
1120 1976 1220 2053 locis,
1243 1984 1349 2057 prout
1369 1976 1465 2041 idem
1486 1974 1593 2041 Pater
1626 1989 1631 1995 ·

360 2083 685 2162 commendaverat,
699 2100 802 2148 suam
816 2100 963 2165 operam
976 2082 1175 2165 pollicetur,
1187 2093 1223 2149 et
1233 2092 1487 2165 procuratores
1501 2084 1595 2149 sani·

362 2194 448 2258 tatis
463 2193 498 2257 in
514 2190 675 2272 collegiis
688 2208 727 2255 se
742 2191 834 2256 velle
849 2191 1077 2272 constituere,
1094 2207 1195 2258 more
1209 2189 1398 2257 Societatis
1412 2208 1594 2272 romanae,

362 2299 519 2381 scripsit.

422 2405 514 2472 3246.
557 2404 758 2489 Episcopus
771 2403 1053 2487 Portalegrensis
1069 2403 1079 2439 ⁸
1095 2404 1293 2487 Collegium
1305 2407 1343 2471 in
1361 2424 1427 2473 sua
1441 2408 1593 2473 ecclesia

360 2515 559 2596 instituere,
576 2514 613 2579 in
628 2531 692 2579 suo
707 2514 916 2597 episcopatu
926 2529 1151 2596 summopere
1161 2514 1338 2595 cupiebat:
1350 2516 1414 2580 sed
1425 2524 1507 2581 octo
1517 2524 1592 2581 tan·

361 2630 436 2688 tum
450 2622 496 2687 ad
511 2640 550 2688 se
565 2622 656 2688 mitti
671 2621 773 2687 initio
794 2620 1013 2704 postulabat,
1036 2628 1072 2686 et
1089 2621 1211 2686 statim
1229 2620 1402 2688 ducentos
1423 2624 1594 2706 quinqua·

360 2732 461 2812 ginta
475 2730 626 2796 ducatos
640 2727 800 2813 [reditus]
823 2730 931 2796 annui
946 2729 1108 2812 perpetui
1129 2730 1350 2811 assignabat,
1372 2730 1590 2797 dotationem

358 2857 423 2904 suo
437 2850 598 2921 tempore
614 2838 850 2918 absoluturus;
865 2836 929 2902 sed
939 2837 1088 2918 penuria
1104 2837 1360 2918 operariorum,
1372 2855 1417 2902 ne
1427 2838 1478 2903 illi
1489 2840 1595 2903 satis·

357 2947 435 3012 fieri
444 2954 577 3029 posset,
587 2943 771 3024 efficiebat;
782 2953 817 3009 et
828 2943 961 3026 quiaP.
974 2943 1134 3024 Ignatius
1144 2944 1339 3026 scripserat
1347 2963 1392 3010 ne
1402 2946 1592 3027 collegium

359 3055 469 3120 ullum
478 3053 781 3133 admitteretur,in
792 3069 863 3134 quo
872 3061 1014 3134 praeter
1026 3052 1169 3117 domum
1179 3061 1214 3116 et
1223 3052 1412 3119 ecclesiam
1423 3062 1590 3136 quatuor·

359 3161 474 3227 decim
488 3179 534 3226 ex
548 3161 681 3225 nostris
692 3159 885 3225 sustentari
896 3176 969 3224 non
980 3169 1137 3241 possent,
1151 3160 1246 3241 apud
1257 3160 1473 3243 Episcopum
1483 3179 1589 3227 excu-

358 3269 534 3334 sationem
548 3268 759 3344 habuerunt,
780 3268 945 3350 quamvis
958 3267 1017 3331 ille
1030 3266 1191 3348 Reginae
1205 3277 1299 3332 esset
1312 3269 1530 3335 carissimus.

417 3376 509 3442 3247.
551 3375 668 3457 Magis
682 3375 824 3440 dolebat
838 3374 933 3457 quod
950 3371 1128 3455 Episcopo
1151 3373 1379 3455 Algarbiensi
1392 3374 1405 3407 ¹
1419 3375 1586 3441 satisfieri
1609 3430 1611 3433 .

358 3502 430 3550 non
444 3491 577 3567 posset,
593 3484 652 3566 qui
662 3480 739 3563 jam
756 3481 892 3565 pridem
914 3481 1041 3546 litteris
1061 3483 1169 3546 etiam
1188 3480 1235 3547 ad
1250 3481 1288 3546 Ρ.
1308 3482 1485 3564 ignatium
1503 3484 1589 3548 scri·

356 3593 427 3675 ptis
440 3592 526 3658 illud
540 3591 754 3674 postulabat,
771 3607 813 3655 eo
827 3589 945 3654 fructu
964 3599 1177 3670 commotus,
1193 3607 1298 3672 quem
1317 3592 1508 3672 provenire
1523 3608 1589 3656 suo

356 3701 459 3783 gregi
484 3718 531 3765 ex
554 3697 780 3764 missionibus
804 3704 1009 3761 nostrorum
1033 3696 1307 3778 observaverat3
1332 3697 1396 3763 sed
1424 3699 1588 3781 paucitas

358 3807 615 3890 operariorum,
628 3823 699 3871 non
711 3805 826 3870 solum
834 3805 1035 3884 collegium,
1044 3803 1107 3869 sed
1116 3806 1173 3869 vel
1181 3823 1291 3870 unum
1298 3807 1588 3872 concionatorem

357 3915 402 3982 ad
417 3915 531 3997 ipsius
552 3913 741 3978 dioecesim
759 3912 851 3977 mitti
870 3911 1092 3993 prohibebat,
1113 3913 1278 3992 quamvis
1299 3913 1494 3994 singularis
1514 3913 1590 3996 ejus

356 4041 444 4105 erga
457 4021 672 4089 Societatem
686 4020 834 4085 affectus
848 4018 1149 4100 gratificationem
1160 4015 1373 4085 merebatur.

415 4129 506 4198 3248.
550 4129 639 4196 Cum
653 4144 763 4210 prope
779 4128 923 4193 domum
937 4134 1098 4191 nostram
1112 4125 1174 4191 S.t¹
1188 4127 1302 4193 Rochi
1313 4127 1454 4210 aliquae
1464 4147 1589 4196 saecu·

356 4238 484 4305 larium
498 4237 681 4334 hominum
694 4234 822 4300 domus
836 4234 1075 4314 erigerentur,
1092 4251 1184 4316 quae
1203 4243 1388 4317 aspectum
1406 4237 1531 4304 saltem
1552 4239 1589 4303 in

369 4400 568 4412 ..ιαμ-

395 4483 404 4517 ¹
433 4483 551 4537 Julianus
561 4481 640 4535 Alea,
651 4480 682 4524 de
694 4491 744 4536 qoo
754 4478 814 4524 vide
824 4488 912 4533 snpra,
924 4483 943 4523 t.
952 4489 980 4532 v,
990 4488 1050 4533 pag.
1058 4477 1108 4533 tot,
1115 4488 1140 4524 n.
1150 4478 1210 4524 ttot.
1221 4477 1254 4523 In
1264 4488 1313 4524 suo
1323 4479 1490 4537 episcopatu,
1501 4480 1588 4540 idest,

356 4563 472 4612 tempore
482 4555 649 4610 episcopatuo
659 4552 706 4598 ml.

394 4627 406 4660 ¹
432 4626 525 4681 Joannl
534 4625 566 4670 de
576 4623 661 4680 Mello,
671 4624 745 4679 culus
754 4623 851 4669 mentlo
861 4633 940 4678 saepe
949 4622 1022 4668 facta
1036 4628 1086 4667 ert.
1101 4619 1140 4666 De
1155 4621 1197 4667 hia
1209 4623 1265 4678 enit
1279 4622 1409 4670 Potanern
1423 4635 1514 4682 supra,
1530 4632 1587 4683 tn,

353 4711 414 4757 pag.
423 4699 472 4754 601,
480 4711 505 4744 n.
514 4697 566 4743 itit
576 4703 602 4741 ct
612 4696 673 4743 1⁶55.
