3642 5350
353 435 409 497 672
812 432 941 496 Cnaor.
961 428 1038 494 Soc.
1059 429 1129 507 Jas.

412 581 503 646 2889.
546 581 640 646 Inter
667 599 728 657 ea,
757 597 850 662 quae
879 581 1028 643 multum
1056 577 1312 642 aedificationis
1337 577 1581 658 praestabant,

352 707 439 755 cura
457 699 535 754 erat
554 706 624 771 qua
643 687 758 752 nostri
775 687 964 751 damnatos
985 686 1130 766 capitali
1150 686 1326 750 sententia
1352 681 1512 766 [juvare]
1535 685 1580 750 ad

351 797 441 861 bene
454 796 676 861 moriendum
690 794 904 859 nitebantur:
921 793 1064 858 suerunt
1079 801 1197 856 autem
1208 791 1277 856 hoc
1292 809 1386 856 anno
1401 793 1502 856 multi
1516 793 1576 856 hu-

348 904 501 985 iusmodi
514 903 676 968 homines
689 901 879 967 Cordubae
889 913 1050 966 extremo
1062 899 1181 964 affecti
1191 898 1377 980 supplicio;
1390 917 1473 964 cum
1482 899 1576 963 enim

352 1029 484 1092 magna
497 1021 591 1076 esset
606 1027 769 1076 annonae
783 1011 929 1088 caritas,
946 1008 1098 1090 praedas
1116 1009 1271 1088 agebant
1286 1008 1385 1072 multi
1404 1025 1477 1071 non
1498 1024 1576 1089 pro·

351 1121 408 1184 cul
422 1136 444 1182 a
458 1119 571 1200 portis
584 1117 784 1182 Cordubae.
801 1116 943 1182 Accidit
958 1115 1150 1196 aliquando
1164 1115 1269 1180 simul
1280 1123 1361 1180 octo
1375 1123 1436 1178 aut
1446 1131 1574 1179 novem

351 1244 397 1292 ex
411 1227 466 1291 his
481 1242 626 1306 capere,
646 1225 707 1307 qui
721 1241 845 1289 omnes
859 1233 962 1288 erant
977 1223 1153 1302 saraceni,
1170 1223 1447 1286 christianorum
1466 1223 1575 1286 servi.

349 1334 430 1399 Duo
445 1335 585 1399 illorum
599 1333 646 1400 ad
659 1332 765 1398 fidem
778 1331 1011 1396 christianam
1025 1331 1192 1394 conversi
1206 1329 1364 1410 fuerunt;
1380 1338 1415 1393 et
1435 1327 1576 1410 quidem

349 1445 439 1508 alter
452 1459 576 1506 eorum
589 1440 774 1521 cujusdam
786 1439 901 1504 nostri
915 1437 1120 1503 scholastici
1135 1455 1256 1520 opera,
1274 1455 1354 1503 cum
1370 1438 1416 1501 ad
1431 1455 1574 1518 suspen·

349 1551 445 1615 dium
459 1550 659 1616 duceretur:
676 1547 919 1613 avocabantur
940 1556 1060 1610 autem
1075 1563 1096 1609 a
1113 1545 1291 1627 judicibus
1306 1543 1574 1610 confraternita-

349 1660 404 1738 tis,
421 1675 529 1741 quam
543 1658 652 1737 vulgo
666 1655 890 1719 hermunduri
904 1665 1048 1734 vocant,
1065 1671 1156 1736 quae
1171 1654 1217 1718 ad
1232 1654 1424 1735 capiendos
1442 1654 1576 1719 facino·

349 1783 451 1831 rosos
464 1784 485 1829 a
499 1765 598 1845 Rege
611 1763 837 1828 Ferdinando
852 1762 917 1827 suit
931 1764 967 1827 in
982 1762 1156 1842 Hispania
1167 1761 1371 1826 constituta.

407 1871 499 1937 2890.
542 1872 614 1937 Sub
628 1881 837 1936 autumnum
850 1869 888 1934 P.
902 1870 1110 1951 Alphonsus
1121 1869 1250 1951 Lopez,
1264 1868 1325 1952 qui
1335 1868 1502 1933 Conchae
1514 1886 1574 1932 no·

349 1981 433 2044 stris
447 1979 662 2061 praefuerat,
679 1977 882 2042 Cordubam
896 1986 936 2041 ut
947 1975 1078 2042 Rector
1089 1985 1184 2042 esset
1195 1976 1271 2058 eJ'us
1283 1975 1433 2057 Collegii
1444 1975 1574 2040 missus

348 2097 414 2167 est,
430 2104 512 2151 cum
526 2102 658 2166 magna
674 2085 917 2150 consolatione
931 2083 1049 2149 Patris
1067 2083 1194 2149 Zarate
1210 2082 1232 2163 ¹,
1247 2085 1308 2165 qui
1325 2101 1368 2147 eo
1382 2083 1448 2148 luit
1466 2100 1573 2148 onere

348 2195 564 2260 sublevatus.

406 2300 498 2366 2891.
541 2299 666 2383 Coepit
674 2310 791 2366 autem
803 2301 923 2364 statim
936 2301 1141 2364 concionari
1152 2299 1355 2382 praedictus
1366 2299 1403 2364 P.
1417 2298 1572 2381 Alphon-

347 2427 409 2475 sus
422 2408 592 2492 postridie
606 2425 712 2490 quam
727 2417 891 2489 venerat,
907 2417 942 2472 et
956 2407 1031 2488 ejus
1042 2408 1205 2473 doctrina
1220 2418 1254 2474 et
1266 2407 1410 2490 spiritus
1424 2425 1495 2472 non
1510 2425 1573 2489 pa·

347 2536 427 2582 rum
449 2516 639 2596 satisfecit;
665 2515 828 2597 quamvis
849 2532 923 2580 vox
944 2515 1020 2597 ejus
1041 2526 1186 2599 propter
1205 2515 1420 2582 debilitatem
1436 2533 1506 2580 non
1527 2513 1572 2578 ab

346 2625 508 2691 omnibus
521 2624 775 2706 excipiebatur.

405 2732 497 2798 2892.
538 2733 672 2799 Eodem
687 2731 755 2812 die,
771 2734 908 2801 scilicet
922 2732 982 2797 Sti
1002 2732 1185 2815 Matthaei,
1202 2736 1272 2799 alio
1289 2735 1468 2815 intemplo
1483 2733 1571 2797 satis

346 2843 464 2923 amplo
479 2841 712 2905 concionatus
726 2851 780 2905 est
795 2840 833 2905 P.
849 2839 1027 2918 Ramirez,
1048 2860 1114 2907 nec
1137 2841 1318 2907 auditores
1336 2844 1436 2906 locus
1455 2840 1570 2921 capie-

346 2949 417 3013 bat:
431 2948 497 3012 suit
510 2948 631 3012 habita
646 2947 796 3027 insignis
809 2958 846 3012 et
859 2949 1020 3029 perutilis
1035 2967 1077 3013 ea
1089 2950 1227 3031 concio,
1240 2959 1275 3015 et
1286 2951 1378 3014 inter
1390 2950 1480 3014 alios
1494 2958 1570 3014 tam

346 3056 464 3121 valide
484 3056 549 3121 fuit
568 3056 673 3136 virgo
692 3056 764 3120 icta
784 3056 905 3135 gladio
924 3056 1024 3121 verbi
1043 3056 1126 3138 Dei,
1149 3067 1185 3123 ut
1204 3058 1407 3123 exanimata
1427 3058 1568 3122 domum

346 3164 472 3228 deduci
483 3164 654 3241 debuerit,
666 3173 794 3227 etcum
805 3165 852 3229 ad
865 3181 904 3229 se
918 3166 1072 3241 tandem,
1086 3182 1178 3247 aqua
1190 3165 1306 3230 infusa
1321 3176 1355 3231 et
1367 3165 1447 3229 aliis
1460 3182 1569 3229 reme·

347 3273 426 3352 diis,
441 3271 556 3351 rediit,
572 3271 693 3336 statim
708 3282 917 3337 ornamenta
932 3290 997 3337 sua
1013 3291 1084 3337 ase
1099 3272 1236 3355 abjecit,
1250 3275 1377 3339 uberes
1387 3272 1570 3339 effundens

346 3381 537 3461 lacrymas,
553 3396 619 3444 nec
633 3396 744 3460 usque
758 3380 806 3444 ad
819 3389 961 3445 noctem
976 3381 1092 3446 cibum
1106 3399 1234 3463 capere
1248 3384 1384 3447 volens.

404 3486 495 3552 2893.
538 3486 617 3551 Hoc
641 3503 762 3552 mense
787 3485 984 3569 Septembri
1003 3488 1067 3553 Dr.
1094 3488 1233 3554 Madrid
1253 3490 1512 3569 Vallisoletum,
1532 3502 1569 3557 ut

346 3596 508 3677 superius
526 3596 682 3659 diximus
700 3592 728 3676 ⁸,
754 3593 788 3677 [a
808 3594 847 3658 P.
873 3596 1068 3661 Francisco
1090 3596 1223 3678 Borgia
1244 3610 1393 3663 vocatus
1417 3598 1507 3682 suit];
1534 3612 1569 3664 et

344 3711 426 3766 ante
440 3719 620 3767 recessum
633 3712 706 3767 tres
721 3704 779 3765 vel
792 3713 945 3784 quatuor
960 3704 1082 3769 habuit
1097 3706 1300 3785 concioneS,
1314 3725 1405 3788 quae
1420 3710 1568 3773 multum

344 3810 490 3874 terroris
505 3819 539 3874 et
554 3810 800 3874 admirationis
813 3810 1014 3875 hominibus
1031 3813 1235 3878 attulerunt.

403 3915 495 3982 2894.
538 3917 643 3982 Pater
657 3918 764 3982 etiam
778 3917 992 3983 Benedictus
1011 3918 1022 3949 ³
1043 3919 1290 3987 Vallisoletum
1305 3922 1470 3990 Corduba
1488 3942 1567 4007 pro·

342 4026 456 4090 lectus
470 4037 533 4091 est.
550 4024 623 4089 Alii
637 4037 756 4090 tamen
769 4026 895 4090 eodem
910 4028 989 4090 loco
1005 4027 1201 4109 Collegium
1211 4039 1273 4093 aut
1284 4031 1427 4096 domum
1441 4034 1565 4114 proba·

342 4133 449 4198 tionis
462 4133 652 4214 augebant,
667 4132 831 4212 quamvis
846 4134 936 4198 haec
952 4134 1088 4216 domus,
1105 4144 1144 4199 ut
1158 4136 1298 4202 facilius
1309 4147 1568 4206 sustentaretur

343 4259 388 4306 ex
412 4240 663 4321 eleemosynis,
688 4240 886 4305 Granatam
908 4241 1158 4307 transferenda
1178 4242 1366 4310 videbatur
1373 4262 1381 4325 ;
1404 4248 1570 4329 quamvis

383 4483 393 4517 ¹
421 4482 450 4528 P.
460 4480 589 4536 Alphonrl
603 4478 708 4525 Zarate.

380 4554 393 4588 ⁸
418 4553 511 4609 Supra,
523 4562 582 4608 paz.
593 4552 642 4607 57⁹,
650 4564 674 4597 a
682 4550 745 4607 250⁵,
754 4560 781 4597 et
790 4563 852 4609 pag.
861 4552 910 4610 ⁶51,
922 4564 947 4600 n.
957 4552 1019 4601 2198.

378 4624 391 4658 ⁸
416 4624 601 4741 nggmm'
612 4626 693 4668 tacito
702 4625 759 4679 eiua
769 4626 929 4680 cognomine.
940 4627 966 4671 ln
981 4626 1146 4673 Moamrrn
1161 4628 1258 4674 nocuis
1273 4628 1430 4685 appellatur.
1445 4630 1512 4677 Vide
1527 4640 1566 4676 aa·

341 4708 431 4754 prmo.
496 4729 502 4741 .
