3642 5350
346 399 398 459 136
803 399 932 460 Canon.
952 396 1028 459 Soc.
1049 398 1120 472 an.

346 564 438 626 muS,
452 546 511 626 qui
526 546 649 610 curam
659 546 858 610 animarum
868 544 945 626 ejus
956 545 1126 609 ecclesiae
1137 545 1296 625 gerebat,
1309 554 1343 609 et
1355 545 1448 608 inter
1459 563 1575 609 sacer·

345 654 445 719 dotes
456 653 573 733 magis
587 652 764 717 studiosos
780 650 855 732 ejus
873 652 972 717 urbis
990 652 1202 730 habebatur,
1220 653 1280 734 qui
1299 654 1419 733 aliqua
1439 653 1575 717 semina

345 761 594 826 exercitiorum
624 772 852 841 acceptorum
886 778 968 825 cum
996 760 1121 824 Patres
1146 759 1358 824 Paschasius
1389 769 1423 823 et
1448 759 1572 824 Simon

345 868 447 934 Senis
472 877 589 932 essent
614 866 635 949 ¹,
657 868 773 932 adhuc
792 868 977 932 retinebat.
998 867 1066 931 Hic
1086 878 1233 930 matrem
1257 884 1358 931 suam
1376 869 1475 931 senio
1491 886 1574 932 con·

344 975 475 1039 sectam
488 992 598 1056 penes
611 992 650 1039 se
664 974 829 1053 habebat;
846 974 1009 1055 quamvis
1024 974 1118 1037 enim
1129 975 1253 1038 eadem
1264 984 1342 1039 erat
1354 975 1479 1038 domus
1491 992 1573 1039 cum

345 1091 478 1162 nostra,
495 1091 634 1164 portam
648 1091 767 1147 tamen
782 1089 996 1163 separatam,
1013 1098 1082 1161 qua
1097 1082 1143 1145 ad
1162 1082 1340 1161 publicam
1361 1082 1458 1146 viam
1473 1098 1574 1162 egre·

348 1191 520 1269 diebatur,
537 1190 700 1254 habebat.

408 1296 480 1361 497.
522 1296 591 1361 Hic
616 1297 662 1360 ad
686 1295 900 1361 Societatem
925 1305 1083 1360 nostram
1102 1297 1369 1377 ingrediendam
1391 1293 1576 1377 accensus,

349 1404 567 1469 obedientiae
582 1421 620 1467 se
639 1402 811 1487 subjicere
832 1404 894 1467 sed
913 1402 1035 1469 addita
1055 1404 1257 1468 conditione
1274 1405 1427 1483 volebat,
1445 1413 1483 1467 ut
1504 1422 1577 1468 ma·

348 1514 413 1577 tris
428 1529 552 1576 curam
565 1527 673 1591 agere
687 1528 759 1574 non
774 1512 1031 1591 prohiberetur,
1052 1528 1130 1590 nec,
1151 1511 1235 1574 dum
1257 1512 1316 1575 illa
1335 1512 1484 1591 viveret,
1507 1513 1577 1576 alio

350 1620 558 1683 mitteretur.
584 1616 653 1682 Sed
678 1636 759 1681 cum
784 1618 1014 1682 intellexisset
1039 1616 1252 1682 Societatem
1277 1609 1436 1682 nostram
1463 1618 1580 1699 huJ'us·

350 1726 443 1790 modi
464 1726 684 1791 conditiones
703 1744 774 1789 non
793 1724 996 1805 admittere,
1023 1726 1180 1791 decrevit
1197 1726 1339 1789 omnino
1359 1735 1394 1788 et
1412 1726 1488 1789 sine
1508 1727 1578 1789 ulla

350 1835 550 1899 conditione
575 1850 613 1897 se
633 1832 800 1898 Societati
826 1833 1012 1914 subjicere.
1038 1836 1083 1899 Et
1108 1836 1157 1899 ita
1183 1835 1289 1897 matri
1314 1835 1488 1897 consuluit
1508 1834 1579 1897 alia

350 1944 498 2021 ratione;
515 1952 608 2005 etex
626 1942 843 2006 habitatione
863 1958 929 2004 sua
943 1952 1083 2022 portam
1101 1944 1291 2023 quamdam
1306 1943 1480 2022 aperiens,
1496 1958 1578 2005 cum

349 2059 472 2113 nostra
496 2048 688 2129 conjunxit,
716 2058 846 2112 etcum
871 2066 1004 2129 magna
1029 2048 1272 2113 aedificatione
1292 2050 1389 2112 urbis
1413 2059 1447 2112 et
1468 2048 1579 2130 ipsius

350 2157 456 2221 etlam
478 2154 678 2220 Cardinalis
702 2154 774 2237 (qui
795 2173 875 2220 eum
891 2157 1022 2237 alloqui
1041 2174 1084 2219 ac
1103 2157 1322 2237 propositum
1338 2154 1413 2236 ejus
1431 2156 1578 2221 laudare

350 2274 384 2327 et
400 2265 446 2328 ad
460 2264 765 2344 perseverantiam
779 2263 938 2327 animare
953 2264 1075 2341 voluit)
1092 2264 1268 2327 admissus
1282 2275 1349 2342 est;
1365 2272 1399 2327 et
1420 2281 1487 2327 sua
1501 2280 1582 2344 sup·

350 2372 537 2454 pellectilia
551 2371 817 2435 communicans
832 2370 989 2451 collegio
1005 2382 1138 2450 nostro,
1152 2371 1285 2451 aliquid
1296 2369 1372 2451 ejus
1387 2372 1577 2435 commodi·

350 2479 416 2542 tati
431 2479 577 2543 addidit.

411 2586 482 2651 498.
525 2586 593 2651 Sed
608 2595 643 2651 et
657 2587 771 2668 ipsam
786 2588 975 2651 ecclesiam
993 2588 1106 2651 nostri
1121 2588 1380 2652 concinnarunt
1397 2589 1578 2666 decenter,

351 2705 385 2760 et
400 2697 588 2777 pulchrum
602 2697 869 2760 tabernaculum
885 2696 930 2759 ad
945 2697 1161 2761 servandum
1173 2697 1441 2760 Sanctissimum
1455 2693 1581 2759 Sacra-

351 2813 507 2868 mentum
521 2805 557 2867 in
579 2821 622 2867 ea
647 2805 916 2883 constituerunt,
941 2805 1037 2885 quod
1058 2813 1180 2869 mutuo
1206 2823 1227 2868 a
1253 2806 1438 2868 monachis
1452 2802 1582 2867 Montis

353 2909 485 2975 Oliveti
500 2920 724 2992 acceperant.

411 3019 482 3082 499.
525 3017 594 3083 Sed
608 3028 644 3082 et
657 3019 820 3082 chortina
835 3017 845 3048 ¹
860 3020 1014 3100 quadam
1029 3035 1161 3099 magna
1172 3020 1270 3084 viros
1281 3038 1302 3082 a
1315 3019 1477 3082 foeminis
1489 3019 1580 3082 inter

353 3127 564 3191 audiendam
579 3126 879 3208 praedicationem
895 3128 1025 3202 divisit;
1049 3128 1148 3190 etita
1170 3129 1339 3208 templum
1352 3127 1398 3190 ad
1420 3125 1583 3190 aedifica·

354 3236 484 3298 tionem
507 3243 542 3298 et
556 3234 781 3298 devotionem
806 3233 976 3314 majorem
990 3233 1254 3298 advenientium
1273 3235 1505 3314 inposterum
1527 3250 1582 3297 ac·

355 3342 620 3406 commodatum
639 3342 715 3406 luit.

414 3449 486 3514 500.
529 3449 567 3513 P.
584 3450 744 3531 Baptista
758 3449 787 3513 F
789 3450 977 3528 irmiensiS,
990 3467 1094 3530 quem
1109 3451 1315 3514 concionari
1331 3448 1484 3513 diximus
1499 3449 1584 3512 etin

360 3558 512 3628 ecclesia
526 3557 608 3621 etin
622 3557 859 3636 monasteriis
872 3575 998 3637 pacem
1013 3557 1203 3638 quamdam
1216 3559 1307 3621 inter
1319 3557 1491 3638 quosdam
1507 3575 1584 3620 san·

355 3667 463 3747 guine
488 3664 697 3746 conjunctos
721 3665 938 3745 conciliavit,
966 3665 1026 3746 qui
1051 3665 1286 3746 quadraginta
1311 3665 1414 3728 annis
1439 3675 1582 3745 propter

357 3775 449 3837 bona
465 3774 640 3854 quaedam
655 3773 777 3853 magni
791 3773 961 3836 momenti
973 3773 1065 3836 inter
1080 3791 1118 3835 se
1133 3771 1362 3836 dissidebant.
1379 3773 1423 3835 Et
1438 3789 1585 3852 prorsus

358 3881 404 3945 ad
419 3883 529 3946 multa
544 3880 692 3944 idoneus
713 3889 800 3957 erat,
823 3883 854 3944 si
872 3881 918 3944 ad
942 3881 1012 3943 alia
1027 3879 1094 3944 Dei
1114 3880 1205 3944 dona
1226 3881 1460 3944 humilitatem
1479 3889 1586 3961 atque

359 3988 594 4053 obedientiam
627 3986 797 4068 majorem
826 3988 1030 4051 addidisset.
1067 3986 1136 4050 Sed
1164 4005 1245 4050 cum
1272 3986 1462 4068 Superiore
1491 3987 1587 4051 nullo

357 4097 462 4160 modo
487 4097 519 4159 ei
544 4095 788 4175 conveniebat;
815 4104 849 4158 et
876 4095 984 4157 nimia
1010 4103 1111 4159 utens
1136 4095 1310 4174 libertate,
1337 4095 1389 4158 sic
1416 4112 1453 4157 se
1477 4095 1588 4172 gessit

359 4215 460 4267 extra
477 4203 630 4282 domum,
655 4212 694 4266 ut
717 4203 790 4268 iere
815 4202 940 4265 eodem
969 4209 1127 4282 tempore
1156 4201 1381 4266 Licenciatus
1406 4201 1588 4266 Mercante

402 4446 409 4477 ¹
440 4445 531 4489 Patres
548 4445 701 4490 Paschasius
718 4445 796 4490 Brottt
811 4451 837 4488 et
853 4443 940 4488 Simon
951 4444 1096 4498 Rodrigoez
1113 4444 1194 4489 Senos
1204 4443 1287 4489 Roma
1301 4443 1412 4500 proiecti
1426 4451 1486 4488 sunt
1500 4456 1588 4489 mense

359 4516 426 4571 Maio
439 4517 498 4560 1539.
511 4516 577 4560 Vide
588 4529 675 4572 sopra,
686 4529 746 4573 pag.
760 4517 805 4570 130.
816 4530 841 4561 n.
851 4517 899 4571 tta
908 4523 934 4561 et
947 4517 1042 4570 Bottuo,
1055 4517 1114 4561 Vita
1128 4517 1171 4560 del
1181 4527 1259 4560 servo
1268 4518 1298 4561 dt
1308 4516 1368 4570 Dio,
1378 4517 1408 4560 P.
1419 4518 1528 4561 Simone
1538 4517 1588 4561 Ro·

359 4587 537 4642 drtgues,§11.

400 4659 412 4694 ¹
440 4661 585 4708 Vetamtne.
