3642 5350
795 472 860 538 Aa.
881 446 951 538 1556
1434 473 1487 539 657

258 619 302 683 lis
321 619 425 684 rediit
446 621 482 684 in
502 621 640 686 ltaliam
660 622 740 702 (qui
760 622 894 702 aliquot
916 635 1056 686 menses
1075 620 1113 685 P.
1135 621 1328 687 Francisco
1351 623 1485 687 auxilio

259 738 401 808 praesto
417 729 504 809 luit),
521 726 560 793 P.
576 729 855 809 Bustamantem,
871 729 1039 794 Baeticae
1054 727 1327 811 Provincialem,
1341 730 1482 794 interim

259 834 342 898 dum
357 835 403 899 ad
417 834 742 916 Congregationem
761 831 1157 917 generalem'veniebat,
1175 838 1312 902 socium
1328 838 1482 918 retinuit,

258 944 319 1023 qui
345 944 420 1007 suis
441 944 568 1008 litteris
587 953 754 1025 testatur,
773 945 1025 1024 gubernationi
1045 943 1222 1026 spirituali
1240 953 1275 1008 et
1295 945 1483 1025 temporali

257 1050 405 1115 multum
420 1069 527 1116 curae
542 1069 563 1114 a
577 1051 615 1116 P.
632 1052 826 1117 Francisco
842 1051 1013 1128 adhiberi,
1032 1051 1197 1132 quamvis
1216 1050 1254 1115 P.
1276 1052 1456 1117 Antonius
1474 1051 1482 1083 ¹

256 1157 372 1222 adhuc
397 1160 549 1240 amplius
573 1159 778 1243 desiderare
797 1159 989 1224 videretur.
1010 1158 1056 1224 Et
1074 1157 1167 1232 idem
1186 1157 1224 1224 P.
1248 1159 1479 1232 Bustamante

255 1264 325 1328 hoc
358 1267 490 1330 sentire
523 1267 728 1344 videbatur,
761 1269 879 1348 potius
912 1267 1005 1330 bono
1038 1266 1211 1347 scriptore
1245 1284 1352 1347 quam
1385 1268 1483 1332 socio

254 1370 292 1435 P.
308 1371 541 1439 Franciscum
566 1375 737 1456 indigere,
753 1375 848 1455 quod
862 1373 950 1439 nihil
966 1373 1112 1438 alterius
1127 1373 1275 1438 arbitrio
1291 1375 1482 1456 committe·

253 1489 318 1561 ret,
341 1499 421 1545 cum
443 1500 482 1546 se
507 1483 620 1547 teneri
645 1483 692 1548 ad
712 1483 831 1546 omnia
858 1499 983 1564 perse
1009 1481 1124 1562 ipsum
1149 1469 1338 1546 tractanda
1361 1484 1479 1548 existi*

254 1599 381 1653 maret.
652 1663 656 1670 ¹
684 1676 688 1683 .

312 1695 403 1760 2823.
447 1697 525 1778 Ipse
543 1698 650 1763 etiarn
669 1698 849 1780 suggessit
871 1696 910 1761 P.
937 1697 1075 1778 ignatio
1092 1707 1141 1777 ut,
1165 1697 1259 1779 quod
1279 1697 1406 1762 attinet
1433 1698 1478 1763 ad

253 1805 414 1884 corporis
428 1807 688 1884 necessitatem,
711 1806 809 1871 socio
828 1806 1025 1870 auctoritas
1044 1806 1080 1870 in
1104 1807 1220 1886 ipsum
1234 1821 1307 1868 non
1321 1803 1477 1884 daretur,

252 1930 296 1975 ne
312 1911 528 1992 affligeretur
542 1913 626 1977 dum
645 1931 684 1977 se
704 1913 905 1978 obedientia
920 1913 1033 1977 teneri
1052 1913 1098 1978 ad
1113 1911 1232 1976 omnia
1247 1919 1398 1993 putaret,
1415 1913 1477 1977 sed

248 2017 350 2098 juxta
365 2020 493 2085 medici
508 2021 704 2101 consilium,
721 2030 760 2085 ut
774 2021 882 2086 etiam
897 2021 986 2085 cibis
1002 2021 1070 2084 illis
1085 2021 1136 2084 uti
1151 2031 1283 2100 posset,
1300 2037 1389 2101 quos
1403 2021 1476 2102 qui·

250 2127 399 2192 busdam
415 2129 633 2209 temporibus
646 2129 807 2194 Ecclesia
822 2129 997 2210 prohibet;
1018 2128 1181 2209 quamvis
1200 2137 1347 2208 propter
1362 2127 1477 2208 ipsius

249 2236 530 2300 consolationem
540 2234 563 2316 ⁸,
578 2237 634 2300 vel
642 2237 760 2318 potius
772 2237 818 2300 ad
826 2235 1101 2300 amaritudinem
1112 2233 1309 2313 vitandam,
1319 2234 1474 2316 aliquan·

247 2342 294 2406 do
308 2360 330 2406 a
344 2343 533 2423 prohibitis
547 2344 725 2408 abstinere
740 2345 1019 2425 permitteretur3
1036 2351 1071 2406 et
1086 2343 1117 2406 si
1129 2341 1234 2406 alicui
1249 2341 1401 2407 facultas
1415 2343 1475 2407 da·

247 2459 344 2514 retur
360 2460 397 2515 ut
412 2451 445 2515 ei
458 2461 579 2532 posset
595 2452 631 2515 in
645 2451 713 2516 hac
728 2462 829 2532 parte
840 2451 1058 2532 praecipere,
1071 2459 1110 2513 ut
1120 2449 1226 2512 simul
1237 2449 1303 2512 hoc
1316 2447 1473 2530 injunge·

247 2566 345 2622 retur
370 2567 407 2622 ut
431 2559 668 2624 obedientiam
687 2560 806 2622 socius
825 2559 1016 2633 relaxaret,
1033 2558 1063 2620 si
1083 2557 1199 2637 ipsum
1214 2573 1257 2619 ea
1272 2555 1382 2636 affligi
1401 2557 1473 2620 ani·

246 2665 496 2732 madverteret.

304 2772 395 2838 2824.
440 2775 613 2857 Cupiebat
628 2787 746 2841 autem
757 2775 795 2839 P.
812 2776 989 2840 Antonius
1006 2771 1069 2857 [ut]
1083 2780 1166 2837 ante
1177 2788 1280 2837 suum
1291 2788 1470 2836 recessum

246 2881 283 2946 P.
299 2880 437 2947 Natalis
452 2885 684 2949 constitutum
698 2884 842 2966 aliquod
853 2882 1067 2964 relinqueret
1081 2880 1125 2945 de
1140 2878 1246 2944 modo
1260 2878 1469 2960 expediendi

244 2991 400 3071 negotia,
426 3003 462 3056 et
476 2990 520 3055 de
534 2992 668 3057 eisdem
693 3010 774 3057 cum
799 2990 1060 3056 consultoribus
1082 3006 1104 3053 a
1126 2986 1380 3054 commissario
1399 2996 1467 3051 tra·

244 3097 393 3176 ctandis,
414 3109 449 3162 et
468 3100 586 3163 calore
606 3118 648 3164 ac
668 3099 862 3164 vivacitate
881 3095 1055 3179 praedicti
1075 3094 1113 3160 P.
1130 3094 1268 3159 Natalis
1290 3111 1349 3158 res
1368 3093 1468 3175 spiri·

243 3207 357 3269 tuales
371 3205 511 3270 illarum
526 3205 798 3272 Provinciarum
812 3204 1018 3287 promoveri
1032 3220 1136 3285 posse
1153 3201 1390 3281 existimabat,
1408 3198 1467 3283 [et]

242 3314 287 3376 ab
301 3314 427 3378 eodem
442 3315 549 3379 etiam
564 3314 855 3393 ConstitutioneS,
877 3330 967 3395 quas
981 3312 1246 3391 declaraverat,
1263 3308 1308 3375 ad
1327 3308 1468 3389 praxim

240 3419 367 3485 deduci
385 3423 560 3503 cupiebat.

299 3528 390 3594 2825.
433 3530 488 3595 De
503 3532 662 3613 collegiis
677 3530 860 3611 Oropesae
874 3540 909 3593 et
925 3526 986 3611 [in]
1003 3527 1072 3591 alio
1084 3523 1236 3608 quodam
1248 3523 1378 3605 oppido
1390 3521 1466 3603 ejus

240 3636 388 3702 Comitis
402 3656 473 3703 non
485 3640 574 3704 bene
585 3638 622 3703 P.
637 3639 814 3703 Antonius
825 3637 1011 3716 sentiebat;
1023 3650 1107 3698 nam
1117 3632 1248 3697 accidit
1260 3630 1310 3695 illi
1322 3629 1463 3709 Comiti,

240 3745 333 3825 quod
348 3747 427 3811 aliis
440 3747 667 3829 magnatibus
679 3746 715 3809 in
726 3744 912 3826 Hispania,
927 3742 1078 3821 dicebat,
1091 3748 1130 3805 ut
1141 3738 1294 3819 optimos
1306 3754 1463 3820 quosque

238 3855 422 3934 operarios
435 3855 472 3919 in
486 3855 560 3919 suis
574 3854 663 3918 locis
676 3853 859 3933 haberent,
875 3859 910 3915 et
925 3850 1042 3932 potius
1066 3847 1189 3911 auxilii
1203 3844 1337 3927 proprii
1356 3861 1462 3924 quam

238 3962 449 4041 religionum
463 3962 475 3995 ⁸
490 3978 665 4026 memores
679 3969 808 4040 essent,
825 3958 955 4040 oppida
971 3956 1079 4021 etiam
1093 3954 1153 4018 illa
1167 3968 1246 4018 esse
1268 3951 1411 4031 exigua,
1427 3961 1462 4015 et

237 4085 327 4148 quae
339 4069 384 4133 ab
399 4068 599 4149 huiusmodi
614 4068 767 4133 dominis
781 4066 1006 4145 inchoantur,
1023 4064 1067 4127 ab
1083 4050 1162 4125 aliis
1178 4060 1302 4141 augeri
1317 4075 1388 4122 non
1409 4075 1462 4121 so·

235 4176 319 4255 lere,
337 4185 372 4240 et
386 4176 543 4241 admissa
559 4174 710 4255 collegia
726 4174 902 4258 operariis
917 4169 1160 4237 confirmanda
1180 4165 1359 4232 censebat.

294 4282 385 4348 2826.
428 4283 536 4348 Notat
552 4284 660 4347 etiarn
675 4282 770 4363 quod
783 4282 821 4346 P.
841 4280 1068 4358 Franciscus,
1085 4293 1167 4340 cum
1181 4273 1317 4338 videret
1333 4274 1370 4337 in
1381 4272 1461 4337 aliis

275 4602 284 4636 ¹
316 4602 343 4648 P.
353 4600 484 4647 Antonius
493 4600 525 4645 de
534 4598 663 4646 Corduba.

272 4676 285 4708 ¹
310 4672 566 4722 liaconsolattonts.

273 4746 286 4780 ⁸
311 4748 341 4793 ld
350 4756 398 4800 est,
407 4747 587 4802 religiosorum
596 4745 713 4790 ordinum
723 4749 769 4789 aut
780 4740 938 4788 famularunt
948 4736 1138 4795 religiosarum.

373 4838 411 4897 T.
430 4856 470 4897 νι.
1283 4836 1338 4913 μΚ
