3642 5350
806 371 868 429 ΑΝ.
892 369 962 430 tona
1105 329 1109 338 ’
1443 369 1497 427 oro

265 516 355 580 stiae
370 526 594 581 sacramenta
609 517 705 581 domi
719 532 806 580 suae
819 515 932 578 nostri
954 517 1211 580 ministrarunt.
1228 514 1328 580 Multi
1343 531 1407 597 per
1428 515 1496 579 hoc

267 623 500 688 ministerium
513 641 535 686 a
550 633 644 688 statu
665 621 903 687 damnationis
919 622 965 686 ad
984 624 1081 686 viam
1100 624 1225 689 salutis
1243 622 1380 686 reducti
1401 631 1493 686 sunt.

267 729 534 810 Negotiationes
548 731 692 795 illicitae
706 747 778 793 non
797 746 934 811 paucae
949 730 1110 810 relictae,
1127 729 1369 794 restitutiones
1391 730 1496 810 pluri·

269 855 348 902 mae
362 836 490 915 factae,
511 839 602 901 inter
622 854 712 917 quas
730 835 847 916 aliqua
868 834 914 900 ad
934 837 1147 918 quingentos
1161 835 1310 901 ducatos
1332 837 1495 900 accessit.

268 944 399 1025 Aliqui,
416 945 476 1026 qui
489 943 692 1008 inimicitias
707 944 799 1007 inter
813 961 852 1006 se
871 945 1085 1008 exercebant
1105 954 1139 1009 et
1160 944 1364 1024 litigabant,
1381 944 1496 1008 conci·

266 1053 343 1117 liati
357 1062 479 1117 mutuo
494 1060 529 1115 et
544 1051 680 1132 pacifici
695 1051 820 1115 domos
833 1049 1023 1117 redierunt.

326 1158 418 1224 2925.
461 1159 532 1224 Sed
546 1159 696 1238 insignis
710 1158 775 1222 fuit
790 1159 964 1240 quaedam
985 1159 1077 1224 inter
1096 1158 1185 1224 duos
1207 1161 1305 1225 viros
1319 1157 1448 1224 divites
1463 1169 1497 1223 et

266 1261 462 1332 honoratos
488 1263 774 1348 [reconciliatio];
800 1282 953 1347 quorum
968 1267 1069 1346 alter,
1093 1267 1197 1348 alapa
1219 1267 1263 1330 ab
1287 1267 1399 1331 altero
1421 1283 1497 1347 per·

266 1389 403 1450 cussuS,
419 1374 537 1454 ipsum
556 1389 656 1437 reum
670 1361 877 1453 peregeram
899 1387 933 1436 et
953 1373 1107 1456 quinque
1128 1390 1304 1438 annorum
1323 1373 1448 1438 exsilio
1463 1383 1497 1436 et

265 1480 470 1563 quingentis
483 1480 601 1544 aureis
616 1479 862 1558 damnaverat,
885 1480 934 1543 ita
954 1489 991 1544 ut
1013 1479 1057 1544 ad
1073 1481 1235 1545 triremes
1249 1491 1343 1544 esset
1358 1481 1497 1545 mitten-

266 1589 348 1667 duS,
365 1588 396 1651 si
411 1603 563 1667 poenam
577 1584 773 1666 injunctam
788 1604 858 1650 non
873 1587 1101 1668 explevisset.
1117 1586 1187 1651 Sed
1202 1587 1275 1666 hic,
1293 1588 1353 1668 qui
1368 1585 1496 1667 injuria

268 1695 385 1760 fuerat
400 1693 558 1773 affectus,
574 1703 656 1774 post
671 1693 931 1758 confessionem
946 1694 1041 1775 apud
1057 1689 1199 1758 nostros
1213 1693 1359 1774 factam,
1372 1695 1495 1758 adver-

268 1802 407 1866 sarium·
418 1801 625 1880 accersivit,
640 1810 676 1866 et
690 1818 814 1865 coram
829 1802 909 1866 aliis
924 1802 1013 1867 viris
1033 1803 1203 1881 honestis,
1220 1819 1337 1884 genua
1352 1803 1497 1866 flectens

269 1917 351 1975 ante
365 1909 475 1988 illum,
491 1917 525 1973 et
539 1909 682 1973 veniam
697 1910 742 1972 ab
762 1925 804 1972 eo
823 1909 997 1990 poposcit.
1015 1908 1110 1974 Dum
1125 1919 1244 1974 autem
1258 1910 1326 1982 ille,
1343 1910 1403 1990 qui
1418 1926 1495 1990 pro-

266 2027 345 2099 pter
360 2015 530 2080 offensam
546 2015 736 2079 damnatus
750 2015 878 2094 luerat,
892 2016 985 2080 hanc
1001 2017 1124 2081 offensi
1135 2018 1371 2086 humilitatem
1386 2017 1497 2081 intue-

267 2131 375 2203 retur,
393 2123 490 2188 flexit
504 2123 630 2205 etipse
649 2133 836 2203 utrumque
855 2141 962 2204 genu,
983 2133 1017 2188 et
1036 2125 1165 2188 mutuis
1185 2142 1224 2188 se
1244 2122 1382 2188 fletibus
1404 2141 1495 2188 com·

266 2231 361 2312 plexi
375 2239 473 2309 sunt;
491 2248 593 2294 neca
617 2230 797 2311 lacrymis,
819 2230 880 2310 qui
894 2231 1043 2295 aderant
1061 2232 1144 2295 huic
1159 2234 1375 2312 spectaculo,
1391 2231 1494 2296 absti-

265 2347 351 2403 nere
366 2347 543 2420 poterant.
560 2337 678 2402 Amici
693 2338 812 2418 itaque
829 2336 915 2402 lacti
935 2347 1033 2418 sunt,
1055 2347 1088 2402 et
1110 2339 1170 2421 qui
1192 2337 1348 2402 offensus
1368 2336 1494 2416 luerat,

265 2462 418 2530 poenam
433 2444 602 2510 offensori
615 2444 844 2509 condonavit.

325 2553 415 2618 2926.
458 2551 549 2616 Ludi
564 2562 598 2616 et
609 2549 823 2631 juramenta,
845 2543 978 2632 magna
996 2572 1042 2618 ex
1057 2563 1169 2635 parte,
1191 2554 1392 2618 cessabant.
1413 2553 1494 2634 Ipso

266 2661 426 2728 natalitio
442 2657 658 2742 [servatoris
671 2657 768 2744 Jesu]
784 2659 841 2725 die
855 2670 936 2742 post
952 2661 1135 2727 meridiem
1150 2661 1189 2727 P.
1206 2661 1358 2725 Basilius
1373 2661 1495 2726 invisit
1575 2692 1579 2703 ·

266 2770 485 2853 peccatrices
500 2768 660 2849 publicas
680 2778 717 2831 ut
737 2768 806 2831 illis
826 2769 1114 2850 concionaretur;
1136 2779 1170 2833 et
1191 2771 1239 2833 ita
1260 2778 1493 2850 compunctae

265 2879 376 2942 verbo
390 2877 456 2942 Dei
471 2876 622 2953 luerunt,
639 2885 677 2939 ut
692 2884 772 2957 post
787 2877 914 2941 uberes
929 2878 1109 2959 lacrymas
1123 2878 1289 2943 recedere
1312 2894 1433 2941 omnes
1449 2878 1493 2941 ab

265 2985 324 3049 illa
338 2984 442 3049 domo
458 2984 598 3065 publica
614 2984 756 3064 vellent;
772 2983 834 3047 sed
850 2986 980 3064 partim
994 2987 1038 3048 ob
1051 2986 1181 3059 debita,
1199 2987 1292 3063 (curn
1307 2994 1493 3048 numerata

265 3093 414 3174 pecunia
428 3101 513 3155 tunc
532 3108 605 3154 non
624 3090 796 3170 adesset),
816 3091 947 3172 partim
966 3110 987 3155 a
1007 3092 1203 3171 lenonibuS,
1220 3092 1280 3174 qui
1295 3109 1418 3155 curam
1438 3109 1493 3154 ea·

264 3218 344 3265 rum
357 3198 552 3283 habebant,
569 3198 759 3278 impeditae
773 3198 933 3278 fuerunt;
950 3178 1060 3264 ¹unica
1080 3210 1217 3265 tantum
1237 3217 1280 3264 eo
1299 3198 1356 3263 die
1371 3197 1494 3279 egredi

263 3308 388 3390 potuit.

323 3414 415 3479 2927.
458 3412 663 3479 Advocavit
677 3425 797 3480 autem
811 3415 849 3477 Ρ.
863 3416 1017 3481 Basilius
1028 3416 1210 3481 hominurn
1222 3414 1492 3491 multitudinem,

265 3523 325 3605 qui
339 3523 469 3603 partim
482 3521 655 3603 peccandi
668 3523 799 3601 gratia,
817 3523 946 3603 partim
962 3532 1000 3587 ut
1013 3522 1176 3587 audirent
1190 3523 1397 3587 concionem
1412 3539 1493 3586 con-

265 3638 452 3708 venerant,
468 3637 504 3700 et
518 3628 553 3692 in
568 3629 739 3708 templum
752 3638 791 3693 ut
805 3630 1038 3695 christianam
1051 3630 1250 3694 doctrinam
1261 3630 1423 3693 audirent
1435 3628 1491 3691 ad·

266 3735 381 3815 duxit3
399 3736 457 3800 ubi
472 3735 560 3800 lusis
571 3736 736 3818 precibus
747 3737 793 3800 ad
805 3736 1011 3817 Dominum,
1025 3746 1059 3802 ct
1072 3746 1299 3818 peccatorum
1315 3736 1420 3800 venia
1435 3753 1493 3817 pe·

266 3845 329 3908 tita
341 3855 448 3925 atque
460 3843 706 3908 emendatione
719 3845 915 3925 proposita,
929 3862 991 3908 eos
1004 3844 1146 3909 dimisit.
1161 3840 1335 3907 Postridie
1347 3843 1437 3907 alius
1449 3861 1494 3907 ex

265 3951 395 4015 nostris
415 3950 663 4015 sacerdotibus
682 3951 827 4015 easdem
844 3951 1020 4016 foeminas
1039 3950 1163 4015 adiens
1182 3959 1216 4015 et
1235 3951 1287 4015 eis
1307 3950 1493 4014 conciona-

264 4069 321 4123 tus
340 4058 445 4122 simul
465 4075 545 4121 cum
566 4058 645 4121 aliis
665 4058 883 4138 hominibuS,
905 4058 967 4140 qui
981 4076 1024 4122 eo
1043 4067 1231 4133 venerant,
1252 4058 1342 4122 duas
1361 4074 1406 4121 ex
1425 4056 1495 4121 illis

263 4166 400 4242 eduxit3
423 4176 457 4229 et
478 4164 523 4229 ad
549 4167 731 4245 templum,
758 4166 864 4230 sicuti
883 4166 939 4229 die
961 4165 1189 4247 praecedenti
1211 4165 1345 4231 lactum
1366 4164 1491 4244 fuerat,

263 4273 420 4337 deduxit.

322 4378 414 4444 2928.
458 4380 580 4444 Tertio
603 4379 693 4444 sesto
708 4380 846 4445 Natalis
860 4382 931 4446 duo
948 4381 1008 4445 alii
1022 4398 1067 4444 ex
1081 4380 1212 4444 nostris
1226 4379 1349 4443 eodem
1361 4396 1399 4443 se
1414 4397 1492 4444 con·

266 4489 436 4567 tulerunt,
452 4497 490 4551 ut
507 4488 596 4551 alter
617 4488 842 4567 mulieribuS,
858 4490 948 4551 alter
963 4487 1050 4551 viris
1070 4488 1358 4581 concionaretur,
1375 4495 1409 4551 et
1424 4504 1493 4551 una

268 4612 314 4659 ex
328 4595 380 4659 eis
394 4595 522 4659 educta
538 4604 608 4673 est,
626 4604 661 4658 et
677 4594 838 4660 homines
853 4597 898 4660 ad
913 4596 1080 4675 templum
1097 4592 1159 4676 [ut]
1172 4593 1410 4675 superioribus
1426 4594 1493 4658 die-
