<?xml version="1.0" encoding="UTF-8"?>
<!DOCTYPE html PUBLIC "-//W3C//DTD XHTML 1.0 Transitional//EN"
    "http://www.w3.org/TR/xhtml1/DTD/xhtml1-transitional.dtd">
<html xmlns="http://www.w3.org/1999/xhtml" xml:lang="en" lang="en">
 <head>
  <title>
</title>
<meta http-equiv="Content-Type" content="text/html;charset=utf-8" />
  <meta name='ocr-system' content='tesseract 3.04.00' />
  <meta name='ocr-capabilities' content='ocr_page ocr_carea ocr_par ocr_line ocrx_word'/>
</head>
<body>
  <div class='ocr_page' id='page_1' title='image "./vitaignatiiloio00polagoog_0795.png"; bbox 0 0 3642 5350; ppageno 0'>
   <div class='ocr_carea' id='block_1_1' title="bbox 795 458 1491 521">
    <p class='ocr_par' dir='ltr' id='par_1_1' title="bbox 795 458 1491 521">
     <span class='ocr_line' id='line_1_1' title="bbox 795 458 1491 521; baseline 0.003 -2"><span class='ocrx_word' id='word_1_1' title='bbox 795 458 859 519; x_wconf 80' lang='lat' dir='ltr'><strong>Aa.</strong></span> <span class='ocrx_word' id='word_1_2' title='bbox 881 459 952 518; x_wconf 71' lang='lat'>1556</span> <span class='ocrx_word' id='word_1_3' title='bbox 1436 461 1491 521; x_wconf 77' lang='lat'><strong>775</strong></span> 
     </span>
    </p>
   </div>
   <div class='ocr_carea' id='block_1_2' title="bbox 256 602 1524 4229">
    <p class='ocr_par' dir='ltr' id='par_1_2' title="bbox 257 602 1489 793">
     <span class='ocr_line' id='line_1_2' title="bbox 257 602 1489 687; baseline -0.002 -19"><span class='ocrx_word' id='word_1_4' title='bbox 257 613 356 685; x_wconf 88' lang='lat' dir='ltr'><strong>gant,</strong></span> <span class='ocrx_word' id='word_1_5' title='bbox 373 622 396 668; x_wconf 90' lang='lat' dir='ltr'><strong>a</strong></span> <span class='ocrx_word' id='word_1_6' title='bbox 410 602 487 668; x_wconf 88' lang='lat' dir='ltr'><strong>Deo</strong></span> <span class='ocrx_word' id='word_1_7' title='bbox 503 620 650 685; x_wconf 90' lang='lat' dir='ltr'><strong>prorsus</strong></span> <span class='ocrx_word' id='word_1_8' title='bbox 664 612 699 667; x_wconf 91' lang='lat' dir='ltr'><strong>et</strong></span> <span class='ocrx_word' id='word_1_9' title='bbox 718 603 800 668; x_wconf 91' lang='lat' dir='ltr'><strong>duci</strong></span> <span class='ocrx_word' id='word_1_10' title='bbox 819 612 855 667; x_wconf 89' lang='lat' dir='ltr'><strong>et</strong></span> <span class='ocrx_word' id='word_1_11' title='bbox 867 604 1008 685; x_wconf 74' lang='lat' dir='ltr'><strong>reduci,</strong></span> <span class='ocrx_word' id='word_1_12' title='bbox 1029 606 1194 687; x_wconf 88' lang='lat' dir='ltr'><strong>quamvis</strong></span> <span class='ocrx_word' id='word_1_13' title='bbox 1214 606 1371 673; x_wconf 86' lang='lat' dir='ltr'><strong>humana</strong></span> <span class='ocrx_word' id='word_1_14' title='bbox 1386 602 1489 667; x_wconf 91' lang='lat' dir='ltr'><strong>indu·</strong></span> 
     </span>
     <span class='ocr_line' id='line_1_3' title="bbox 257 711 1160 793; baseline 0.001 -17"><span class='ocrx_word' id='word_1_15' title='bbox 257 712 346 776; x_wconf 92' lang='lat' dir='ltr'><strong>stria</strong></span> <span class='ocrx_word' id='word_1_16' title='bbox 360 729 404 777; x_wconf 89' lang='lat' dir='ltr'><strong>ac</strong></span> <span class='ocrx_word' id='word_1_17' title='bbox 418 712 604 793; x_wconf 83' lang='lat' dir='ltr'><strong>diligentia</strong></span> <span class='ocrx_word' id='word_1_18' title='bbox 620 728 722 776; x_wconf 91' lang='lat' dir='ltr'><strong>suum</strong></span> <span class='ocrx_word' id='word_1_19' title='bbox 739 711 846 775; x_wconf 91' lang='lat' dir='ltr'><strong>etiam</strong></span> <span class='ocrx_word' id='word_1_20' title='bbox 862 713 979 776; x_wconf 88' lang='lat' dir='ltr'><strong>locum</strong></span> <span class='ocrx_word' id='word_1_21' title='bbox 993 711 1160 777; x_wconf 81' lang='lat' dir='ltr'><strong>habeant.</strong></span> 
     </span>
    </p>

    <p class='ocr_par' dir='ltr' id='par_1_3' title="bbox 257 816 1524 2279">
     <span class='ocr_line' id='line_1_4' title="bbox 318 816 1489 900; baseline -0.002 -17"><span class='ocrx_word' id='word_1_22' title='bbox 318 817 411 883; x_wconf 84' lang='grc'>3343.</span> <span class='ocrx_word' id='word_1_23' title='bbox 453 818 543 884; x_wconf 92' lang='lat' dir='ltr'><strong>Cum</strong></span> <span class='ocrx_word' id='word_1_24' title='bbox 570 818 779 883; x_wconf 88' lang='lat' dir='ltr'><strong>Patriarcha</strong></span> <span class='ocrx_word' id='word_1_25' title='bbox 808 828 842 883; x_wconf 93' lang='lat' dir='ltr'><strong>et</strong></span> <span class='ocrx_word' id='word_1_26' title='bbox 870 816 947 899; x_wconf 84' lang='lat' dir='ltr'><strong>ejus</strong></span> <span class='ocrx_word' id='word_1_27' title='bbox 973 820 1062 884; x_wconf 91' lang='lat' dir='ltr'><strong>socii</strong></span> <span class='ocrx_word' id='word_1_28' title='bbox 1087 817 1204 884; x_wconf 89' lang='lat' dir='ltr'><strong>Goam</strong></span> <span class='ocrx_word' id='word_1_29' title='bbox 1228 817 1489 900; x_wconf 88' lang='lat' dir='ltr'><strong>pervenissent,</strong></span> 
     </span>
     <span class='ocr_line' id='line_1_5' title="bbox 261 923 1492 1008; baseline -0.002 -18"><span class='ocrx_word' id='word_1_30' title='bbox 261 925 392 991; x_wconf 91' lang='lat' dir='ltr'><strong>ibidem</strong></span> <span class='ocrx_word' id='word_1_31' title='bbox 405 926 502 1007; x_wconf 88' lang='lat' dir='ltr'><strong>Mag.</strong></span> <span class='ocrx_word' id='word_1_32' title='bbox 518 925 716 991; x_wconf 89' lang='lat' dir='ltr'><strong>Gonzalum</strong></span> <span class='ocrx_word' id='word_1_33' title='bbox 739 923 761 1006; x_wconf 85' lang='lat'><strong>¹,</strong></span> <span class='ocrx_word' id='word_1_34' title='bbox 784 926 845 1007; x_wconf 93' lang='lat' dir='ltr'><strong>qui</strong></span> <span class='ocrx_word' id='word_1_35' title='bbox 867 944 913 991; x_wconf 85' lang='lat' dir='ltr'><strong>ex</strong></span> <span class='ocrx_word' id='word_1_36' title='bbox 933 925 1125 1008; x_wconf 84' lang='lat' dir='ltr'><strong>Aethiopia</strong></span> <span class='ocrx_word' id='word_1_37' title='bbox 1146 926 1317 1002; x_wconf 85' lang='lat' dir='ltr'><strong>redierat,</strong></span> <span class='ocrx_word' id='word_1_38' title='bbox 1338 933 1376 989; x_wconf 93' lang='lat' dir='ltr'><strong>ut</strong></span> <span class='ocrx_word' id='word_1_39' title='bbox 1398 942 1492 989; x_wconf 90' lang='lat' dir='ltr'><strong>anno</strong></span> 
     </span>
     <span class='ocr_line' id='line_1_6' title="bbox 259 1032 1491 1115; baseline -0.002 -17"><span class='ocrx_word' id='word_1_40' title='bbox 259 1033 485 1115; x_wconf 87' lang='lat' dir='ltr'><strong>praecedenti</strong></span> <span class='ocrx_word' id='word_1_41' title='bbox 498 1032 652 1098; x_wconf 85' lang='lat' dir='ltr'><strong>diximus</strong></span> <span class='ocrx_word' id='word_1_42' title='bbox 665 1032 690 1112; x_wconf 80' lang='lat'><strong>⁸,</strong></span> <span class='ocrx_word' id='word_1_43' title='bbox 706 1034 930 1112; x_wconf 86' lang='lat' dir='ltr'><strong>invenerunt,</strong></span> <span class='ocrx_word' id='word_1_44' title='bbox 953 1051 975 1097; x_wconf 90' lang='lat' dir='ltr'><strong>a</strong></span> <span class='ocrx_word' id='word_1_45' title='bbox 990 1050 1061 1115; x_wconf 91' lang='lat' dir='ltr'><strong>quo</strong></span> <span class='ocrx_word' id='word_1_46' title='bbox 1081 1032 1298 1097; x_wconf 88' lang='lat' dir='ltr'><strong>intellectum</strong></span> <span class='ocrx_word' id='word_1_47' title='bbox 1313 1039 1368 1096; x_wconf 88' lang='lat' dir='ltr'><strong>est</strong></span> <span class='ocrx_word' id='word_1_48' title='bbox 1385 1033 1491 1112; x_wconf 86' lang='lat' dir='ltr'><strong>longe</strong></span> 
     </span>
     <span class='ocr_line' id='line_1_7' title="bbox 261 1138 1491 1221; baseline -0.002 -16"><span class='ocrx_word' id='word_1_49' title='bbox 261 1141 370 1206; x_wconf 91' lang='lat' dir='ltr'><strong>alium</strong></span> <span class='ocrx_word' id='word_1_50' title='bbox 383 1150 515 1205; x_wconf 84' lang='lat' dir='ltr'><strong>statum</strong></span> <span class='ocrx_word' id='word_1_51' title='bbox 529 1158 608 1207; x_wconf 89' lang='lat' dir='ltr'><strong>esse</strong></span> <span class='ocrx_word' id='word_1_52' title='bbox 623 1157 743 1205; x_wconf 89' lang='lat' dir='ltr'><strong>rerum</strong></span> <span class='ocrx_word' id='word_1_53' title='bbox 754 1140 849 1205; x_wconf 93' lang='lat' dir='ltr'><strong>illius</strong></span> <span class='ocrx_word' id='word_1_54' title='bbox 859 1140 1031 1221; x_wconf 86' lang='lat' dir='ltr'><strong>regionis,</strong></span> <span class='ocrx_word' id='word_1_55' title='bbox 1044 1151 1080 1205; x_wconf 89' lang='lat' dir='ltr'><strong>et</strong></span> <span class='ocrx_word' id='word_1_56' title='bbox 1091 1141 1200 1206; x_wconf 92' lang='lat' dir='ltr'><strong>alium</strong></span> <span class='ocrx_word' id='word_1_57' title='bbox 1210 1141 1368 1205; x_wconf 87' lang='lat' dir='ltr'><strong>animum</strong></span> <span class='ocrx_word' id='word_1_58' title='bbox 1380 1138 1491 1220; x_wconf 89' lang='lat' dir='ltr'><strong>Regis</strong></span> 
     </span>
     <span class='ocr_line' id='line_1_8' title="bbox 260 1246 1492 1330; baseline -0.002 -18"><span class='ocrx_word' id='word_1_59' title='bbox 260 1247 485 1329; x_wconf 86' lang='lat' dir='ltr'><strong>Aethiopiae,</strong></span> <span class='ocrx_word' id='word_1_60' title='bbox 509 1265 616 1329; x_wconf 91' lang='lat' dir='ltr'><strong>quam</strong></span> <span class='ocrx_word' id='word_1_61' title='bbox 638 1249 674 1313; x_wconf 91' lang='lat' dir='ltr'><strong>in</strong></span> <span class='ocrx_word' id='word_1_62' title='bbox 695 1247 838 1330; x_wconf 90' lang='lat' dir='ltr'><strong>Europa</strong></span> <span class='ocrx_word' id='word_1_63' title='bbox 859 1266 881 1312; x_wconf 91' lang='lat' dir='ltr'><strong>a</strong></span> <span class='ocrx_word' id='word_1_64' title='bbox 902 1247 1001 1329; x_wconf 83' lang='lat' dir='ltr'><strong>Rege</strong></span> <span class='ocrx_word' id='word_1_65' title='bbox 1021 1247 1263 1329; x_wconf 74' lang='lat' dir='ltr'><strong>portugalliae</strong></span> <span class='ocrx_word' id='word_1_66' title='bbox 1284 1257 1327 1315; x_wconf 80' lang='lat' dir='ltr'><strong>et.</strong></span> <span class='ocrx_word' id='word_1_67' title='bbox 1340 1247 1387 1312; x_wconf 89' lang='lat' dir='ltr'><strong>ab</strong></span> <span class='ocrx_word' id='word_1_68' title='bbox 1412 1246 1492 1310; x_wconf 86' lang='lat' dir='ltr'><strong>aliis</strong></span> 
     </span>
     <span class='ocr_line' id='line_1_9' title="bbox 258 1353 1524 1437; baseline -0.002 -18"><span class='ocrx_word' id='word_1_69' title='bbox 258 1355 432 1420; x_wconf 89' lang='lat' dir='ltr'><strong>creditum</strong></span> <span class='ocrx_word' id='word_1_70' title='bbox 441 1355 570 1419; x_wconf 78' lang='lat' dir='ltr'><strong>fuerat.</strong></span> <span class='ocrx_word' id='word_1_71' title='bbox 588 1354 677 1420; x_wconf 91' lang='lat' dir='ltr'><strong>Cum</strong></span> <span class='ocrx_word' id='word_1_72' title='bbox 688 1355 783 1420; x_wconf 90' lang='lat' dir='ltr'><strong>enim</strong></span> <span class='ocrx_word' id='word_1_73' title='bbox 793 1354 872 1420; x_wconf 80' lang='lat' dir='ltr'><strong>Rex</strong></span> <span class='ocrx_word' id='word_1_74' title='bbox 887 1354 1101 1437; x_wconf 89' lang='lat' dir='ltr'><strong>Aethiopiae</strong></span> <span class='ocrx_word' id='word_1_75' title='bbox 1114 1355 1254 1419; x_wconf 88' lang='lat' dir='ltr'><strong>litteras</strong></span> <span class='ocrx_word' id='word_1_76' title='bbox 1265 1353 1375 1434; x_wconf 89' lang='lat' dir='ltr'><strong>Regis</strong></span> <span class='ocrx_word' id='word_1_77' title='bbox 1385 1355 1423 1418; x_wconf 91' lang='lat' dir='ltr'><strong>in</strong></span> <span class='ocrx_word' id='word_1_78' title='bbox 1433 1370 1490 1418; x_wconf 88' lang='lat' dir='ltr'><strong>ae·</strong></span> <span class='ocrx_word' id='word_1_79' title='bbox 1521 1378 1524 1386; x_wconf 94' lang='lat'><em>·</em></span> 
     </span>
     <span class='ocr_line' id='line_1_10' title="bbox 258 1444 1489 1544; baseline 0 -19"><span class='ocrx_word' id='word_1_80' title='bbox 258 1462 450 1543; x_wconf 88' lang='lat' dir='ltr'><strong>thiopicam</strong></span> <span class='ocrx_word' id='word_1_81' title='bbox 464 1462 624 1543; x_wconf 85' lang='lat' dir='ltr'><strong>linguam</strong></span> <span class='ocrx_word' id='word_1_82' title='bbox 636 1478 762 1526; x_wconf 84' lang='lat' dir='ltr'><strong>versas</strong></span> <span class='ocrx_word' id='word_1_83' title='bbox 777 1463 935 1543; x_wconf 89' lang='lat' dir='ltr'><strong>legisset,</strong></span> <span class='ocrx_word' id='word_1_84' title='bbox 950 1461 1046 1544; x_wconf 92' lang='lat' dir='ltr'><strong>quod</strong></span> <span class='ocrx_word' id='word_1_85' title='bbox 1062 1444 1227 1543; x_wconf 85' lang='lat' dir='ltr'><strong>&#39;sequenti</strong></span> <span class='ocrx_word' id='word_1_86' title='bbox 1249 1478 1344 1526; x_wconf 92' lang='lat' dir='ltr'><strong>anno</strong></span> <span class='ocrx_word' id='word_1_87' title='bbox 1365 1462 1489 1525; x_wconf 90' lang='lat' dir='ltr'><strong>missu·</strong></span> 
     </span>
     <span class='ocr_line' id='line_1_11' title="bbox 259 1569 1492 1651; baseline 0 -18"><span class='ocrx_word' id='word_1_88' title='bbox 259 1587 320 1635; x_wconf 95' lang='lat' dir='ltr'><strong>rus</strong></span> <span class='ocrx_word' id='word_1_89' title='bbox 334 1578 411 1634; x_wconf 91' lang='lat' dir='ltr'><strong>erat</strong></span> <span class='ocrx_word' id='word_1_90' title='bbox 426 1570 473 1634; x_wconf 90' lang='lat' dir='ltr'><strong>ad</strong></span> <span class='ocrx_word' id='word_1_91' title='bbox 488 1570 604 1651; x_wconf 90' lang='lat' dir='ltr'><strong>ipsum</strong></span> <span class='ocrx_word' id='word_1_92' title='bbox 619 1570 775 1651; x_wconf 86' lang='lat' dir='ltr'><strong>aliquem</strong></span> <span class='ocrx_word' id='word_1_93' title='bbox 788 1587 834 1635; x_wconf 88' lang='lat' dir='ltr'><strong>ex</strong></span> <span class='ocrx_word' id='word_1_94' title='bbox 846 1570 923 1634; x_wconf 91' lang='lat' dir='ltr'><strong>suis</strong></span> <span class='ocrx_word' id='word_1_95' title='bbox 933 1569 1138 1634; x_wconf 89' lang='lat' dir='ltr'><strong>domesticis</strong></span> <span class='ocrx_word' id='word_1_96' title='bbox 1149 1586 1231 1635; x_wconf 91' lang='lat' dir='ltr'><strong>cum</strong></span> <span class='ocrx_word' id='word_1_97' title='bbox 1242 1569 1361 1650; x_wconf 89' lang='lat' dir='ltr'><strong>aliquo</strong></span> <span class='ocrx_word' id='word_1_98' title='bbox 1371 1586 1492 1634; x_wconf 91' lang='lat' dir='ltr'><strong>nume·</strong></span> 
     </span>
     <span class='ocr_line' id='line_1_12' title="bbox 257 1675 1490 1758; baseline 0 -17"><span class='ocrx_word' id='word_1_99' title='bbox 257 1694 299 1743; x_wconf 92' lang='lat' dir='ltr'><strong>ro</strong></span> <span class='ocrx_word' id='word_1_100' title='bbox 313 1677 473 1741; x_wconf 88' lang='lat' dir='ltr'><strong>virorum</strong></span> <span class='ocrx_word' id='word_1_101' title='bbox 487 1676 752 1757; x_wconf 90' lang='lat' dir='ltr'><strong>religiosorum,</strong></span> <span class='ocrx_word' id='word_1_102' title='bbox 768 1687 808 1741; x_wconf 90' lang='lat' dir='ltr'><strong>ut</strong></span> <span class='ocrx_word' id='word_1_103' title='bbox 827 1675 903 1757; x_wconf 86' lang='lat' dir='ltr'><strong>eJ&#39;us</strong></span> <span class='ocrx_word' id='word_1_104' title='bbox 918 1677 1068 1758; x_wconf 89' lang='lat' dir='ltr'><strong>populos</strong></span> <span class='ocrx_word' id='word_1_105' title='bbox 1081 1692 1148 1741; x_wconf 89' lang='lat' dir='ltr'><strong>sua</strong></span> <span class='ocrx_word' id='word_1_106' title='bbox 1162 1676 1325 1741; x_wconf 90' lang='lat' dir='ltr'><strong>doctrina</strong></span> <span class='ocrx_word' id='word_1_107' title='bbox 1344 1686 1490 1758; x_wconf 88' lang='lat' dir='ltr'><strong>possent</strong></span> 
     </span>
     <span class='ocr_line' id='line_1_13' title="bbox 259 1782 1491 1865; baseline 0.001 -17"><span class='ocrx_word' id='word_1_108' title='bbox 259 1785 447 1865; x_wconf 91' lang='lat' dir='ltr'><strong>instruere,</strong></span> <span class='ocrx_word' id='word_1_109' title='bbox 473 1783 702 1865; x_wconf 89' lang='lat' dir='ltr'><strong>perturbatus</strong></span> <span class='ocrx_word' id='word_1_110' title='bbox 726 1782 805 1848; x_wconf 82' lang='lat' dir='ltr'><strong>Rex</strong></span> <span class='ocrx_word' id='word_1_111' title='bbox 829 1783 1043 1865; x_wconf 87' lang='lat' dir='ltr'><strong>Aethiopiae</strong></span> <span class='ocrx_word' id='word_1_112' title='bbox 1065 1782 1352 1863; x_wconf 85' lang='lat' dir='ltr'><strong>interrogaverat</strong></span> <span class='ocrx_word' id='word_1_113' title='bbox 1375 1784 1491 1849; x_wconf 87' lang='lat' dir='ltr'><strong>virum</strong></span> 
     </span>
     <span class='ocr_line' id='line_1_14' title="bbox 259 1890 1491 1973; baseline -0.001 -18"><span class='ocrx_word' id='word_1_114' title='bbox 259 1892 367 1972; x_wconf 91' lang='lat' dir='ltr'><strong>illum,</strong></span> <span class='ocrx_word' id='word_1_115' title='bbox 383 1908 490 1973; x_wconf 91' lang='lat' dir='ltr'><strong>quem</strong></span> <span class='ocrx_word' id='word_1_116' title='bbox 504 1892 539 1955; x_wconf 94' lang='lat' dir='ltr'><strong>in</strong></span> <span class='ocrx_word' id='word_1_117' title='bbox 553 1890 811 1971; x_wconf 89' lang='lat' dir='ltr'><strong>Portugalliam</strong></span> <span class='ocrx_word' id='word_1_118' title='bbox 825 1892 983 1971; x_wconf 90' lang='lat' dir='ltr'><strong>miserat,</strong></span> <span class='ocrx_word' id='word_1_119' title='bbox 996 1908 1043 1954; x_wconf 93' lang='lat' dir='ltr'><strong>an</strong></span> <span class='ocrx_word' id='word_1_120' title='bbox 1054 1908 1120 1954; x_wconf 92' lang='lat' dir='ltr'><strong>suo</strong></span> <span class='ocrx_word' id='word_1_121' title='bbox 1131 1890 1273 1955; x_wconf 91' lang='lat' dir='ltr'><strong>nomine</strong></span> <span class='ocrx_word' id='word_1_122' title='bbox 1283 1890 1491 1955; x_wconf 89' lang='lat' dir='ltr'><strong>sacerdotes</strong></span> 
     </span>
     <span class='ocr_line' id='line_1_15' title="bbox 260 1995 1489 2079; baseline -0.002 -16"><span class='ocrx_word' id='word_1_123' title='bbox 260 1997 305 2064; x_wconf 91' lang='lat' dir='ltr'><strong>ad</strong></span> <span class='ocrx_word' id='word_1_124' title='bbox 320 1999 429 2063; x_wconf 91' lang='lat' dir='ltr'><strong>alium</strong></span> <span class='ocrx_word' id='word_1_125' title='bbox 440 1997 605 2063; x_wconf 85' lang='lat' dir='ltr'><strong>effectum</strong></span> <span class='ocrx_word' id='word_1_126' title='bbox 617 2016 638 2061; x_wconf 92' lang='lat' dir='ltr'><strong>a</strong></span> <span class='ocrx_word' id='word_1_127' title='bbox 649 1997 748 2079; x_wconf 88' lang='lat' dir='ltr'><strong>Rege</strong></span> <span class='ocrx_word' id='word_1_128' title='bbox 760 1996 999 2079; x_wconf 88' lang='lat' dir='ltr'><strong>Portugalliae</strong></span> <span class='ocrx_word' id='word_1_129' title='bbox 1011 1998 1236 2079; x_wconf 87' lang='lat' dir='ltr'><strong>postulasset,</strong></span> <span class='ocrx_word' id='word_1_130' title='bbox 1248 2015 1356 2078; x_wconf 92' lang='lat' dir='ltr'><strong>quam</strong></span> <span class='ocrx_word' id='word_1_131' title='bbox 1368 1995 1431 2079; x_wconf 92' lang='lat' dir='ltr'><strong>[ut]</strong></span> <span class='ocrx_word' id='word_1_132' title='bbox 1445 1996 1489 2061; x_wconf 89' lang='lat' dir='ltr'><strong>ad</strong></span> 
     </span>
     <span class='ocr_line' id='line_1_16' title="bbox 258 2104 1489 2187; baseline -0.002 -16"><span class='ocrx_word' id='word_1_133' title='bbox 258 2114 486 2171; x_wconf 85' lang='lat' dir='ltr'><strong>sacramenta</strong></span> <span class='ocrx_word' id='word_1_134' title='bbox 501 2104 675 2185; x_wconf 91' lang='lat' dir='ltr'><strong>lusitanis,</strong></span> <span class='ocrx_word' id='word_1_135' title='bbox 700 2104 948 2187; x_wconf 87' lang='lat' dir='ltr'><strong>Aethiopicam</strong></span> <span class='ocrx_word' id='word_1_136' title='bbox 969 2105 1127 2184; x_wconf 84' lang='lat' dir='ltr'><strong>linguam</strong></span> <span class='ocrx_word' id='word_1_137' title='bbox 1147 2104 1405 2185; x_wconf 89' lang='lat' dir='ltr'><strong>ignorantibus,</strong></span> <span class='ocrx_word' id='word_1_138' title='bbox 1430 2104 1489 2169; x_wconf 89' lang='lat' dir='ltr'><strong>mi·</strong></span> 
     </span>
     <span class='ocr_line' id='line_1_17' title="bbox 258 2214 1012 2279; baseline -0.004 0"><span class='ocrx_word' id='word_1_139' title='bbox 258 2214 464 2279; x_wconf 89' lang='lat' dir='ltr'><strong>nistrarent.</strong></span> <span class='ocrx_word' id='word_1_140' title='bbox 1010 2215 1012 2220; x_wconf 81' lang='grc'>’</span> 
     </span>
    </p>

    <p class='ocr_par' dir='ltr' id='par_1_4' title="bbox 256 2318 1490 3690">
     <span class='ocr_line' id='line_1_18' title="bbox 317 2318 1489 2401; baseline -0.003 -16"><span class='ocrx_word' id='word_1_141' title='bbox 317 2320 409 2385; x_wconf 89' lang='grc'>3344.</span> <span class='ocrx_word' id='word_1_142' title='bbox 451 2319 648 2401; x_wconf 92' lang='lat' dir='ltr'><strong>Respondit</strong></span> <span class='ocrx_word' id='word_1_143' title='bbox 663 2320 719 2385; x_wconf 89' lang='lat' dir='ltr'><strong>vir</strong></span> <span class='ocrx_word' id='word_1_144' title='bbox 733 2320 791 2384; x_wconf 93' lang='lat' dir='ltr'><strong>ille</strong></span> <span class='ocrx_word' id='word_1_145' title='bbox 805 2337 844 2384; x_wconf 92' lang='lat' dir='ltr'><strong>se</strong></span> <span class='ocrx_word' id='word_1_146' title='bbox 865 2336 938 2383; x_wconf 92' lang='lat' dir='ltr'><strong>non</strong></span> <span class='ocrx_word' id='word_1_147' title='bbox 959 2319 1006 2383; x_wconf 93' lang='lat' dir='ltr'><strong>ad</strong></span> <span class='ocrx_word' id='word_1_148' title='bbox 1026 2318 1122 2384; x_wconf 86' lang='lat' dir='ltr'><strong>aliud</strong></span> <span class='ocrx_word' id='word_1_149' title='bbox 1143 2336 1206 2384; x_wconf 89' lang='lat' dir='ltr'><strong>eos</strong></span> <span class='ocrx_word' id='word_1_150' title='bbox 1225 2321 1438 2401; x_wconf 76' lang='lat' dir='ltr'><strong>postulasse,</strong></span> <span class='ocrx_word' id='word_1_151' title='bbox 1454 2328 1489 2383; x_wconf 92' lang='lat' dir='ltr'><strong>et</strong></span> 
     </span>
     <span class='ocr_line' id='line_1_19' title="bbox 256 2414 1488 2511; baseline -0.003 -18"><span class='ocrx_word' id='word_1_152' title='bbox 256 2437 442 2511; x_wconf 90' lang='lat' dir='ltr'><strong>tantopere</strong></span> <span class='ocrx_word' id='word_1_153' title='bbox 456 2427 534 2492; x_wconf 85' lang='lat' dir='ltr'><strong>Rex</strong></span> <span class='ocrx_word' id='word_1_154' title='bbox 548 2427 603 2493; x_wconf 87' lang='lat' dir='ltr'><strong>his</strong></span> <span class='ocrx_word' id='word_1_155' title='bbox 617 2428 744 2492; x_wconf 90' lang='lat' dir='ltr'><strong>litteris</strong></span> <span class='ocrx_word' id='word_1_156' title='bbox 757 2414 823 2491; x_wconf 87' lang='lat' dir='ltr'><strong>fuit</strong></span> <span class='ocrx_word' id='word_1_157' title='bbox 837 2436 1051 2505; x_wconf 90' lang='lat' dir='ltr'><strong>commotus,</strong></span> <span class='ocrx_word' id='word_1_158' title='bbox 1071 2436 1110 2490; x_wconf 92' lang='lat' dir='ltr'><strong>ut</strong></span> <span class='ocrx_word' id='word_1_159' title='bbox 1130 2442 1212 2490; x_wconf 92' lang='lat' dir='ltr'><strong>cum</strong></span> <span class='ocrx_word' id='word_1_160' title='bbox 1231 2426 1327 2506; x_wconf 89' lang='lat' dir='ltr'><strong>Mag.</strong></span> <span class='ocrx_word' id='word_1_161' title='bbox 1350 2424 1488 2490; x_wconf 88' lang='lat' dir='ltr'><strong>Gonza·</strong></span> 
     </span>
     <span class='ocr_line' id='line_1_20' title="bbox 257 2532 1486 2618; baseline -0.003 -17"><span class='ocrx_word' id='word_1_162' title='bbox 257 2538 312 2601; x_wconf 93' lang='lat' dir='ltr'><strong>lus</strong></span> <span class='ocrx_word' id='word_1_163' title='bbox 326 2538 372 2601; x_wconf 89' lang='lat' dir='ltr'><strong>ab</strong></span> <span class='ocrx_word' id='word_1_164' title='bbox 386 2536 464 2618; x_wconf 91' lang='lat' dir='ltr'><strong>ipso</strong></span> <span class='ocrx_word' id='word_1_165' title='bbox 478 2536 704 2617; x_wconf 89' lang='lat' dir='ltr'><strong>postulasset,</strong></span> <span class='ocrx_word' id='word_1_166' title='bbox 720 2544 759 2597; x_wconf 94' lang='lat' dir='ltr'><strong>ut</strong></span> <span class='ocrx_word' id='word_1_167' title='bbox 771 2532 910 2614; x_wconf 85' lang='lat' dir='ltr'><strong>juberet</strong></span> <span class='ocrx_word' id='word_1_168' title='bbox 925 2534 1099 2599; x_wconf 85' lang='lat' dir='ltr'><strong>lusitanos</strong></span> <span class='ocrx_word' id='word_1_169' title='bbox 1112 2551 1177 2615; x_wconf 90' lang='lat' dir='ltr'><strong>per</strong></span> <span class='ocrx_word' id='word_1_170' title='bbox 1196 2534 1300 2597; x_wconf 89' lang='lat' dir='ltr'><strong>varia</strong></span> <span class='ocrx_word' id='word_1_171' title='bbox 1318 2534 1398 2597; x_wconf 88' lang='lat' dir='ltr'><strong>loca</strong></span> <span class='ocrx_word' id='word_1_172' title='bbox 1417 2532 1486 2597; x_wconf 92' lang='lat' dir='ltr'><strong>Ae·</strong></span> 
     </span>
     <span class='ocr_line' id='line_1_21' title="bbox 257 2640 1489 2727; baseline -0.004 -17"><span class='ocrx_word' id='word_1_173' title='bbox 257 2645 413 2727; x_wconf 90' lang='lat' dir='ltr'><strong>thiopiae</strong></span> <span class='ocrx_word' id='word_1_174' title='bbox 432 2658 577 2724; x_wconf 90' lang='lat' dir='ltr'><strong>sparsos</strong></span> <span class='ocrx_word' id='word_1_175' title='bbox 595 2642 633 2707; x_wconf 92' lang='lat' dir='ltr'><strong>in</strong></span> <span class='ocrx_word' id='word_1_176' title='bbox 651 2642 814 2708; x_wconf 90' lang='lat' dir='ltr'><strong>eumdem</strong></span> <span class='ocrx_word' id='word_1_177' title='bbox 833 2643 951 2706; x_wconf 92' lang='lat' dir='ltr'><strong>locum</strong></span> <span class='ocrx_word' id='word_1_178' title='bbox 973 2640 1180 2721; x_wconf 89' lang='lat' dir='ltr'><strong>convenire,</strong></span> <span class='ocrx_word' id='word_1_179' title='bbox 1202 2649 1239 2707; x_wconf 91' lang='lat' dir='ltr'><strong>ut</strong></span> <span class='ocrx_word' id='word_1_180' title='bbox 1259 2649 1406 2721; x_wconf 90' lang='lat' dir='ltr'><strong>possent</strong></span> <span class='ocrx_word' id='word_1_181' title='bbox 1424 2640 1489 2705; x_wconf 95' lang='lat' dir='ltr'><strong>do-</strong></span> 
     </span>
     <span class='ocr_line' id='line_1_22' title="bbox 259 2747 1487 2831; baseline -0.007 -14"><span class='ocrx_word' id='word_1_182' title='bbox 259 2753 374 2817; x_wconf 91' lang='lat' dir='ltr'><strong>ctrina</strong></span> <span class='ocrx_word' id='word_1_183' title='bbox 389 2761 423 2817; x_wconf 88' lang='lat' dir='ltr'><strong>et</strong></span> <span class='ocrx_word' id='word_1_184' title='bbox 437 2751 672 2816; x_wconf 88' lang='lat' dir='ltr'><strong>sacramentis</strong></span> <span class='ocrx_word' id='word_1_185' title='bbox 692 2751 729 2814; x_wconf 88' lang='lat' dir='ltr'><strong>in</strong></span> <span class='ocrx_word' id='word_1_186' title='bbox 749 2749 876 2830; x_wconf 90' lang='lat' dir='ltr'><strong>spiritu</strong></span> <span class='ocrx_word' id='word_1_187' title='bbox 893 2747 1074 2831; x_wconf 69' lang='lat' dir='ltr'><strong>adiuvari,</strong></span> <span class='ocrx_word' id='word_1_188' title='bbox 1094 2748 1182 2812; x_wconf 92' lang='lat' dir='ltr'><strong>nihil</strong></span> <span class='ocrx_word' id='word_1_189' title='bbox 1200 2749 1233 2813; x_wconf 92' lang='lat' dir='ltr'><strong>ei</strong></span> <span class='ocrx_word' id='word_1_190' title='bbox 1253 2748 1487 2830; x_wconf 87' lang='lat' dir='ltr'><strong>responderit.</strong></span> 
     </span>
     <span class='ocr_line' id='line_1_23' title="bbox 258 2855 1490 2938; baseline -0.002 -14"><span class='ocrx_word' id='word_1_191' title='bbox 258 2859 303 2924; x_wconf 92' lang='lat' dir='ltr'><strong>Et</strong></span> <span class='ocrx_word' id='word_1_192' title='bbox 317 2877 399 2924; x_wconf 90' lang='lat' dir='ltr'><strong>cum</strong></span> <span class='ocrx_word' id='word_1_193' title='bbox 413 2861 485 2924; x_wconf 89' lang='lat' dir='ltr'><strong>dux</strong></span> <span class='ocrx_word' id='word_1_194' title='bbox 499 2859 639 2924; x_wconf 90' lang='lat' dir='ltr'><strong>illorum</strong></span> <span class='ocrx_word' id='word_1_195' title='bbox 654 2858 891 2923; x_wconf 90' lang='lat' dir='ltr'><strong>lusitanorum</strong></span> <span class='ocrx_word' id='word_1_196' title='bbox 906 2865 1050 2936; x_wconf 89' lang='lat' dir='ltr'><strong>urgeret</strong></span> <span class='ocrx_word' id='word_1_197' title='bbox 1069 2855 1282 2938; x_wconf 90' lang='lat' dir='ltr'><strong>Aethiopiae</strong></span> <span class='ocrx_word' id='word_1_198' title='bbox 1300 2855 1436 2938; x_wconf 89' lang='lat' dir='ltr'><strong>Regem</strong></span> <span class='ocrx_word' id='word_1_199' title='bbox 1451 2868 1490 2922; x_wconf 93' lang='lat' dir='ltr'><strong>ut</strong></span> 
     </span>
     <span class='ocr_line' id='line_1_24' title="bbox 258 2960 1487 3048; baseline -0.001 -18"><span class='ocrx_word' id='word_1_200' title='bbox 258 2967 510 3048; x_wconf 88' lang='lat' dir='ltr'><strong>responderet,</strong></span> <span class='ocrx_word' id='word_1_201' title='bbox 530 2983 615 3031; x_wconf 91' lang='lat' dir='ltr'><strong>num</strong></span> <span class='ocrx_word' id='word_1_202' title='bbox 635 2965 822 3030; x_wconf 88' lang='lat' dir='ltr'><strong>admittere</strong></span> <span class='ocrx_word' id='word_1_203' title='bbox 842 2964 950 3028; x_wconf 90' lang='lat' dir='ltr'><strong>vellet</strong></span> <span class='ocrx_word' id='word_1_204' title='bbox 965 2960 1190 3044; x_wconf 88' lang='lat' dir='ltr'><strong>[Pontificem</strong></span> <span class='ocrx_word' id='word_1_205' title='bbox 1209 2962 1429 3046; x_wconf 88' lang='lat' dir='ltr'><strong>Romanum]</strong></span> <span class='ocrx_word' id='word_1_206' title='bbox 1448 2972 1487 3029; x_wconf 92' lang='lat' dir='ltr'><strong>ut</strong></span> 
     </span>
     <span class='ocr_line' id='line_1_25' title="bbox 258 3068 1489 3163; baseline -0.002 -24"><span class='ocrx_word' id='word_1_207' title='bbox 258 3084 366 3156; x_wconf 90' lang='lat' dir='ltr'><strong>caput</strong></span> <span class='ocrx_word' id='word_1_208' title='bbox 379 3074 591 3138; x_wconf 84' lang='lat' dir='ltr'><strong>universalis</strong></span> <span class='ocrx_word' id='word_1_209' title='bbox 603 3072 804 3152; x_wconf 89' lang='lat' dir='ltr'><strong>Ecclesiae,</strong></span> <span class='ocrx_word' id='word_1_210' title='bbox 825 3081 860 3135; x_wconf 94' lang='lat' dir='ltr'><strong>et</strong></span> <span class='ocrx_word' id='word_1_211' title='bbox 879 3069 1127 3136; x_wconf 88' lang='lat' dir='ltr'><strong>Patriarcham</strong></span> <span class='ocrx_word' id='word_1_212' title='bbox 1148 3079 1184 3135; x_wconf 92' lang='lat' dir='ltr'><strong>et</strong></span> <span class='ocrx_word' id='word_1_213' title='bbox 1203 3068 1329 3163; x_wconf 70' lang='lat' dir='ltr'><strong>Ratres</strong></span> <span class='ocrx_word' id='word_1_214' title='bbox 1349 3089 1370 3135; x_wconf 90' lang='lat' dir='ltr'><strong>a</strong></span> <span class='ocrx_word' id='word_1_215' title='bbox 1389 3071 1489 3154; x_wconf 88' lang='lat' dir='ltr'><strong>Rege</strong></span> 
     </span>
     <span class='ocr_line' id='line_1_26' title="bbox 257 3177 1488 3262; baseline -0.002 -15"><span class='ocrx_word' id='word_1_216' title='bbox 257 3181 397 3262; x_wconf 91' lang='lat' dir='ltr'><strong>missos,</strong></span> <span class='ocrx_word' id='word_1_217' title='bbox 413 3182 561 3262; x_wconf 88' lang='lat' dir='ltr'><strong>negavit</strong></span> <span class='ocrx_word' id='word_1_218' title='bbox 580 3197 620 3244; x_wconf 90' lang='lat' dir='ltr'><strong>se</strong></span> <span class='ocrx_word' id='word_1_219' title='bbox 638 3180 730 3245; x_wconf 86' lang='lat' dir='ltr'><strong>velle</strong></span> <span class='ocrx_word' id='word_1_220' title='bbox 750 3179 952 3253; x_wconf 85' lang='lat' dir='ltr'><strong>admittere;</strong></span> <span class='ocrx_word' id='word_1_221' title='bbox 969 3186 1004 3242; x_wconf 91' lang='lat' dir='ltr'><strong>et</strong></span> <span class='ocrx_word' id='word_1_222' title='bbox 1020 3177 1156 3260; x_wconf 88' lang='lat' dir='ltr'><strong>juravit</strong></span> <span class='ocrx_word' id='word_1_223' title='bbox 1177 3196 1215 3242; x_wconf 94' lang='lat' dir='ltr'><strong>se</strong></span> <span class='ocrx_word' id='word_1_224' title='bbox 1236 3178 1272 3242; x_wconf 93' lang='lat' dir='ltr'><strong>in</strong></span> <span class='ocrx_word' id='word_1_225' title='bbox 1291 3195 1356 3244; x_wconf 92' lang='lat' dir='ltr'><strong>suo</strong></span> <span class='ocrx_word' id='word_1_226' title='bbox 1376 3196 1488 3260; x_wconf 84' lang='lat' dir='ltr'><strong>regno</strong></span> 
     </span>
     <span class='ocr_line' id='line_1_27' title="bbox 256 3283 1488 3367; baseline -0.002 -13"><span class='ocrx_word' id='word_1_227' title='bbox 256 3288 461 3354; x_wconf 87' lang='lat' dir='ltr'><strong>sacerdotes</strong></span> <span class='ocrx_word' id='word_1_228' title='bbox 481 3288 625 3367; x_wconf 87' lang='lat' dir='ltr'><strong>habere,</strong></span> <span class='ocrx_word' id='word_1_229' title='bbox 647 3303 719 3351; x_wconf 89' lang='lat' dir='ltr'><strong>non</strong></span> <span class='ocrx_word' id='word_1_230' title='bbox 740 3287 856 3352; x_wconf 92' lang='lat' dir='ltr'><strong>solum</strong></span> <span class='ocrx_word' id='word_1_231' title='bbox 877 3285 1024 3352; x_wconf 90' lang='lat' dir='ltr'><strong>idoneos</strong></span> <span class='ocrx_word' id='word_1_232' title='bbox 1042 3285 1089 3350; x_wconf 90' lang='lat' dir='ltr'><strong>ad</strong></span> <span class='ocrx_word' id='word_1_233' title='bbox 1108 3283 1396 3351; x_wconf 86' lang='lat' dir='ltr'><strong>Patriarchatum</strong></span> <span class='ocrx_word' id='word_1_234' title='bbox 1422 3287 1488 3352; x_wconf 91' lang='lat' dir='ltr'><strong>Ae·</strong></span> 
     </span>
     <span class='ocr_line' id='line_1_28' title="bbox 256 3391 1489 3480; baseline -0.002 -18"><span class='ocrx_word' id='word_1_235' title='bbox 256 3397 427 3480; x_wconf 91' lang='lat' dir='ltr'><strong>thiopiae,</strong></span> <span class='ocrx_word' id='word_1_236' title='bbox 444 3396 507 3460; x_wconf 91' lang='lat' dir='ltr'><strong>scd</strong></span> <span class='ocrx_word' id='word_1_237' title='bbox 526 3395 633 3460; x_wconf 90' lang='lat' dir='ltr'><strong>etiam</strong></span> <span class='ocrx_word' id='word_1_238' title='bbox 653 3394 698 3459; x_wconf 93' lang='lat' dir='ltr'><strong>ad</strong></span> <span class='ocrx_word' id='word_1_239' title='bbox 719 3393 967 3459; x_wconf 83' lang='lat' dir='ltr'><strong>Pontificatum</strong></span> <span class='ocrx_word' id='word_1_240' title='bbox 986 3391 1085 3456; x_wconf 89' lang='lat' dir='ltr'><strong>urbis</strong></span> <span class='ocrx_word' id='word_1_241' title='bbox 1104 3391 1258 3473; x_wconf 84' lang='lat' dir='ltr'><strong>Romae;</strong></span> <span class='ocrx_word' id='word_1_242' title='bbox 1278 3410 1344 3458; x_wconf 91' lang='lat' dir='ltr'><strong>nec</strong></span> <span class='ocrx_word' id='word_1_243' title='bbox 1365 3411 1405 3458; x_wconf 90' lang='lat' dir='ltr'><strong>se</strong></span> <span class='ocrx_word' id='word_1_244' title='bbox 1427 3393 1489 3459; x_wconf 91' lang='lat' dir='ltr'><strong>Pa·</strong></span> 
     </span>
     <span class='ocr_line' id='line_1_29' title="bbox 259 3499 1488 3582; baseline -0.002 -14"><span class='ocrx_word' id='word_1_245' title='bbox 259 3504 454 3569; x_wconf 90' lang='lat' dir='ltr'><strong>triarcham</strong></span> <span class='ocrx_word' id='word_1_246' title='bbox 473 3520 518 3567; x_wconf 87' lang='lat' dir='ltr'><strong>ex</strong></span> <span class='ocrx_word' id='word_1_247' title='bbox 532 3501 753 3568; x_wconf 86' lang='lat' dir='ltr'><strong>Alexandria</strong></span> <span class='ocrx_word' id='word_1_248' title='bbox 772 3501 936 3582; x_wconf 90' lang='lat' dir='ltr'><strong>accipere</strong></span> <span class='ocrx_word' id='word_1_249' title='bbox 954 3499 1061 3564; x_wconf 88' lang='lat' dir='ltr'><strong>aliam</strong></span> <span class='ocrx_word' id='word_1_250' title='bbox 1081 3500 1126 3563; x_wconf 91' lang='lat' dir='ltr'><strong>ob</strong></span> <span class='ocrx_word' id='word_1_251' title='bbox 1145 3516 1303 3580; x_wconf 89' lang='lat' dir='ltr'><strong>causam,</strong></span> <span class='ocrx_word' id='word_1_252' title='bbox 1325 3517 1431 3582; x_wconf 90' lang='lat' dir='ltr'><strong>quam</strong></span> <span class='ocrx_word' id='word_1_253' title='bbox 1450 3512 1488 3566; x_wconf 92' lang='lat' dir='ltr'><strong>ut</strong></span> 
     </span>
     <span class='ocr_line' id='line_1_30' title="bbox 257 3609 875 3690; baseline -0.008 -13"><span class='ocrx_word' id='word_1_254' title='bbox 257 3609 454 3677; x_wconf 91' lang='lat' dir='ltr'><strong>Concilium</strong></span> <span class='ocrx_word' id='word_1_255' title='bbox 469 3611 641 3675; x_wconf 92' lang='lat' dir='ltr'><strong>Nicenum</strong></span> <span class='ocrx_word' id='word_1_256' title='bbox 656 3616 875 3690; x_wconf 89' lang='lat' dir='ltr'><strong>sequeretur.</strong></span> 
     </span>
    </p>

    <p class='ocr_par' dir='ltr' id='par_1_5' title="bbox 257 3713 1489 4229">
     <span class='ocr_line' id='line_1_31' title="bbox 317 3713 1489 3799; baseline -0.003 -15"><span class='ocrx_word' id='word_1_257' title='bbox 317 3717 409 3784; x_wconf 84' lang='grc'>3345.</span> <span class='ocrx_word' id='word_1_258' title='bbox 452 3717 550 3782; x_wconf 87' lang='lat' dir='ltr'><strong>Haec</strong></span> <span class='ocrx_word' id='word_1_259' title='bbox 565 3734 652 3799; x_wconf 88' lang='lat' dir='ltr'><strong>ergo</strong></span> <span class='ocrx_word' id='word_1_260' title='bbox 668 3733 749 3781; x_wconf 93' lang='lat' dir='ltr'><strong>cum</strong></span> <span class='ocrx_word' id='word_1_261' title='bbox 763 3716 994 3781; x_wconf 83' lang='lat' dir='ltr'><strong>intellexisset</strong></span> <span class='ocrx_word' id='word_1_262' title='bbox 1007 3713 1102 3795; x_wconf 87' lang='lat' dir='ltr'><strong>Mag.</strong></span> <span class='ocrx_word' id='word_1_263' title='bbox 1116 3714 1297 3780; x_wconf 86' lang='lat' dir='ltr'><strong>Gonzalus</strong></span> <span class='ocrx_word' id='word_1_264' title='bbox 1308 3723 1343 3780; x_wconf 91' lang='lat' dir='ltr'><strong>et</strong></span> <span class='ocrx_word' id='word_1_265' title='bbox 1354 3715 1489 3796; x_wconf 87' lang='lat' dir='ltr'><strong>Regem</strong></span> 
     </span>
     <span class='ocr_line' id='line_1_32' title="bbox 258 3822 1487 3908; baseline -0.002 -17"><span class='ocrx_word' id='word_1_266' title='bbox 258 3836 295 3892; x_wconf 94' lang='lat' dir='ltr'><strong>et</strong></span> <span class='ocrx_word' id='word_1_267' title='bbox 308 3827 420 3908; x_wconf 89' lang='lat' dir='ltr'><strong>ipsius</strong></span> <span class='ocrx_word' id='word_1_268' title='bbox 433 3826 583 3908; x_wconf 90' lang='lat' dir='ltr'><strong>populos</strong></span> <span class='ocrx_word' id='word_1_269' title='bbox 602 3825 741 3889; x_wconf 87' lang='lat' dir='ltr'><strong>haeresi</strong></span> <span class='ocrx_word' id='word_1_270' title='bbox 759 3823 933 3904; x_wconf 88' lang='lat' dir='ltr'><strong>Eutychis</strong></span> <span class='ocrx_word' id='word_1_271' title='bbox 946 3832 982 3886; x_wconf 91' lang='lat' dir='ltr'><strong>et</strong></span> <span class='ocrx_word' id='word_1_272' title='bbox 1000 3823 1168 3887; x_wconf 86' lang='lat' dir='ltr'><strong>Dioscuri</strong></span> <span class='ocrx_word' id='word_1_273' title='bbox 1183 3822 1378 3888; x_wconf 87' lang='lat' dir='ltr'><strong>adhaerere</strong></span> <span class='ocrx_word' id='word_1_274' title='bbox 1393 3823 1487 3889; x_wconf 87' lang='lat' dir='ltr'><strong>vide·</strong></span> 
     </span>
     <span class='ocr_line' id='line_1_33' title="bbox 259 3930 1488 4015; baseline -0.002 -17"><span class='ocrx_word' id='word_1_275' title='bbox 259 3946 324 4015; x_wconf 91' lang='lat' dir='ltr'><strong>ret,</strong></span> <span class='ocrx_word' id='word_1_276' title='bbox 341 3943 375 4000; x_wconf 90' lang='lat' dir='ltr'><strong>et</strong></span> <span class='ocrx_word' id='word_1_277' title='bbox 389 3933 652 3999; x_wconf 90' lang='lat' dir='ltr'><strong>Calcedonense</strong></span> <span class='ocrx_word' id='word_1_278' title='bbox 668 3931 865 3996; x_wconf 89' lang='lat' dir='ltr'><strong>Concilium</strong></span> <span class='ocrx_word' id='word_1_279' title='bbox 880 3930 926 3994; x_wconf 91' lang='lat' dir='ltr'><strong>ab</strong></span> <span class='ocrx_word' id='word_1_280' title='bbox 945 3930 1032 4011; x_wconf 92' lang='lat' dir='ltr'><strong>ipsis</strong></span> <span class='ocrx_word' id='word_1_281' title='bbox 1045 3930 1247 4012; x_wconf 88' lang='lat' dir='ltr'><strong>reprobari;</strong></span> <span class='ocrx_word' id='word_1_282' title='bbox 1269 3940 1303 3994; x_wconf 92' lang='lat' dir='ltr'><strong>et</strong></span> <span class='ocrx_word' id='word_1_283' title='bbox 1324 3941 1488 3996; x_wconf 90' lang='lat' dir='ltr'><strong>sanctum</strong></span> 
     </span>
     <span class='ocr_line' id='line_1_34' title="bbox 257 4035 1488 4121; baseline -0.003 -14"><span class='ocrx_word' id='word_1_284' title='bbox 257 4042 411 4106; x_wconf 89' lang='lat' dir='ltr'><strong>Leonem</strong></span> <span class='ocrx_word' id='word_1_285' title='bbox 426 4041 440 4106; x_wconf 95' lang='grc' dir='ltr'>Ι</span> <span class='ocrx_word' id='word_1_286' title='bbox 455 4041 673 4106; x_wconf 91' lang='lat' dir='ltr'><strong>haereticum</strong></span> <span class='ocrx_word' id='word_1_287' title='bbox 686 4041 732 4103; x_wconf 91' lang='lat' dir='ltr'><strong>ab</strong></span> <span class='ocrx_word' id='word_1_288' title='bbox 746 4039 834 4121; x_wconf 91' lang='lat' dir='ltr'><strong>ipsis</strong></span> <span class='ocrx_word' id='word_1_289' title='bbox 847 4039 1006 4120; x_wconf 88' lang='lat' dir='ltr'><strong>reputari</strong></span> <span class='ocrx_word' id='word_1_290' title='bbox 1025 4046 1061 4102; x_wconf 91' lang='lat' dir='ltr'><strong>et</strong></span> <span class='ocrx_word' id='word_1_291' title='bbox 1076 4035 1171 4118; x_wconf 87' lang='lat' dir='ltr'><strong>juste</strong></span> <span class='ocrx_word' id='word_1_292' title='bbox 1189 4056 1212 4101; x_wconf 88' lang='lat' dir='ltr'><strong>a</strong></span> <span class='ocrx_word' id='word_1_293' title='bbox 1231 4037 1408 4103; x_wconf 90' lang='lat' dir='ltr'><strong>Dioscoro</strong></span> <span class='ocrx_word' id='word_1_294' title='bbox 1429 4057 1488 4104; x_wconf 85' lang='lat' dir='ltr'><strong>ex·</strong></span> 
     </span>
     <span class='ocr_line' id='line_1_35' title="bbox 257 4145 1487 4229; baseline -0.003 -14"><span class='ocrx_word' id='word_1_295' title='bbox 257 4150 572 4229; x_wconf 89' lang='lat' dir='ltr'><strong>communicatum,</strong></span> <span class='ocrx_word' id='word_1_296' title='bbox 592 4157 719 4213; x_wconf 91' lang='lat' dir='ltr'><strong>contra</strong></span> <span class='ocrx_word' id='word_1_297' title='bbox 738 4161 843 4229; x_wconf 90' lang='lat' dir='ltr'><strong>quem</strong></span> <span class='ocrx_word' id='word_1_298' title='bbox 860 4155 895 4210; x_wconf 93' lang='lat' dir='ltr'><strong>et</strong></span> <span class='ocrx_word' id='word_1_299' title='bbox 916 4146 1114 4227; x_wconf 90' lang='lat' dir='ltr'><strong>Eutychem</strong></span> <span class='ocrx_word' id='word_1_300' title='bbox 1134 4145 1365 4226; x_wconf 86' lang='lat' dir='ltr'><strong>scripserant;</strong></span> <span class='ocrx_word' id='word_1_301' title='bbox 1389 4148 1487 4213; x_wconf 87' lang='lat' dir='ltr'><strong>venit</strong></span> 
     </span>
    </p>
   </div>
   <div class='ocr_carea' id='block_1_3' title="bbox 254 4422 1488 4774">
    <p class='ocr_par' dir='ltr' id='par_1_6' title="bbox 254 4422 1488 4697">
     <span class='ocr_line' id='line_1_36' title="bbox 295 4422 1487 4480; baseline -0.003 -7"><span class='ocrx_word' id='word_1_302' title='bbox 295 4429 304 4462; x_wconf 76' lang='grc' dir='ltr'>Ι</span> <span class='ocrx_word' id='word_1_303' title='bbox 333 4427 476 4473; x_wconf 80' lang='lat' dir='ltr'><strong>Gonaalum</strong></span> <span class='ocrx_word' id='word_1_304' title='bbox 485 4425 661 4479; x_wconf 74' lang='lat' dir='ltr'><strong>(conralvnm,</strong></span> <span class='ocrx_word' id='word_1_305' title='bbox 672 4423 870 4472; x_wconf 77' lang='lat' dir='ltr'><strong>Gondlaalvnml</strong></span> <span class='ocrx_word' id='word_1_306' title='bbox 880 4423 1036 4478; x_wconf 80' lang='lat' dir='ltr'><strong>Rodrlgoez.</strong></span> <span class='ocrx_word' id='word_1_307' title='bbox 1052 4422 1120 4468; x_wconf 84' lang='lat' dir='ltr'><strong>Vide</strong></span> <span class='ocrx_word' id='word_1_308' title='bbox 1130 4433 1219 4480; x_wconf 72' lang='lat' dir='ltr'><strong>sopra,</strong></span> <span class='ocrx_word' id='word_1_309' title='bbox 1233 4428 1254 4468; x_wconf 85' lang='lat' dir='ltr'><strong>t.</strong></span> <span class='ocrx_word' id='word_1_310' title='bbox 1269 4437 1296 4477; x_wconf 80' lang='lat' dir='ltr'><strong>v,</strong></span> <span class='ocrx_word' id='word_1_311' title='bbox 1310 4436 1371 4480; x_wconf 75' lang='lat' dir='ltr'><strong>pag.</strong></span> <span class='ocrx_word' id='word_1_312' title='bbox 1386 4423 1437 4469; x_wconf 72' lang='lat'><strong>⁶85:</strong></span> <span class='ocrx_word' id='word_1_313' title='bbox 1446 4422 1487 4469; x_wconf 78' lang='lat' dir='ltr'><strong>Dr</strong></span> 
     </span>
     <span class='ocr_line' id='line_1_37' title="bbox 254 4494 1488 4551; baseline -0.006 -4"><span class='ocrx_word' id='word_1_314' title='bbox 254 4500 350 4547; x_wconf 77' lang='lat' dir='ltr'><strong>Panis</strong></span> <span class='ocrx_word' id='word_1_315' title='bbox 359 4501 474 4546; x_wconf 75' lang='lat' dir='ltr'><strong>Gouzau</strong></span> <span class='ocrx_word' id='word_1_316' title='bbox 485 4498 607 4543; x_wconf 67' lang='lat' dir='ltr'><strong>utamur</strong></span> <span class='ocrx_word' id='word_1_317' title='bbox 617 4509 643 4542; x_wconf 85' lang='lat' dir='ltr'><strong>ut</strong></span> <span class='ocrx_word' id='word_1_318' title='bbox 655 4499 826 4551; x_wconf 68' lang='lat' dir='ltr'><strong>Anrmorraru</strong></span> <span class='ocrx_word' id='word_1_319' title='bbox 837 4495 1088 4548; x_wconf 67' lang='lat' dir='ltr'><strong>Tartar-Auaron,</strong></span> <span class='ocrx_word' id='word_1_320' title='bbox 1098 4494 1223 4539; x_wconf 80' lang='lat' dir='ltr'><strong>Historia</strong></span> <span class='ocrx_word' id='word_1_321' title='bbox 1230 4496 1308 4549; x_wconf 68' lang='lat' dir='ltr'><strong>gerat</strong></span> <span class='ocrx_word' id='word_1_322' title='bbox 1315 4498 1349 4540; x_wconf 78' lang='lat' dir='ltr'><strong>de</strong></span> <span class='ocrx_word' id='word_1_323' title='bbox 1359 4495 1488 4549; x_wconf 72' lang='lat' dir='ltr'><strong>aratopta</strong></span> 
     </span>
     <span class='ocr_line' id='line_1_38' title="bbox 257 4566 1487 4626; baseline -0.004 -8"><span class='ocrx_word' id='word_1_324' title='bbox 257 4585 273 4618; x_wconf 83' lang='lat' dir='ltr'><strong>a</strong></span> <span class='ocrx_word' id='word_1_325' title='bbox 284 4573 352 4626; x_wconf 77' lang='lat' dir='ltr'><strong>alta,</strong></span> <span class='ocrx_word' id='word_1_326' title='bbox 360 4572 406 4618; x_wconf 79' lang='lat' dir='ltr'><strong>tir.</strong></span> <span class='ocrx_word' id='word_1_327' title='bbox 416 4581 446 4626; x_wconf 84' lang='lat' dir='ltr'><strong>rr,</strong></span> <span class='ocrx_word' id='word_1_328' title='bbox 455 4581 513 4626; x_wconf 75' lang='lat' dir='ltr'><strong>cap.</strong></span> <span class='ocrx_word' id='word_1_329' title='bbox 524 4569 560 4624; x_wconf 78' lang='lat'><strong>23,</strong></span> <span class='ocrx_word' id='word_1_330' title='bbox 571 4579 670 4614; x_wconf 83' lang='lat' dir='ltr'><strong>necnon</strong></span> <span class='ocrx_word' id='word_1_331' title='bbox 678 4574 810 4620; x_wconf 73' lang='lat' dir='ltr'><strong>auctores,</strong></span> <span class='ocrx_word' id='word_1_332' title='bbox 820 4579 884 4625; x_wconf 79' lang='lat' dir='ltr'><strong>quos</strong></span> <span class='ocrx_word' id='word_1_333' title='bbox 899 4578 981 4622; x_wconf 74' lang='lat' dir='ltr'><strong>anpra</strong></span> <span class='ocrx_word' id='word_1_334' title='bbox 990 4566 1164 4620; x_wconf 78' lang='lat' dir='ltr'><strong>landavlmnr,</strong></span> <span class='ocrx_word' id='word_1_335' title='bbox 1179 4573 1198 4611; x_wconf 86' lang='lat' dir='ltr'><strong>t.</strong></span> <span class='ocrx_word' id='word_1_336' title='bbox 1213 4577 1251 4620; x_wconf 85' lang='lat' dir='ltr'><strong>nr,</strong></span> <span class='ocrx_word' id='word_1_337' title='bbox 1260 4579 1322 4623; x_wconf 73' lang='lat' dir='ltr'><strong>pag.</strong></span> <span class='ocrx_word' id='word_1_338' title='bbox 1330 4567 1380 4621; x_wconf 81' lang='grc'><strong>497,</strong></span> <span class='ocrx_word' id='word_1_339' title='bbox 1389 4581 1415 4614; x_wconf 91' lang='lat' dir='ltr'><strong>n.</strong></span> <span class='ocrx_word' id='word_1_340' title='bbox 1427 4567 1487 4618; x_wconf 78' lang='lat' dir='ltr'><strong>rota</strong></span> 
     </span>
     <span class='ocr_line' id='line_1_39' title="bbox 257 4639 1273 4697; baseline -0.008 -1"><span class='ocrx_word' id='word_1_341' title='bbox 257 4652 345 4696; x_wconf 76' lang='lat' dir='ltr'><strong>annot.</strong></span> <span class='ocrx_word' id='word_1_342' title='bbox 355 4645 380 4689; x_wconf 89' lang='lat' dir='ltr'><strong>t:</strong></span> <span class='ocrx_word' id='word_1_343' title='bbox 391 4642 535 4689; x_wconf 73' lang='lat' dir='ltr'><strong>Orurouu</strong></span> <span class='ocrx_word' id='word_1_344' title='bbox 544 4641 655 4696; x_wconf 72' lang='lat' dir='ltr'><strong>scillcet,</strong></span> <span class='ocrx_word' id='word_1_345' title='bbox 665 4640 782 4695; x_wconf 72' lang='lat' dir='ltr'><strong>Guaular,</strong></span> <span class='ocrx_word' id='word_1_346' title='bbox 793 4641 895 4695; x_wconf 76' lang='lat' dir='ltr'><strong>Janurc,</strong></span> <span class='ocrx_word' id='word_1_347' title='bbox 905 4645 932 4685; x_wconf 83' lang='lat' dir='ltr'><strong>et</strong></span> <span class='ocrx_word' id='word_1_348' title='bbox 942 4651 1006 4697; x_wconf 78' lang='lat' dir='ltr'><strong>prae</strong></span> <span class='ocrx_word' id='word_1_349' title='bbox 1016 4639 1139 4690; x_wconf 71' lang='lat' dir='ltr'><strong>caeteris,</strong></span> <span class='ocrx_word' id='word_1_350' title='bbox 1149 4639 1273 4688; x_wconf 75' lang='lat' dir='ltr'><strong>Eurota.</strong></span> 
     </span>
    </p>

    <p class='ocr_par' dir='ltr' id='par_1_7' title="bbox 297 4713 734 4774">
     <span class='ocr_line' id='line_1_40' title="bbox 297 4713 734 4774; baseline -0.014 -10"><span class='ocrx_word' id='word_1_351' title='bbox 297 4715 309 4752; x_wconf 75' lang='lat'>⁸</span> <span class='ocrx_word' id='word_1_352' title='bbox 336 4716 430 4774; x_wconf 78' lang='lat' dir='ltr'><strong>Supra,</strong></span> <span class='ocrx_word' id='word_1_353' title='bbox 441 4722 460 4762; x_wconf 83' lang='lat' dir='ltr'><strong>t.</strong></span> <span class='ocrx_word' id='word_1_354' title='bbox 470 4726 496 4768; x_wconf 78' lang='lat' dir='ltr'><strong>v,</strong></span> <span class='ocrx_word' id='word_1_355' title='bbox 506 4727 566 4772; x_wconf 79' lang='lat' dir='ltr'><strong>pag.</strong></span> <span class='ocrx_word' id='word_1_356' title='bbox 576 4713 625 4769; x_wconf 84' lang='lat'><strong>707,</strong></span> <span class='ocrx_word' id='word_1_357' title='bbox 636 4725 661 4760; x_wconf 87' lang='lat' dir='ltr'><strong>n.</strong></span> <span class='ocrx_word' id='word_1_358' title='bbox 674 4713 734 4760; x_wconf 84' lang='lat'><strong>1⁹71.</strong></span> 
     </span>
    </p>
   </div>
   <div class='ocr_carea' id='block_1_4' title="bbox 0 0 1826 5350">
    <p class='ocr_par' dir='ltr' id='par_1_8' title="bbox 0 0 1826 5350">
     <span class='ocr_line' id='line_1_41' title="bbox 0 0 1826 5350; baseline 0 1"><span class='ocrx_word' id='word_1_359' title='bbox 0 0 1826 5350; x_wconf 95' lang='lat' dir='ltr'><strong> </strong></span> 
     </span>
    </p>
   </div>
  </div>
 </body>
</html>
