3642 5350
353 360 409 429 318
803 358 1128 442 cmolrsoe‘lrrs

352 520 628 594 poaterumeam
642 511 976 594 applicaturuslzzet
987 515 1049 592 ita,
1062 506 1278 597 ioannes'de
1292 500 1578 593 maslaum*

354 618 615 699 adscribens,-
624 620 836 701 supplicavit
846 630 907 700 ni,
915 621 948 685 si
957 636 1064 687 snum
1078 634 1296 685 eonsensum
1305 637 1377 683 nou
1390 610 1580 683 eratdatu)

353 744 415 791 rus
429 726 466 790 in
479 725 665 807 hospitalis
679 725 857 807 savorem,
873 745 954 792 eum
971 729 1072 792 daret
1086 728 1132 791 ad
1151 719 1371 809 praedictam
1384 726 1581 790 Abbatiam

352 832 511 913 Collegio
529 833 748 898 Messanensi
769 832 974 914 uniendam,
994 834 1280 916 quandoquidem
1297 834 1577 916 primo-vacatu-

354 958 433 1005 ram
459 940 493 1003 ei
520 941 744 1021 promiserat.
769 940 945 1005 Abbatem
969 942 1063 1007 enim
1086 943 1371 1007 renuntiaturum
1394 956 1487 1018 esse,
1511 955 1579 1003 nec

354 1050 462 1113 ullam
476 1046 513 1111 in
526 1063 638 1128 regno
652 1045 794 1112 Siciliae
809 1050 925 1127 magis
943 1058 1177 1130 opportunam
1196 1048 1242 1112 ad
1261 1048 1411 1127 Collegii
1429 1046 1579 1111 dotatio·

354 1172 436 1219 nem
451 1170 541 1231 esse,
557 1171 623 1218 nec
637 1171 683 1218 ex
697 1172 767 1236 qua
787 1154 924 1219 fructus
942 1156 1086 1220 uberior
1103 1173 1167 1237 per
1186 1154 1421 1219 ministerium
1440 1152 1582 1233 religio·

356 1278 478 1325 sorum
492 1259 679 1325 Societatis
694 1272 838 1325 nostrae
852 1264 990 1342 sperari
1003 1271 1135 1344 posset,
1156 1278 1200 1325 eo
1217 1262 1314 1342 quod
1333 1262 1501 1342 populum
1520 1260 1580 1323 ha·

357 1370 456 1461 benet
470 1384 697 1431 numerosum
713 1374 824 1450 prope
839 1367 1053 1450 Messanam,
1069 1369 1169 1451 cujus
1180 1369 1355 1449 spirituali
1366 1367 1511 1432 utilitati
1521 1366 1583 1430 vix

358 1477 546 1558 quisquam
559 1484 718 1539 vacaret.

420 1580 507 1647 1298.
550 1562 816 1663 Scripsir'etiam
827 1580 1583 1667 RogiPhiiippoetDorninoJoanuiOsorio,

358 1689 418 1771 qui
432 1690 542 1771 ipsius
553 1685 565 1717 ¹
575 1690 763 1769 negotiain
775 1692 873 1754 curia
885 1691 1114 1773 imperatoris
1124 1694 1284 1773 gerebat,
1294 1701 1330 1754 et
1340 1690 1436 1755 misit
1447 1690 1493 1753 ad
1503 1704 1583 1755 eum

289 1868 295 1879 ‚
360 1798 631 1863 instrumentum
646 1797 898 1877 resignationis
912 1798 1029 1863 iactae
1043 1800 1089 1862 ab
1103 1799 1253 1880 Abbatc,
1269 1799 1331 1880 qui
1344 1796 1464 1861 statim
1480 1810 1586 1861 suum

357 1903 415 1985 ius
430 1904 477 1969 ad
490 1904 663 1969 ducentos
677 1911 712 1967 et
726 1904 984 1987 quinquaginta
999 1924 1127 1970 aureos
1141 1907 1250 1970 annui
1264 1904 1410 1985 reditus,
1428 1904 1465 1967 in
1484 1901 1584 1967 Cala·

360 2013 438 2079 bria
463 2011 740 2091 recuperandos,
765 2012 913 2076 daturus
933 2024 1030 2093 erat,
1051 2024 1087 2077 et
1109 2012 1451 2079 administrationem
1474 2010 1586 2091 ipsius

366 2119 560 2215 abbatiae,
583 2135 690 2200 quam
709 2117 766 2181 ille
787 2128 822 2183 et
847 2120 1059 2201 quingentos
1077 2138 1206 2187 aureos
1227 2120 1379 2201 singuiis
1400 2118 1505 2181 annis
1524 2132 1587 2180 no·

364 2226 448 2291 stris
462 2225 680 2290 reddituram
694 2224 920 2291 existimabat
934 2226 958 2307 ³,
974 2228 1056 2292 licet
1067 2228 1215 2293 minoris
1225 2226 1360 2292 reditus
1369 2224 1586 2289 existimare·

366 2345 424 2398 tur
439 2351 481 2397 ac
496 2344 580 2397 tunc
595 2344 690 2397 esset
708 2329 730 2396 ⁴.

428 2440 516 2505 1299.
560 2438 756 2504 Videbatur
770 2448 888 2505 autem
905 2460 927 2505 a
947 2441 1024 2506 Deo
1046 2454 1181 2508 motum
1200 2442 1389 2521 Abbatem,
1409 2440 1471 2523 qul
1489 2441 1588 2522 prius

366 2549 471 2629 longe
486 2548 589 2611 aliter
604 2546 789 2627 sentiebat,
805 2548 892 2612 utin
907 2548 1000 2613 hanc
1010 2550 1221 2615 sententiam
1232 2549 1463 2615 descenderet
1474 2558 1509 2612 et
1519 2555 1588 2611 sta·

364 2658 425 2729 tim
441 2664 640 2722 nostrorum
655 2671 764 2736 opera
779 2672 880 2720 suurn
895 2658 1061 2738 populum
1075 2655 1194 2738 jurari
1213 2660 1338 2737 vellet3
1358 2665 1394 2722 et
1413 2653 1509 2721 Patri
1534 2653 1589 2719 iii·

364 2765 590 2844 badeneyrae
605 2759 616 2792 ⁵
631 2762 701 2826 hoc
715 2765 897 2842 negotium
913 2766 1155 2830 commendari
1168 2766 1344 2847 cupiebat.

430 2868 518 2935 1300.
559 2868 781 2950 Responsum
796 2880 914 2934 autern
927 2872 1048 2936 statim
1062 2891 1108 2936 ex
1122 2873 1222 2937 curia
1233 2882 1421 2954 acceptum
1431 2867 1590 2952 estquod

368 2995 411 3052 ea
427 2978 471 3050 de
485 2995 523 3042 re
539 2977 657 3047 statim
674 2987 767 3042 esset
780 2977 975 3058 agendum
990 2988 1026 3042 et
1046 2977 1187 3043 facilius
1204 2981 1386 3060 negotium
1406 2977 1591 3043 conficien-

369 3086 453 3151 dum
469 3084 635 3165 sperabat
649 3081 673 3162 ⁶,
689 3083 783 3164 quod
797 3102 867 3149 non
879 3083 953 3164 Jam
968 3103 1032 3166 per
1042 3085 1283 3206 Secretarium
1292 3085 1471 3152 Erasum¹
1485 3101 1591 3166 nego

370 3193 419 3257 tia
436 3190 636 3272 hujusmodi
650 3191 943 3270 transigerentur.

410 3471 419 3504 ¹
448 3469 532 3526 Magia
546 3469 684 3526 perspicua
697 3471 762 3515 baec
778 3471 929 3526 eraderent,
943 3472 966 3516 al
981 3462 1177 3529 disponerentur
1191 3475 1238 3520 alc:
1249 3473 1308 3519 “aed
1319 3481 1374 3520 turn
1384 3474 1445 3528 qula
1454 3471 1533 3516 aliam
1540 3449 1595 3527 iaat

367 3543 417 3590 aibi
428 3543 527 3587 unitam
537 3541 651 3587 habebat
661 3541 798 3597 hospitale,
809 3549 863 3588 tum
877 3545 947 3599 quia.
961 3546 1109 3590 Abbatibua
1122 3547 1275 3601 quibusdam
1289 3545 1426 3597 defunctis,
1438 3545 1505 3588 banc
1515 3541 1597 3598 lanpe-

365 3621 439 3662 rater
449 3625 498 3660 non
508 3613 698 3670 applicaverat,
708 3615 865 3661 credebatur
874 3627 921 3660 nec
931 3618 957 3660 in
967 3625 1099 3671 posteram
1108 3629 1166 3662 eam
1176 3616 1298 3673 boapltall
1308 3618 1511 3672 applicaturus..

409 3685 421 3718 ¹
449 3685 518 3738 Seii..
529 3683 634 3737 Joanula
644 3684 675 3729 de
683 3683 766 3739 Vega.

370 3783 384 3802 ι,
411 3757 424 3790 ⁸
447 3755 649 3802 Emendatintua
660 3763 768 3808 textum.
778 3758 820 3813 qul
830 3756 868 3802 alc
878 3769 906 3801 ae
918 3758 996 3804 babet
1008 3760 1034 3805 in
1044 3768 1109 3805 rna...
1119 3763 1145 3804 et
1159 3761 1427 3804 adtrtinistrationant
1443 3760 1532 3814 ipsias
1546 3758 1595 3802 At·

370 3829 469 3880 batiae,
478 3838 556 3882 quam
566 3827 612 3872 iiie
623 3830 648 3872 a!
658 3827 706 3872 100
713 3839 811 3872 aureos
820 3830 938 3882 singuiis
948 3833 1030 3874 annis
1040 3833 1142 3875 nostrie
1152 3832 1276 3877 reditura
1286 3831 1505 3876 existimabatur.

409 3901 422 3934 ὁ
448 3899 608 3944 “Reciblmoa
618 3900 642 3943 el
652 3910 776 3944 conaenao
786 3900 826 3945 del
838 3901 914 3946 Abad
925 3901 956 3946 de
966 3901 1039 3947 Roca
1050 3904 1174 3958 Amador,
1184 3917 1201 3961 y
1211 3905 1348 3958 bolgamoa
1357 3903 1389 3947 de
1400 3913 1448 3946 aer
1461 3904 1502 3947 laa
1515 3904 1597 3947 leiraa

370 3974 412 4018 del
422 3971 461 4016 Sr.
472 3969 539 4024 Jaan
549 3970 580 4014 de
592 3969 666 4024 Vena
677 3983 742 4024 para
752 3969 797 4016 SS.
807 3971 865 4016 till.
876 3985 893 4030 y
904 3972 971 4026 Juan
985 3973 1090 4028 Oxorio,
1099 3976 1216 4032 ybemoa
1230 3976 1341 4021 avlaado
1355 3975 1424 4018 dello
1435 3978 1452 4018 a
1462 3974 1488 4018 la
1496 3977 1598 4019 caetea

371 4047 410 4090 loa
425 4049 544 4088 aaratroa
558 4053 576 4098 y
590 4050 661 4086 otroa
676 4043 777 4097 aurigoa
791 4053 839 4097 que
853 4045 953 4100 puedcn
968 4046 1077 4102 ayudar.
1093 4047 1233 4102 Sparamoa
1245 4059 1295 4103 que
1310 4057 1360 4090 con
1374 4047 1400 4091 ia
1414 4045 1600 4104 aamaaidaay

371 4118 444 4165 calor
453 4113 495 4158 del
505 4113 546 4158 Sr.
556 4112 624 4166 Juan
634 4113 665 4158 de
672 4111 749 4168 Vaga
758 4127 785 4159 ae
795 4115 830 4160 ba
840 4116 872 4160 de
882 4117 965 4161 haber
973 4125 1063 4174 praeto
1073 4129 1130 4164 eaae
1139 4129 1265 4164 conteneo
1274 4119 1317 4162 del
1327 4118 1374 4162 liei
1376 4127 1441 4173 ,aaa
1453 4119 1521 4162 iiaae
1530 4129 1566 4176 γι
1574 4117 1599 4187 ei

373 4187 458 4238 todo...
466 4185 600 4238 Polancua,
611 4195 645 4228 ex
655 4197 730 4242 corn„
738 4188 813 4234 Patri
824 4187 990 4244 Hieronymo
993 4188 1149 4246 Donenecb,
1158 4192 1210 4236 25!
1219 4191 1390 4238 Februarii.»

412 4257 424 4291 Ι
451 4255 595 4308 blattaria
605 4257 684 4312 Regia
694 4258 805 4315 Philippi
817 4267 878 4305 tuuc
888 4263 993 4316 agebat.
1003 4261 1170 4318 Videaupra,
1179 4275 1241 4321 pag.
1246 4265 1283 4318 al,
1283 4264 1385 4309 abiet
1394 4262 1470 4317 laira,
1476 4271 1524 4307 ιιο
1533 4261 1599 4306 laea.

369 4361 373 4374 .
411 4327 425 4363 ⁸
451 4329 517 4385 ipae.
526 4329 637 4384 acilicet,
647 4329 677 4376 Ρ.
687 4329 872 4378 Rivadeuelra.
1066 4367 1068 4371 .

411 4403 423 4437 ἱ
451 4401 606 4448 Franciacua
617 4401 722 4447 arasa*
723 4409 764 4448 eat
774 4403 857 4458 grand
871 4405 1015 4453 notairade
1029 4409 1057 4453 ia
1071 4415 1142 4461 cone.
1156 4407 1299 4454 aecretalra
1314 4408 1348 4453 da
1361 4372 1458 4452 conaeil
1472 4407 1504 4452 de
1517 4356 1601 4451 use

373 4485 464 4529 raum
478 4475 498 4520 il
512 4485 529 4520 a
542 4478 608 4520 tiana
622 4485 664 4521 aas
680 4476 853 4522 attributione
867 4479 906 4521 lea
921 4479 1026 4524 adalraa
1040 4479 1087 4524 dea
1099 4481 1191 4526 ordrea
1203 4480 1342 4526 milltalrea
1355 4481 1382 4526 ei
1389 4481 1423 4525 la
1435 4475 1600 4525 collatina'de

371 4545 462 4598 alcea
470 4551 499 4596 ,at
510 4544 645 4594 beatam
647 4546 812 4604 „dmm
817 4547 962 4595 licinum
970 4551 1019 4596 aaa
1028 4552 1241 4599 nemnem
1249 4553 1393 4603 mutant.
1402 4557 1462 4608 pat.
1470 4547 1601 4596 “eune

373 4616 802 4676 naen,1.'eiabliaaemenicieia
814 4619 975 4680 coinpagnre
985 4621 1019 4667 de
1027 4623 1111 4682 ,lesus
1119 4625 1190 4670 daria
1201 4625 1241 4671 iea
1250 4625 1329 4682 Pays·
1324 4623 1390 4670 Bas
1390 4635 1470 4682 ,pap
1462 4621 1553 4669 Ui
