3642 5350
762 464 826 524 An.
849 463 920 524 1556
1394 465 1452 524 587

217 610 366 686 bantur,
392 610 534 673 scholas
553 618 672 674 tamen
691 618 726 672 et
745 609 882 690 reliqua
902 609 1100 673 ministeria
1118 610 1268 673 multum
1287 610 1455 674 utilitatis

218 715 380 780 societati
396 715 537 781 adferre
555 716 769 781 fatebantur.

279 822 371 886 2537.
414 822 543 887 Nocuit
556 823 663 888 etiam
678 840 761 904 spes
775 825 835 888 illa
849 823 961 887 fallax
974 823 1125 888 Abbatis
1140 823 1184 887 de
1200 821 1318 904 SalaS,
1336 824 1452 904 quise

219 928 486 994 aedificaturum
500 938 535 993 et
550 930 754 994 dotaturum
768 929 965 1010 Collegium
979 931 1184 1011 scripserat,
1201 931 1309 995 immo
1319 939 1355 994 et
1370 947 1450 993 coe-

219 1045 321 1117 perat
335 1035 357 1096 ¹.
374 1035 592 1100 Tentaverat
604 1053 690 1117 ergo
705 1036 837 1101 Rector
853 1054 918 1118 per
936 1037 1071 1101 amicos
1086 1035 1286 1118 Societatis,
1302 1036 1448 1101 Benedi-

220 1153 316 1207 ctum
340 1143 618 1224 Huguzonium'
643 1153 678 1208 et
702 1143 926 1208 Gonzalvum
941 1144 984 1208 de
1007 1143 1181 1225 Tamayo,
1201 1141 1214 1176 ⁸
1235 1144 1452 1225 emptionem

220 1250 454 1330 quarumdam
474 1251 660 1315 domorum
680 1251 827 1316 Comitis
847 1248 992 1315 Stabilis
1013 1237 1190 1316 Castellae
1204 1249 1227 1329 ⁴,
1249 1267 1339 1333 quas
1355 1261 1453 1314 vete-

219 1373 276 1420 res
303 1366 449 1435 vocant,
477 1367 511 1420 et
533 1375 596 1420 sex
622 1356 774 1421 millibus
799 1359 1010 1421 ducatorum
1031 1358 1100 1420 emi
1123 1367 1302 1438 poterant;
1329 1366 1379 1436 et,
1406 1375 1450 1421 ea

218 1480 324 1544 quam
340 1464 454 1527 nostri
469 1464 689 1542 habitabant,
707 1465 868 1544 vendita,
886 1464 982 1546 quod
997 1467 1170 1544 reliquum
1192 1473 1270 1529 erat
1284 1465 1390 1546 pretii
1404 1481 1451 1528 ex

219 1571 344 1634 amicis
360 1571 649 1652 locupletioribus
664 1572 783 1651 colligi
798 1589 902 1652 posse
924 1571 1125 1636 videbatur.

278 1676 371 1742 2538.
414 1676 551 1743 Domus
567 1679 771 1759 praedictae
787 1679 892 1743 situm
907 1680 1074 1760 amplum,
1090 1680 1128 1743 in
1143 1680 1276 1760 optimo
1292 1680 1454 1743 civitatis

221 1786 314 1864 loco,
332 1784 515 1848 habebant
530 1793 565 1849 et
579 1785 684 1850 valde
700 1796 954 1867 opportunum,
976 1786 1069 1866 quod
1083 1787 1217 1850 nullum
1231 1788 1399 1867 templum
1414 1786 1451 1849 in

221 1891 290 1954 illis
305 1892 393 1956 locis
409 1901 513 1972 esset,
532 1909 623 1974 quae
638 1901 757 1956 tamen
777 1901 879 1956 erant
894 1881 1054 1956 membra
1072 1892 1204 1956 nobilia
1219 1893 1395 1972 civitatis;
1416 1902 1452 1956 et

220 1999 251 2062 si
267 1999 302 2062 id
318 2017 389 2062 non
404 1999 635 2076 succedebat,
662 2001 882 2080 proponebat
906 2001 964 2063 ille
984 2000 1128 2063 domum
1142 1999 1290 2064 Comitis
1305 1999 1348 2064 de
1363 1999 1451 2063 Sali-

220 2123 300 2185 nas,
331 2123 422 2186 quae
451 2106 574 2171 decem
596 2107 751 2170 millibus
779 2106 990 2171 ducatorum
1017 2106 1257 2187 vendebatur;
1287 2107 1351 2171 sed
1379 2106 1453 2171 duo

219 2213 394 2293 praedicti
414 2215 519 2278 amici
538 2214 632 2278 hanc
657 2214 880 2295 provinciam
900 2214 967 2278 sibi
986 2214 1249 2294 suscipiendam
1272 2231 1351 2278 esse
1376 2231 1449 2278 non

216 2319 440 2401 iudicarunt,
465 2339 530 2385 nec
552 2322 627 2401 alii,
651 2321 779 2402 quibus
803 2321 839 2385 id
860 2321 1156 2400 committeretur,
1181 2332 1265 2385 tunc
1289 2339 1454 2386 occurre·

218 2428 316 2492 bant.

279 2535 370 2599 2539.
415 2535 504 2600 Cum
529 2537 682 2616 primum
707 2537 847 2615 Burgos
862 2537 960 2600 venit
982 2535 1019 2599 P.
1048 2535 1224 2615 Victoria,
1247 2536 1372 2600 domus
1391 2554 1452 2599 no·

220 2651 317 2707 strae
331 2641 343 2675 ⁸
358 2644 560 2724 angustias,
577 2652 612 2707 et
634 2643 680 2707 ad
698 2652 902 2708 nostrorum
926 2643 1204 2707 ministeriorum
1222 2641 1451 2708 incommodi-

220 2758 330 2813 tatem
344 2768 504 2831 cernenS,
520 2766 714 2831 aggressus
725 2759 778 2814 est
789 2749 1086 2830 Christophorum
1097 2749 1140 2814 de
1152 2749 1327 2829 Miranda,
1341 2768 1449 2814 unum

220 2875 265 2921 ex
280 2858 503 2922 senatoribus
528 2857 702 2935 civitatiS,
725 2858 873 2922 fratrem
897 2857 1064 2936 Abbatis,
1080 2858 1140 2937 qui
1160 2856 1450 2937 impedimentum

220 2964 434 3028 instituendo
447 2964 606 3045 Collegio
618 2974 741 3028 nostro
755 2963 1011 3045 semper'iratri
1027 2982 1091 3028 suo
1105 2965 1330 3045 praebuerat,
1343 2974 1378 3028 et
1392 2983 1453 3028 ca·

220 3072 386 3135 30310331
397 3070 634 3153 Obregonem,
648 3072 798 3135 Abbatis
814 3081 1094 3152 procuratorem,
1108 3081 1142 3135 et
1153 3071 1294 3152 utrique
1307 3088 1447 3152 persua-

218 3178 307 3243 sisse
323 3179 509 3243 videbatur
524 3178 691 3259 expedire
706 3181 860 3259 omnino,
877 3188 914 3241 ut
930 3178 1138 3259 Collegium,
1154 3180 1199 3243 ab
1214 3179 1354 3242 Abbate
1369 3196 1449 3259 pro-

218 3286 365 3349 missum
381 3296 415 3349 et
431 3286 652 3365 inchoatum,
674 3303 886 3367 promovere
906 3295 1074 3350 curarent
1097 3283 1121 3366 ⁸;
1144 3297 1179 3349 et
1200 3286 1249 3349 ita
1264 3285 1334 3351 duo
1350 3303 1449 3366 prae·

218 3393 303 3456 dicti
328 3393 433 3457 simul
459 3411 540 3457 cum
560 3393 751 3458 Benedicto
776 3391 999 3458 Gundizonio
1018 3403 1052 3456 et
1078 3392 1263 3457 Gonzalvo
1288 3393 1451 3473 Tamayo

219 3501 355 3563 litteras
367 3500 413 3563 ad
424 3500 599 3564 Abbatem
610 3500 793 3581 dederunt,
811 3501 938 3582 quibus
953 3510 988 3564 et
1004 3516 1089 3564 suas
1104 3499 1264 3581 adjunxit
1276 3500 1313 3563 P.
1326 3499 1450 3565 Victo-

221 3608 286 3670 ria.
302 3604 371 3670 Sed
386 3624 467 3670 sero
482 3607 518 3670 id
532 3616 706 3671 tentatum
718 3618 770 3673 est
786 3625 793 3687 ;
817 3624 900 3671 nam
915 3609 1057 3671 interim
1075 3607 1200 3672 Abbas
1220 3626 1265 3671 ex
1287 3608 1354 3671 bac
1374 3608 1449 3671 vita

221 3714 383 3793 decessit,
401 3723 435 3777 et
450 3713 486 3777 in
500 3724 712 3778 testamento
725 3732 790 3778 suo
800 3714 887 3779 nibil
902 3715 1111 3778 nominatim
1122 3714 1282 3794 Collegio
1294 3716 1450 3794 reliquit,

259 3918 268 3951 ¹
301 3917 364 3963 Vide
373 3930 460 3973 auara,
472 3932 496 3965 n.
506 3920 561 3965 2510
571 3925 597 3965 et
607 3922 665 3966 loca
674 3922 771 3967 ibidem
781 3920 918 3976 adnotata;
930 3922 1069 3976 praecipue
1077 3929 1150 3974 vero,
1160 3926 1180 3964 t·
1191 3931 1228 3975 rv,
1238 3930 1298 3974 pag.
1307 3918 1361 3974 400,
1372 3932 1396 3963 n.
1408 3918 1449 3963 871

218 3996 245 4034 et
254 4001 336 4045 seqq,
346 3994 389 4035 abt
399 3993 519 4046 plurima,
529 3993 563 4037 ad
573 3992 750 4039 laudationem
760 3992 870 4049 collegii
880 3993 1023 4049 Burgenaia
1033 3993 1191 4048 spectantia,
1202 3993 1366 4036 relemntur.‘

258 4061 269 4093 Ι
297 4060 364 4106 Vide
373 4074 459 4119 supra.
472 4075 496 4108 3.
507 4064 569 4117 2515,
579 4070 606 4109 et
616 4076 706 4119 anper.
716 4075 741 4109 a.
751 4064 815 4109 2528.

256 4130 268 4163 ⁸
295 4130 334 4179 De
344 4144 375 4177 eo
384 4135 545 4189 caeterisque
556 4135 631 4189 viria,
641 4146 749 4190 quamn
760 4135 803 4180 bic
813 4134 842 4179 fit
852 4136 957 4190 mantio,
969 4135 1029 4180 virle
1039 4144 1106 4189 quae
1116 4144 1197 4189 anpra
1206 4134 1302 4178 lltterla
1312 4133 1450 4187 consigna-

215 4209 395 4259 taaunt,t.rv,
406 4204 548 4260 33131003
567 4206 616 4262 855,
626 4206 667 4250 867
676 4212 703 4251 et
713 4218 785 4262 aeqq.
1013 4252 1019 4263 ,

254 4274 268 4307 ⁴
293 4272 395 4319 Eratis
408 4276 437 4318 1).
448 4275 542 4320 Petrua
552 4276 703 4322 Fernandea
713 4278 745 4322 tle
756 4277 877 4322 Veluco.
889 4276 956 4321 Vide
966 4288 1054 4332 snpra,
1064 4284 1084 4321 t.
1095 4287 1131 4328 tv,
1138 4286 1199 4330 pag.
1209 4275 1258 4328 toa,
1267 4286 1291 4320 n.
1302 4275 1351 4331 865,
1357 4284 1450 4319 aanor.

217 4348 240 4397 1;
251 4354 311 4399 pag.
325 4345 374 4393 188.
384 4357 406 4389 n
416 4346 464 4397 980,
473 4358 533 4401 pag.
544 4347 593 4399 489,
604 4360 629 4391 3.
641 4348 702 4403 1081,
710 4355 737 4392 et
748 4359 827 4403 saepe
837 4348 913 4393 allas.

255 4414 268 4447 ⁸
294 4414 339 4459 lla.
350 4418 460 4461 domum
470 4420 601 4461 nostram.

255 4485 269 4519 ⁸
296 4486 1349 4546 Ρ1301311331131331Ρ313331103331.1.1ν,333.401.3.872,87801333.,33330
1366 4490 1450 4533 multa

218 4560 352 4604 diacuntur
363 4559 396 4604 ad
406 4562 584 4615 complendam
594 4562 700 4617 huiusce
711 4563 772 4607 anal
781 4564 969 4613 narrationem.
980 4562 1040 4607 vide
1055 4563 1136 4606 etlam
1147 4560 1244 4606 &atas
1254 4564 1288 4607 de
1298 4562 1354 4606 San
1370 4562 1450 4615 Igna-

218 4632 268 4683 310,
276 4635 297 4676 t.
307 4641 342 4683 rr,
353 4642 415 4685 pag.
425 4631 473 4684 520,
483 4632 532 4687 501,
543 4643 641 4677 necnon
651 4634 765 4689 ejusaem
776 4635 861 4688 operia
871 4642 890 4679 t.
899 4647 926 4687 v,
936 4645 996 4689 pag.
1006 4633 1105 4687 511510
1118 4634 1167 4689 Ap.
1177 4645 1205 4690 11,
1216 4633 1287 4688 aaa,
1303 4646 1336 4678 ex
1350 4632 1451 4678 Vanar-

221 4703 303 4757 3131.
315 4714 336 4747 c.
348 4702 506 4748 Fundacr'on
515 4704 560 4748 det
571 4704 673 4758 colegia
682 4706 715 4749 de
725 4704 838 4759 Burgus.
