3642 5350
384 422 443 487 iot
836 419 965 487 caron.
991 418 1070 485 Soc.
1095 421 1167 498 ,isa

385 580 420 639 et
435 571 554 638 multis
567 569 830 654 precibus'ejns
848 570 1050 653 exemplum
1068 568 1318 651 postulabant,
1332 567 1424 633 inter
1433 574 1532 651 'quos
1549 563 1616 634 init

386 680 558 762 Princeps
572 678 738 745 Andreas
763 678 888 759 Doria,
903 679 976 760 qui,
997 678 1172 743 accersito
1197 677 1297 741 adse
1310 694 1421 758 puero
1443 676 1516 757 (qui
1539 693 1619 740 san·

384 789 493 869 guine
504 786 712 869 conjunctus
723 788 757 853 ei
767 787 868 867 erat),
884 786 999 850 voluit
1009 794 1048 850 nt
1061 802 1185 850 coram
1195 801 1234 849 se
1244 784 1406 849 eamdem
1420 784 1617 849 orationem

386 895 650 977 pronunciaret,
667 912 774 977 quam
787 894 895 960 etiarn
913 910 1131 974 magnopere
1148 892 1326 974 probavit.
1346 890 1447 955 Haec
1464 907 1524 956 res
1539 907 1615 955 ma·

385 1003 442 1083 gis
456 1002 564 1067 etiam
584 1001 684 1067 cives
708 1002 844 1066 nobiles
866 997 1066 1083 [accendit],
1092 1009 1131 1064 ut
1155 1015 1240 1064 snos
1259 997 1351 1064 filios
1365 999 1497 1065 nostris
1518 998 1617 1063 insti·

384 1108 535 1179 tuendos
549 1107 742 1189 traderent,
757 1116 793 1173 et
806 1107 880 1173 sere
894 1107 941 1172 ad
954 1107 1127 1172 ducentos
1139 1116 1175 1171 et
1188 1106 1336 1188 triginta
1356 1105 1609 1188 discipulorum

386 1233 555 1283 numerus
569 1214 740 1283 ascendit.

444 1322 515 1387 601.
559 1322 649 1390 Cum
663 1333 781 1389 autem
795 1324 875 1404 ipso
890 1322 948 1387 die
963 1322 1197 1389 solemnitatis
1215 1321 1386 1403 Corporis
1405 1320 1537 1387 Christi
1560 1337 1630 1415 co·-

385 1448 464 1495 ram
491 1431 651 1512 collegio
674 1440 796 1496 nostro
821 1430 990 1495 solemnis
1014 1447 1144 1512 pompa
1166 1430 1361 1495 transitura
1385 1438 1474 1510 erat,
1498 1428 1612 1493 altare

384 1538 513 1603 ibidem
527 1539 731 1619 constituto,
745 1537 1015 1619 quatuordecim
1035 1538 1176 1619 parvuli
1188 1538 1290 1619 pueri
1308 1546 1452 1602 nostrae
1468 1538 1613 1602 scholae

385 1645 597 1725 admodum,
613 1662 684 1726 quo
698 1644 816 1725 angeli
831 1645 946 1711 solent
960 1644 1116 1727 depingi,
1131 1645 1254 1710 vestiti
1268 1644 1291 1725 ¹,
1303 1645 1434 1725 singuli
1449 1644 1613 1709 versibus

385 1751 450 1817 San
460 1753 740 1834 Sacramentum,
757 1753 969 1833 salutarunt,
985 1752 1099 1817 donec
1113 1750 1160 1817 ad
1179 1753 1293 1817 altare
1312 1750 1482 1817 sacerdos
1496 1753 1612 1834 ipsum

385 1859 548 1925 deferens
567 1861 781 1942 perveniret,
801 1860 861 1926 ubi
881 1869 1070 1942 praesente
1086 1858 1189 1925 Duce
1203 1868 1239 1923 et
1252 1858 1433 1925 Cardinali
1453 1858 1514 1923 S.⁸¹
1533 1860 1611 1926 Cie-

385 1968 514 2034 mentis
537 1964 566 2047 ¹,
592 1967 769 2051 Episcopo
795 1976 830 2033 et
853 1968 1001 2051 reliquis
1024 1968 1179 2048 civibus,
1204 1976 1279 2032 tres
1303 1968 1364 2031 aiii
1385 1968 1487 2049 pueri
1510 1966 1620 2032 simili

385 2074 491 2139 modo
510 2074 633 2156 induti,
655 2075 745 2141 alios
764 2092 891 2144 versus
910 2076 948 2139 in
966 2075 1137 2141 honorem
1155 2073 1229 2139 Sani
1248 2073 1471 2140 Sacramenti
1492 2074 1617 2139 recita·

385 2190 468 2248 runt
483 2180 506 2262 ⁸,
524 2200 594 2265 quo
609 2191 767 2265 tempore
781 2200 869 2265 puer
884 2184 1028 2266 quidam
1047 2200 1171 2248 omnes
1189 2182 1356 2248 invitavit
1377 2191 1416 2248 ut
1432 2200 1455 2246 a
1468 2183 1617 2265 prandio

385 2290 432 2357 ad
448 2288 697 2355 Cathedraiem
708 2291 908 2371 ecclesiam,
925 2291 1033 2355 aliam
1046 2291 1244 2357 orationem
1260 2290 1427 2367 audituri,
1439 2291 1616 2371 venirent;

385 2406 420 2462 et
438 2396 604 2479 quamvis
618 2397 803 2479 defatigati
824 2408 942 2465 essent
965 2398 1078 2478 molti,
1103 2398 1378 2480 frequentissimi
1402 2407 1522 2463 tamen
1536 2408 1617 2481 post

384 2502 630 2587 vespertinum
654 2504 807 2571 officium
832 2505 1034 2584 adsuerunt,
1056 2522 1122 2570 nee
1147 2504 1232 2570 Dux
1255 2515 1291 2570 et
1315 2504 1467 2571 Senatus
1492 2506 1617 2584 abesse

385 2613 512 2679 voluit.
1056 2661 1059 2666 <
1608 2620 1613 2628 '

410 2759 413 2764 n
442 2720 515 2788 602.
538 2759 541 2768 ·
560 2721 707 2803 Oratio,
725 2741 817 2806 quae
836 2724 880 2790 de
897 2722 980 2788 ΞΜ
993 2721 1226 2789 sacramento
1246 2724 1388 2805 agebat,
1408 2722 1529 2788 habita
1550 2732 1615 2805 est;

384 2837 420 2894 et
430 2830 603 2911 postridie
617 2831 708 2896 alius
721 2831 758 2895 in
773 2831 938 2913 ecclesia,
952 2831 1013 2896 uhi
1026 2829 1157 2896 Rector
1169 2830 1402 2896 christianam
1416 2831 1613 2897 doctrinam

384 2938 592 3018 praelegere
606 2939 731 3003 solitus
752 2946 830 3003 erat
847 2936 873 3020 ⁴,
895 2950 1085 3022 postquam
1102 2957 1183 3004 eam
1207 2940 1345 3021 puellus
1362 2938 1506 3020 quidam
1525 2941 1615 3005 reci·

384 3044 846 3128 tasset,tam1epideaiiam
866 3046 1064 3112 orationem
1078 3030 1341 3129 pronunciavit,
1360 3055 1400 3111 ut
1418 3048 1617 3129 oportuerit

387 3151 424 3216 in
448 3151 528 3217 ioco
551 3153 785 3236 frequentiori
808 3155 844 3218 in
869 3162 1000 3219 octava
1025 3154 1195 3236 Corporis
1219 3154 1353 3220 Christi
1379 3153 1541 3220 eamdem
1564 3172 1617 3221 re·

389 3259 517 3324 citare.

442 3365 514 3432 oili.
559 3367 648 3434 Cum
661 3370 698 3434 in
713 3367 915 3450 hujusmodi
932 3371 1247 3436 exercitationibus
1265 3371 1469 3436 scholastici
1482 3371 1616 3437 serven·

384 3475 494 3540 tiores
515 3476 758 3553 redderentur,
782 3478 890 3559 aliqui
916 3497 961 3542 ex
986 3479 1038 3542 eis
1057 3495 1188 3559 magno
1207 3477 1383 3544 desiderio
1405 3477 1618 3544 Societatem

383 3583 603 3664 ingrediendi
619 3585 761 3650 accensi
775 3583 928 3665 fuerunt,
945 3594 980 3650 et
995 3586 1027 3650 si
1041 3585 1173 3650 Rector
1183 3586 1390 3651 facultatem
1406 3587 1459 3650 eis
1474 3604 1618 3652 conces·

383 3691 503 3773 sisset,
534 3690 705 3775 Romam,
735 3693 942 3757 inconsultis
971 3693 1193 3774 parentibus,
1224 3693 1345 3758 statim
1373 3694 1614 3759 advolassent.

382 3798 571 3864 Timebant
590 3800 685 3865 enim
707 3817 751 3864 ne
766 3800 811 3864 ab
826 3801 878 3864 eis
893 3799 1165 3882 impedirentur,
1186 3813 1224 3864 nt
1246 3800 1321 3881 iam
1340 3801 1482 3866 cuidam
1501 3802 1618 3867 adole·

386 3907 511 3987 scenti,
526 3925 650 3974 eorum
660 3907 914 3990 condiscipulo,
930 3909 1123 3974 acciderat.
1135 3907 1204 3989 Qui
1215 3925 1296 3974 cum
1307 3909 1416 3973 animi
1427 3908 1482 3973 sni
1492 3926 1617 3992 propo·

427 4185 437 4222 ¹
464 4185 510 4234 ita.
519 4185 628 4244 depicti.
1103 4221 1108 4227 ·

423 4258 435 4292 ⁸
461 4258 733 4316 “11οιιᾱιιιιιιῦίειι1ι
744 4291 756 4314 „
767 4259 889 4306 Litterae
898 4260 1129 4315 Quadrimestres,
1143 4267 1163 4306 t.
1178 4271 1216 4311 rr.
1231 4271 1293 4317 pap.
1306 4251 1481 4314 stillarum
1497 4259 1619 4318 Baptista

384 4329 481 4379 cicala.
491 4330 568 4384 Aliis,
582 4331 711 4388 ciaconio,
727 4339 786 4388 cic..
803 4335 964 4391 frequentina
973 4342 1008 4392 et,
1019 4343 1047 4382 nt
1061 4337 1135 4382 nobis
1149 4337 1252 4392 quidem
1268 4336 1382 4386 videtur.
1399 4335 1497 4382 reatina
1512 4336 1618 4383 Cicada

428 4403 440 4437 ³
463 4403 519 4449 Non
529 4416 617 4451 omnes
628 4407 654 4451 hl
665 4417 757 4452 vorans
767 4418 783 4451 a
793 4409 967 4460 rannemirus
975 4409 1111 4464 magistris
1120 4409 1231 4454 coniecti
1242 4415 1329 4462 arant:
1339 4409 1420 4464 aiiqni
1428 4410 1507 4465 eninr,
1514 4415 1544 4454 ιιι
1552 4410 1619 4454 aiiaa

386 4475 484 4521 iactum
498 4481 547 4531 eat,
562 4477 644 4522 Roma
659 4485 688 4523 nt
703 4480 880 4543 recitarentur
894 4479 1045 4526 missisunt.
1056 4481 1101 4526 “Li
1116 4482 1188 4526 varai
1202 4482 1224 4526 si
1235 4482 1396 4527 mandatorio
1406 4493 1453 4536 per
1463 4483 1490 4526 la
1499 4482 1567 4526 irata
1577 4481 1620 4524 dei

386 4547 538 4594 santissimo
548 4547 726 4606 Sacramenta
736 4563 764 4596 aa
771 4552 835 4597 altri
845 4553 994 4609 bisooenara,
1009 4563 1075 4598 anco
1089 4554 1111 4598 sl
1126 4556 1326 4608 manducando,
1342 4553 1479 4609 Poiancua,
1496 4563 1531 4597 ex
1544 4561 1619 4604 com„

386 4619 459 4666 Patri
471 4619 590 4677 Gaaparo
600 4620 707 4676 Loarte,
719 4623 744 4668 rt
754 4621 825 4680 iiaji.

424 4693 436 4726 ⁴
463 4690 492 4738 [ιι
501 4693 612 4739 ecclesia
623 4675 722 4739 sista
733 4693 852 4751 viminu
862 4696 1025 4744 Gratias-nm.
1034 4695 1102 4743 Vide
1112 4709 1201 4754 snpra,
1211 4709 1273 4754 pag.
1283 4697 1331 4753 162,
1342 4709 1367 4743 u.
1376 4697 1426 4743 595.
