3642 5350
392 446 449 511 814
851 446 979 509 Canon.
999 442 1076 508 Soc.
1095 445 1166 522 Jns.

392 587 569 668 signatus,
589 586 649 667 qui
669 585 833 649 absentes
853 593 1007 662 notaret,
1030 602 1097 649 nec
1118 586 1302 667 quisquam
1324 584 1427 652 ex'tra
1452 585 1622 667 oppidum

392 690 514 775 egredi
529 701 667 775 poterat
682 692 757 757 sine
772 689 875 772 hujus
888 691 1070 769 facultate,
1083 701 1118 756 et
1130 710 1200 773 quo
1210 701 1377 774 pergeret
1386 692 1547 774 quisque,
1562 693 1622 757 de·

392 800 498 865 bebat
512 800 544 865 ei
558 798 770 880 significare.

451 904 542 971 3485.
586 905 782 971 Dominicis
796 914 915 971 autem
930 907 1054 971 diebus
1071 905 1310 972 verbumDei
1331 910 1460 991 populo
1480 908 1618 990 praedi·

392 1014 552 1080 cabatur.
573 1012 610 1077 Si
631 1014 710 1094 quis
729 1013 767 1078 in
784 1014 947 1077 morbum
965 1013 1159 1093 incidebat,
1180 1013 1301 1078 statim
1320 1015 1543 1080 sacerdotem
1561 1032 1621 1079 ac·

392 1121 601 1187 cersendum
615 1120 799 1199 curabant,
816 1128 855 1184 ut
868 1136 975 1201 super
990 1121 1105 1201 ipsum
1124 1120 1349 1201 evangelium
1361 1121 1506 1187 diceret.
1521 1121 1620 1202 Erga

392 1246 522 1310 aquam
536 1229 643 1293 etiam
657 1228 880 1292 benedictam
893 1227 1111 1309 peculiarem
1124 1227 1350 1293 devotionern
1364 1230 1546 1309 gerebant.

276 1419 283 1431 ·
452 1334 543 1400 3486.
586 1334 728 1399 Accidit
739 1343 777 1399 ut
788 1351 921 1416 magna
932 1336 988 1399 vis
997 1334 1163 1415 murium,
1175 1344 1320 1417 propter
1330 1346 1478 1416 peccata
1487 1336 1620 1418 populi,

393 1444 530 1508 semina
546 1442 653 1508 etiam
667 1441 743 1523 ipsa
759 1450 877 1535 terrae
891 1441 1060 1507 mandata
1074 1450 1274 1521 vastarent;
1291 1459 1359 1507 nec
1376 1444 1486 1508 ullum
1499 1444 1622 1508 huma·

392 1568 477 1615 num
502 1548 661 1614 adhiberi
685 1549 879 1614 remedium
904 1558 1060 1629 poterat3
1082 1548 1145 1613 sed
1169 1549 1338 1613 sacerdos
1362 1549 1370 1581 ¹
1390 1550 1436 1615 ad
1460 1549 1622 1615 divinum

394 1654 556 1740 [Numen]
577 1674 616 1722 se
635 1664 859 1736 convertens
880 1674 945 1738 per
964 1672 1111 1739 campos
1125 1655 1327 1737 egrediens,
1344 1658 1471 1739 quibus
1484 1658 1620 1723 semina

392 1763 714 1844 committebantur,
731 1776 861 1846 aquam
872 1763 1094 1829 benedictam
1105 1766 1248 1846 sparsit,
1261 1765 1356 1829 etita
1367 1782 1490 1830 omnes
1500 1780 1621 1831 mures

392 1882 631 1952 recesserunt3
648 1870 710 1935 sed
724 1870 809 1935 iilud
823 1879 947 1935 notatu
964 1869 1068 1935 valde
1082 1871 1227 1952 dignum
1246 1872 1323 1951 fuit,
1340 1871 1446 1954 quod,
1461 1890 1507 1937 ex
1521 1872 1620 1953 agris

394 1981 668 2045 christ1anorum
688 1977 905 2059 recedentes,
927 1977 972 2041 ad
987 1977 1177 2043 infidelium
1197 1996 1306 2059 agros
1324 1996 1364 2043 se
1382 1981 1617 2058 contulerunt,

393 2088 520 2171 quibus
539 2086 698 2169 ingentia
716 2080 852 2150 'damna
875 2085 1089 2166 inserebant,
1117 2086 1265 2151 adeout
1284 2086 1444 2151 infideles
1461 2086 1506 2151 de
1529 2086 1618 2151 chri·

392 2195 519 2261 stianis
533 2195 637 2258 vaide
652 2202 903 2275 quererentur,
920 2193 1015 2275 quod
1028 2194 1181 2258 murium
1195 2210 1341 2258 suorum
1357 2194 1552 2259 exercitum
1573 2194 1620 2258 ad

392 2321 454 2368 eos
469 2301 666 2383 ejecissent.
687 2301 730 2365 Et
745 2301 826 2365 inde
841 2311 922 2365 orta
936 2302 1114 2365 contentio
1130 2301 1221 2365 inter
1235 2300 1394 2367 infideles
1407 2312 1443 2367 et
1461 2301 1621 2366 christia·

393 2428 459 2476 nos
473 2419 526 2474 est
541 2410 584 2475 de
601 2408 694 2489 Deo,
710 2419 791 2474 utra
805 2425 905 2489 gens,
922 2410 1069 2489 scilicet,
1085 2410 1268 2474 meliorem
1281 2410 1429 2474 haberet
1438 2408 1570 2491 Deum,
1585 2420 1621 2475 et

394 2538 414 2583 a
440 2518 559 2583 verbis
580 2518 627 2581 ad
648 2532 748 2581 arma
767 2533 879 2598 usque
899 2534 959 2580 res
979 2516 1291 2598 progrediebatur;
1315 2518 1381 2582 sed
1403 2515 1441 2581 P.
1464 2516 1621 2599 Joannes

393 2626 504 2692 Viera
525 2642 587 2691 eos
608 2622 796 2708 pacificare
817 2623 993 2704 studebat,
1016 2633 1050 2688 et
1069 2624 1271 2690 christianis
1292 2622 1432 2690 dicebat
1450 2640 1522 2689 non
1541 2640 1633 2689 esse

393 2735 437 2800 de
451 2732 651 2815 hujusmodi
666 2733 771 2796 rebus
785 2731 1048 2812 disputandum,
1071 2749 1137 2797 nec
1157 2731 1274 2798 Deum
1294 2734 1570 2814 omnipotentem
1583 2732 1621 2798 et

393 2851 575 2905 aeternum
590 2848 625 2903 et
639 2839 849 2904 immensum
863 2855 946 2902 cum
959 2839 1014 2903 his
1028 2839 1096 2904 diis
1109 2840 1284 2919 gentium,
1300 2857 1391 2922 quae
1405 2842 1464 2904 rei
1477 2849 1618 2905 statuae

393 2948 451 3013 vel
465 2946 651 3012 daemonia
666 2955 779 3025 erant,
796 2963 874 3010 esse
886 2947 1175 3028 comparandum.

451 3052 544 3118 3487.
586 3051 754 3118 Tremere
769 3062 866 3116 terra
881 3053 918 3117 in
936 3071 979 3117 ea
998 3053 1144 3134 regione
1158 3071 1265 3136 saepe
1290 3056 1392 3136 solet,
1414 3065 1449 3121 et
1467 3057 1617 3137 gentiles

392 3179 435 3226 eo
450 3171 607 3243 tempore
621 3159 771 3224 fustibus
786 3161 900 3224 solum
915 3159 1064 3225 caedere
1084 3161 1215 3243 solent,
1238 3170 1277 3226 ut
1291 3172 1448 3228 terreant
1467 3165 1631 3240 animas-

366 3270 369 3281 '
392 3286 482 3351 quas
497 3269 561 3332 sub
576 3276 670 3332 terra
686 3283 764 3331 esse
779 3266 912 3344 dicunt,
928 3277 964 3332 et
978 3267 1074 3332 hunc
1088 3277 1279 3334 tremorem
1294 3270 1464 3347 excitare3
1476 3279 1513 3334 at
1527 3270 1619 3334 chri·

393 3377 499 3442 stiani
513 3375 559 3440 ad
573 3375 770 3439 orationem
784 3391 824 3439 se
838 3384 1068 3455 convertunt,
1091 3385 1126 3440 et
1145 3385 1270 3441 contra
1290 3387 1527 3444 terraemotus
1544 3377 1557 3410 ²
1570 3377 1620 3441 di·

392 3487 516 3550 vinum
531 3483 700 3549 auxilium
715 3482 918 3563 implorant.

445 3591 536 3656 3488.
573 3591 663 3657 Eam
672 3589 970 3655 existimationem
980 3590 1164 3655 christiani
1175 3591 1218 3656 de
1227 3594 1360 3657 nostris
1369 3605 1618 3674 conceperant,

394 3709 433 3764 ut
446 3707 628 3781 parentes,
644 3714 795 3778 quorum
810 3696 871 3761 filii
886 3699 1136 3777 aegrotabant,
1153 3700 1211 3761 vel
1226 3699 1285 3763 alii
1304 3701 1558 3782 consanguinei
1571 3701 1618 3765 ad

393 3814 535 3872 nostros
549 3805 728 3884 venirent,
744 3814 784 3869 ut
797 3805 945 3880 scirent,
962 3820 1045 3869 num
1067 3805 1228 3869 morituri
1246 3815 1380 3887 essent3
1396 3817 1431 3872 et
1449 3818 1619 3890 tanquam

392 3923 527 3980 certum
536 3927 745 3994 persuasum
755 3911 936 3975 habebant
946 3913 1057 3990 multi,
1068 3911 1173 3993 quod,
1184 3914 1216 3975 si
1227 3931 1288 3978 eos
1300 3914 1414 3980 nostri
1423 3915 1620 3980 inviserent

392 4030 427 4086 et
441 4019 667 4100 evangelium
681 4019 881 4096 recitarent,
898 4019 1088 4084 sanitatem
1101 4022 1329 4086 consecuturi
1343 4032 1471 4087 essent.

451 4127 544 4192 3489.
587 4124 729 4190 Accidit
752 4134 871 4189 autem
896 4143 977 4190 cum
994 4125 1163 4191 Nicolaus
1188 4127 1353 4208 Nugnez,
1370 4130 1430 4211 qui
1451 4131 1623 4196 sacerdos

391 4254 463 4302 non
484 4244 576 4313 erat,
598 4231 786 4316 quemdam
808 4233 1081 4298 christianorum
1104 4235 1219 4299 locum
1241 4236 1428 4316 inviseret,
1448 4238 1624 4319 primores

392 4395 603 4408 ——.-.—--

433 4479 442 4512 t
469 4477 496 4521 P.
508 4477 621 4531 Joannee
639 4475 717 4522 Viera
732 4475 789 4522 aive
805 4475 902 4535 Veyra.
918 4478 982 4523 Rem
997 4490 1013 4523 a
1028 4479 1141 4524 Poienco
1150 4483 1286 4525 narratam
1297 4479 1379 4525 madir
1394 4479 1551 4536 ortanum,
1561 4481 1580 4527 l.
1590 4493 1626 4529 ι..

391 4551 435 4596 lib.
446 4561 500 4600 xvi,
510 4561 534 4594 n.
544 4549 579 4592 84.
590 4547 671 4593 Multa
681 4548 713 4592 de
723 4549 771 4593 boc
782 4551 919 4603 praeclaro
930 4549 997 4605 viro,
1012 4549 1109 4603 joanne
1121 4548 1210 4603 Velra.
1222 4553 1361 4596 memoriae
1372 4552 1488 4607 prodidit
1499 4553 1623 4608 Butram,

392 4623 409 4667 i.
420 4633 452 4674 c.,
462 4620 505 4666 lib.
516 4632 553 4675 vr,
563 4631 588 4664 n.
599 4619 621 4674 9,
632 4619 667 4663 10.

432 4695 443 4726 ¹
469 4691 515 4738 ide.
528 4695 553 4736 ci
564 4692 690 4736 divinum
703 4693 846 4738 nutilium.
