3642 5350
717 444 720 452 ·
777 412 841 472 Aa.
864 412 934 471 1556
1439 389 1499 469 uo'

243 557 346 621 Prior
357 567 446 634 erat,
459 558 629 622 Fabriani
641 567 760 623 tamen
771 569 888 623 natus.
905 559 949 623 Et
964 559 1084 622 multis
1104 573 1252 638 prorsus
1266 573 1329 637 per
1344 555 1382 620 P.
1395 555 1474 620 Em·

244 665 418 729 manuelis
434 665 670 730 ministerium
683 667 805 730 divina
820 667 961 730 bonitas
976 682 1015 730 se
1030 664 1327 729 communicabat.

304 773 375 836 295.
418 773 518 836 Multi
543 759 661 837 autem
687 771 763 837 Deo
789 775 824 838 in
848 772 1027 838 Societate
1051 785 1174 836 nostra
1194 771 1331 835 servire
1358 772 1477 851 cupie-

245 881 340 956 bant,
357 897 402 943 ex
417 880 545 960 quibus
559 888 632 944 tres
647 881 766 961 elegit,
784 889 818 944 et
833 881 879 944 ad
893 879 1091 958 Collegium
1105 880 1347 942 Lauretanum
1361 879 1473 956 misit,

245 997 279 1049 et
293 1004 375 1050 cum
389 987 441 1050 eis
455 986 603 1050 fratrem
626 999 788 1052 nostrum
806 988 1035 1052 Hortensium
1049 984 1069 1065 ‘,
1091 987 1150 1067 qui
1165 997 1237 1048 tres
1260 986 1349 1049 alios
1363 985 1478 1048 Mate-

244 1093 313 1157 liea
326 1096 433 1174 paulo
445 1103 550 1158 antea
566 1095 690 1158 eodem
706 1096 915 1159 adduxerat.
933 1095 980 1158 Hi
997 1103 1069 1157 tres
1081 1092 1342 1156 Fabrianenses
1355 1108 1473 1156 sacer·

245 1199 346 1263 dotes
370 1217 492 1264 omnes
517 1210 629 1280 erant,
660 1221 705 1265 ex
730 1202 858 1282 quibus
880 1217 973 1264 unus
998 1200 1141 1263 scholae
1166 1199 1420 1279 grammatices
1439 1207 1478 1262 et

244 1316 369 1370 cantus
385 1317 560 1387 praeerat,
575 1309 717 1388 juvenis
729 1309 858 1388 viginti
876 1316 958 1372 octo
971 1323 1160 1384 armorum,
1173 1307 1361 1370 modestus
1369 1306 1476 1369 valde

244 1423 279 1477 et
294 1413 447 1491 humilis,
466 1432 570 1494 quem
586 1418 842 1480 canonicorum
858 1416 1048 1494 collegium
1062 1430 1281 1495 magnopere
1292 1413 1478 1493 diligebat,

244 1529 362 1601 prout,
379 1521 456 1601 ipso
471 1521 670 1598 recedente,
686 1523 848 1605 plurimis
862 1523 1037 1603 lacrymis
1052 1522 1170 1584 testati
1181 1531 1274 1584 sunt.
1291 1517 1477 1583 Secundus

244 1627 351 1690 etiam
371 1627 515 1691 scholae
536 1629 605 1692 alio
625 1632 662 1693 in
684 1631 816 1710 populo
837 1629 1020 1693 Marchiae
1046 1637 1222 1709 praeerat,
1244 1643 1315 1690 non
1329 1627 1480 1690 minoris

245 1735 500 1814 expectationis
514 1752 621 1814 quam
636 1737 745 1817 prior.
762 1735 915 1816 Tertius,
932 1735 1077 1799 natione
1092 1735 1236 1812 siculuS,
1259 1751 1333 1796 non
1351 1734 1475 1812 vulga·

247 1840 296 1904 ris
311 1839 498 1904 charitatis
511 1839 665 1920 juvenis.

303 1945 374 2010 296.
418 1947 457 2012 In
483 1947 551 2012 hac
577 1965 664 2029 ergo
688 1951 856 2014 missione
879 1950 919 2014 Ρ.
934 1949 1188 2025 Emmanuelis
1219 1957 1361 2028 praeter
1386 1947 1478 2011 duos

242 2053 323 2117 illos
336 2054 605 2134 ludimagistros
621 2057 882 2121 camerinenses
897 2063 920 2136 ¹,
937 2058 973 2120 hi
988 2073 1052 2120 sex
1067 2054 1281 2120 Societatem
1299 2055 1398 2135 sequi
1418 2055 1475 2118 de-

247 2171 451 2240 creverunt,
468 2163 595 2242 quibus
609 2163 679 2226 duo
695 2165 815 2228 clerici
829 2163 890 2227 gu
906 2161 1068 2227 Severini
1084 2163 1166 2226 addi
1181 2173 1339 2242 possunt.

303 2266 375 2330 297.
418 2267 730 2333 sacramentorum
744 2269 982 2351 frequentatio
996 2269 1141 2333 inducta
1163 2271 1213 2333 ibi
1227 2278 1291 2346 est;
1313 2278 1348 2331 et
1364 2285 1478 2331 unum

242 2391 286 2436 ex
301 2375 493 2451 coenobiis,
511 2385 653 2456 praeter
670 2378 756 2441 illud
774 2375 858 2441 ΒΨ
869 2377 1099 2456 Margaritae,
1122 2376 1168 2440 ad
1187 2376 1371 2454 religionis
1387 2376 1471 2439 inte·

241 2482 410 2561 gritatcm
427 2492 461 2545 et
476 2483 573 2547 vitae
590 2485 879 2549 communitatem
890 2485 958 2548 fuit
974 2486 1082 2548 etiam
1097 2484 1311 2547 restitutum.

301 2587 371 2652 298.
415 2589 545 2653 Missus
566 2600 620 2655 est
645 2601 832 2672 practerea
855 2593 902 2657 ad
924 2591 989 2657 S.¹¹¹
1006 2591 1197 2655 Genesium
1218 2591 1312 2655 idem
1333 2588 1371 2653 P.
1394 2591 1476 2654 Em·

243 2698 384 2760 manuel
405 2698 449 2767 ab
468 2696 659 2780 Episcopo,
680 2700 740 2780 qui
762 2698 947 2781 cujusdam
973 2700 1180 2765 monasterii
1195 2698 1403 2762 monialium
1422 2716 1476 2762 re·

241 2804 490 2869 formationem
516 2822 729 2886 promovere
756 2808 933 2888 cupiebat,
963 2824 1055 2888 quae
1083 2824 1153 2870 non
1182 2807 1299 2869 minus
1324 2805 1479 2870 difficilis

242 2926 348 2990 quam
362 2913 570 2995 monasterii
586 2910 670 2977 Sin
681 2914 902 2993 Margaritae
915 2915 1117 2991 videbatur;
1132 2914 1242 2977 immo
1262 2931 1307 2975 ex
1328 2929 1373 2975 eo
1389 2910 1477 2976 diffi-

241 3017 342 3081 cilior
357 3019 452 3099 quod
466 3020 724 3085 monasterium
740 3018 824 3084 8³⁸²
838 3020 1058 3101 Margaritae
1077 3020 1172 3100 apud
1192 3020 1222 3083 F
1223 3020 1409 3083 abrianum
1424 3020 1475 3082 vi-

241 3124 332 3204 ginti
347 3134 499 3207 tanturn,
517 3126 586 3190 hoc
602 3145 692 3191 vero
704 3126 797 3209 apud
811 3126 876 3193 Sm
892 3126 1085 3193 Genesium
1100 3128 1326 3208 septuaginta
1341 3125 1475 3189 monia·

240 3233 292 3294 les
304 3231 469 3296 habebat.

300 3338 372 3403 299.
415 3338 542 3405 Adfuit
557 3349 676 3405 tamen
692 3340 824 3407 Christi
838 3344 973 3423 gratia,
990 3352 1026 3405 et
1041 3341 1133 3423 quod
1149 3341 1346 3404 habebatur
1365 3340 1478 3402 totius

241 3442 423 3509 Marchiae
440 3446 761 3528 dissolutissimum,
779 3458 813 3512 et
828 3449 1009 3530 deplorari
1023 3450 1141 3529 potius
1156 3465 1263 3528 quarn
1284 3446 1475 3510 reformari

241 3568 344 3632 posse
367 3551 555 3616 videbatur
569 3555 834 3634 monasterium,
858 3556 1110 3619 observantiae
1128 3556 1183 3617 sui
1203 3554 1353 3617 instituti
1373 3554 1473 3616 resti·

241 3668 356 3723 tutum
381 3670 445 3739 est,
471 3671 505 3723 et
530 3662 626 3724 omni
650 3662 768 3726 studio
792 3662 965 3726 moniales
988 3660 1259 3739 contendebant,
1282 3669 1320 3722 ut
1339 3667 1477 3739 quanto

240 3763 368 3845 maj0ri
384 3784 464 3831 cum
479 3766 692 3832 offendiculo
707 3771 897 3833 multorum
911 3770 1013 3849 prius
1031 3769 1210 3845 vixerant,
1231 3777 1330 3830 tanto
1346 3765 1475 3847 majori

241 3889 323 3936 curn
343 3872 587 3937 aedificatione
609 3892 673 3939 sua
694 3884 729 3938 et
744 3876 864 3957 populi
878 3876 992 3940 vitam
1013 3884 1048 3939 et
1070 3874 1228 3938 actiones
1251 3890 1335 3937 suas
1349 3890 1478 3937 omnes

241 3978 384 4043 Christo
399 3990 662 4045 consecrarent.

299 4084 371 4149 300.
414 4085 610 4167 Praecipua
626 4106 668 4151 ea
683 4098 737 4152 est
751 4088 873 4153 Piceni
885 4089 963 4153 sive
975 4086 1156 4153 Marchiae
1168 4088 1307 4167 civitas,
1325 4096 1359 4151 et
1370 4087 1474 4150 multi

238 4192 369 4257 ibidem
380 4194 550 4259 haeretici
565 4212 643 4259 esse
658 4196 878 4276 dicebantur,
902 4207 938 4260 ct
958 4197 1009 4261 ita
1032 4214 1089 4261 res
1109 4206 1198 4274 erat;
1223 4196 1285 4260 scd
1300 4194 1360 4276 qui
1373 4194 1478 4276 prius

237 4300 425 4365 excaecati
439 4310 474 4365 et
489 4302 563 4366 suis
574 4302 612 4366 in
621 4304 802 4367 erroribus
813 4304 983 4368 obstinati
998 4304 1224 4387 videbantur,
1238 4302 1315 4367 Deo
1328 4319 1393 4383 pro
1407 4319 1475 4366 sua

278 4576 288 4611 ¹
321 4572 489 4622 Hortensium
501 4578 663 4634 Androtlum,
675 4578 705 4623 de
717 4590 766 4635 quo
777 4588 864 4635 supra,
875 4590 937 4635 paga
947 4580 970 4632 7,
980 4588 1007 4625 n.
1016 4579 1053 4623 to.

278 4647 291 4681 ¹
319 4648 690 4707 Videsupra,pag.86,u.282.
