3642 5350
755 424 820 484 Aa.
842 422 913 485 1556
1101 507 1109 519 ι
1204 477 1210 485 .
1395 423 1448 485 lob

218 572 366 651 triginta
381 572 586 651 collegiales
602 571 757 651 alendos
776 580 810 635 et
824 571 913 635 dixit
927 571 987 635 illa
1006 588 1045 635 se
1059 570 1265 636 effecturam
1281 580 1449 653 utusque

217 676 263 741 ad
272 678 401 759 viginti
411 678 620 759 quatuoribi
632 696 710 743 esse
720 688 875 761 possent,
886 688 922 743 et
932 680 1094 743 tamenid
1103 679 1246 742 minime
1256 680 1443 759 praestitit.

275 784 346 849 570.
390 786 553 851 Relatum
567 796 622 851 est
635 785 673 849 Ρ.
689 786 873 851 Ludovico
895 787 990 868 quod
1004 787 1040 850 in
1062 787 1206 851 civitate
1228 786 1374 851 Castelli
1395 787 1445 861 (in

217 911 287 976 qua
302 902 422 958 actum
440 895 555 959 luerat
573 893 763 975 aliquando
777 892 821 957 de
840 895 990 974 collegio
1006 892 1194 958 Societatis
1215 894 1442 971 instituendo)

218 1003 286 1066 duo
306 1003 523 1082 neapolitani
543 1002 806 1083 praedicarent,
833 1019 923 1082 quos
946 1003 1097 1082 populus
1119 1002 1162 1065 de
1186 1000 1363 1066 Societate
1382 1018 1443 1066 no·

216 1118 292 1174 stra
306 1127 384 1173 esse
406 1110 588 1188 credebat,
605 1117 640 1172 et
653 1119 773 1174 tamen
784 1110 842 1185 ,1111
860 1118 896 1173 et
915 1110 1102 1189 pecuniam
1120 1118 1155 1173 et
1174 1127 1231 1173 res
1252 1110 1342 1173 alias
1363 1118 1444 1189 post

216 1218 423 1281 concionem
449 1220 624 1298 petebant.
648 1216 785 1281 Deinde
802 1216 969 1281 Aresium
989 1218 1172 1281 venientes
1190 1217 1227 1281 in
1246 1217 1336 1281 sesto
1357 1216 1446 1283 Pen-

215 1334 366 1388 tecostes
381 1325 582 1389 concionati
596 1332 726 1387 suntet
741 1326 949 1388 scandalum
962 1342 1034 1388 non
1048 1324 1225 1388 mediocre
1243 1325 1293 1387 illi
1312 1326 1442 1406 populo

213 1444 359 1514 propter
375 1434 550 1514 quaedam
564 1449 690 1512 parum
703 1432 854 1496 honesta
872 1432 1060 1512 dederunt;
1082 1433 1176 1512 quod
1195 1450 1277 1496 cum
1296 1431 1443 1513 Inquisi-

214 1542 352 1605 toribus
366 1540 602 1621 significatum
617 1549 721 1617 esset,
739 1539 1011 1605 Commissarius
1025 1538 1147 1603 Sancti
1160 1539 1252 1603 illius
1271 1539 1441 1605 Tribuna-

216 1648 258 1711 lis
274 1666 335 1713 eos
350 1650 431 1729 capi
445 1666 487 1711 ac
502 1648 648 1712 retineri
663 1648 817 1729 optavit;
835 1656 869 1711 et
895 1648 945 1711 ita
967 1650 1139 1727 scriptum
1157 1657 1211 1711 est
1229 1645 1268 1710 Ρ.
1287 1647 1440 1711 Ludovi-

215 1774 270 1835 co,
298 1756 330 1819 si
356 1754 573 1820 Florentiam
601 1756 781 1833 venirent,
812 1772 874 1817 eos
902 1755 1093 1834 capiendos
1121 1763 1299 1818 curarent.
1329 1754 1441 1819 Erant

215 1874 333 1927 autern
344 1862 473 1926 fratres
484 1863 626 1942 gemini,
640 1871 674 1925 et
685 1863 750 1925 sub
761 1861 867 1925 linem
878 1862 973 1945 Junii
979 1861 1196 1926 Florentiam
1207 1872 1392 1939 venerunt,
1405 1872 1441 1927 et
1526 1900 1531 1909 ·

215 1989 280 2035 suo
294 1987 392 2034 more
408 1970 613 2033 concionari
626 1978 829 2050 coeperunt.
846 1968 951 2033 Pater
965 1986 1053 2049 ergo
1067 1968 1272 2033 Ludovicus
1288 1970 1441 2050 equitem

214 2080 357 2159 saepius
367 2079 587 2141 nominatum
601 2076 610 2109 ¹
623 2076 815 2156 admonuit,
829 2074 923 2157 quod
938 2075 1119 2149 Cardinali
1130 2077 1312 2157 Carpensi,
1325 2077 1439 2158 Inqui-

213 2186 328 2264 sitori,
345 2185 532 2248 videbatur
547 2184 613 2247 hos
633 2184 795 2247 homines
817 2183 1022 2263 capiendos
1043 2183 1206 2264 quodque
1226 2183 1439 2249 Commissa·

214 2295 289 2357 rius
317 2291 557 2374 inquisitionis
585 2291 760 2354 obtulerat
789 2308 827 2353 se
855 2290 1046 2354 missurum
1074 2291 1212 2355 litteras
1240 2291 1439 2359 Cardinalie

213 2400 489 2481 Compostellani
503 2396 514 2427 ⁸
529 2400 574 2463 ad
590 2397 728 2463 Ducem
748 2398 960 2475 Florentiae,
981 2406 1019 2461 ut
1040 2416 1103 2461 eos
1123 2400 1268 2463 retineri
1286 2398 1435 2480 juberet.

214 2508 400 2572 Allocutus
414 2516 468 2570 est
482 2524 589 2587 eques
603 2505 800 2585 Vicarium,
816 2506 876 2586 qui
891 2514 1079 2585 utrumque
1099 2506 1136 2569 in
1155 2523 1337 2571 carcerem
1356 2524 1439 2571 con·

210 2614 305 2695 J'ecit.
322 2614 375 2679 Illi
389 2615 531 2696 quidem
545 2614 703 2679 habitum
717 2614 1047 2678 Protonotariorum
1066 2612 1280 2695 deferebant,
1308 2616 1370 2680 sed
1394 2633 1438 2680 eo

213 2724 352 2788 sublato
366 2723 458 2787 iuter
473 2722 755 2788 concionandum
770 2732 804 2786 et
817 2723 947 2786 tunicis
966 2721 1138 2785 talaribus
1158 2732 1307 2799 utenteS,
1328 2725 1437 2788 homi·

212 2850 274 2896 nes
286 2841 429 2896 nostrae
443 2829 630 2895 Societatis
643 2829 863 2893 habebantur
878 2840 913 2893 et
933 2830 1078 2894 odorem
1096 2847 1223 2910 parum
1241 2831 1372 2894 bonum
1393 2831 1438 2897 de

212 2939 387 3004 Societate
420 2939 630 3021 quibusdam
661 2938 698 3000 in
722 2938 809 3001 locis
827 2938 895 3000 hac
916 2938 1105 3002 occasione
1125 2936 1275 3002 daemon
1293 2939 1435 3019 sparsit.

211 3046 383 3127 Quamvis
399 3059 515 3111 autem
527 3046 661 3127 aliquot
674 3044 914 3108 hebdomadas
925 3046 962 3108 in
974 3062 1120 3108 carcere
1132 3057 1337 3126 exegerunt,
1351 3065 1436 3111 nun·

210 3173 318 3236 quarn
332 3163 452 3218 tamen
467 3154 696 3235 Inquisitores
711 3154 913 3233 quidquam,
935 3161 974 3216 ut
989 3151 1262 3216 Commissarius
1282 3155 1435 3231 dixerat,

209 3263 460 3344 permiserunt;
481 3271 515 3324 et
534 3261 722 3341 optabatur
740 3269 779 3323 ut
801 3263 928 3323 saltem
947 3260 1275 3324 Protonotariorum
1296 3262 1436 3325 litterae
1512 3271 1516 3277 '

209 3371 253 3433 ab
269 3371 320 3432 eis
336 3369 558 3433 auferrentur
573 3349 607 3432 et
621 3368 840 3449 praedicatio
855 3369 906 3430 eis
926 3368 1182 3448 prohiberetur.
1199 3366 1352 3432 Demum
1375 3369 1436 3434 Vi·

208 3479 339 3556 carius,
356 3477 415 3558 qui
430 3478 623 3540 amatorias
635 3475 805 3557 quasdam
818 3477 954 3538 litteras
965 3485 1000 3538 et
1015 3477 1085 3538 alia
1095 3474 1298 3555 hujusmodi
1309 3495 1435 3557 parum

209 3587 357 3650 honesta
373 3585 663 3664 deprehenderat,
680 3601 796 3665 poena
811 3584 964 3664 quadam
979 3583 1184 3664 pecuniaria
1199 3601 1260 3647 eos
1273 3586 1433 3664 punienS,

209 3706 243 3757 et
257 3693 385 3756 litteris
397 3691 600 3772 apostolicis
611 3691 912 3772 protonotariatus
924 3692 968 3753 ab
980 3691 1032 3753 eis
1045 3691 1205 3771 sublatis,
1222 3700 1257 3755 et
1268 3709 1290 3754 a
1301 3691 1433 3756 ditione

211 3801 397 3866 florentina
418 3817 480 3862 eos
500 3800 666 3863 recedere
683 3797 820 3879 jubens,
842 3800 985 3863 dimisit.
1008 3798 1240 3863 Affirmarunt
1260 3810 1377 3863 autem
1399 3810 1435 3864 ct

144 3961 149 3972 .
209 3909 277 3990 ipsi
291 3927 330 3972 se
344 3927 416 3972 non
431 3907 581 3989 amplius
595 3907 875 3987 praedicaturos

267 4015 339 4079 571.
383 4015 485 4094 Quod
500 4013 544 4090 ad
560 4013 802 4077 confessiones
817 4015 953 4094 attinet,
970 4023 1090 4079 tantus
1104 4015 1170 4078 fuit
1181 4032 1304 4080 earum
1314 4034 1433 4080 nume·

207 4143 267 4188 rus
292 4122 480 4204 postremis
505 4119 608 4200 hujus
633 4121 717 4184 anni
742 4121 921 4184 mensibus
942 4131 980 4185 ut
1010 4141 1030 4185 a
1055 4124 1293 4204 quinquennio
1322 4125 1433 4205 (quod

206 4243 346 4311 tempus
361 4229 473 4292 nostri
486 4229 686 4292 Florentiae
702 4228 919 4305 resederant)
936 4247 1114 4310 nunquam
1130 4230 1243 4311 maior
1258 4231 1380 4311 fuerit,
1398 4244 1433 4296 et

207 4339 350 4402 uberior
365 4355 408 4399 ac
422 4335 637 4398 fructuosior
655 4336 744 4399 haec
764 4337 889 4399 messis
910 4337 946 4398 in
969 4338 1044 4401 dies
1064 4338 1295 4418 reddebatur;
1317 4350 1352 4403 et
1372 4341 1432 4403 mi-

246 4617 253 4648 Ι
283 4613 350 4658 Vide
360 4625 449 4668 snpra,
460 4624 519 4668 pag.
533 4611 578 4665 119,
590 4613 674 4659 11560.

245 4686 257 4719 ⁸
286 4685 330 4730 Fr.
340 4686 447 4739 Joennie
456 4686 571 4730 Alverez
581 4687 612 4730 de
622 4685 726 4740 Toledo,
739 4685 768 4730 0.
778 4684 804 4730 S,
816 4685 848 4730 D.
