3642 5350
326 376 381 437 181
784 374 913 437 Canon.
934 372 1011 435 Soc.
1031 374 1104 448 Jns.

327 532 363 585 et
387 537 511 585 eorum
525 518 748 585 confirmatio
762 530 961 602 peteretur,
977 533 1013 583 et
1032 530 1070 585 ut
1094 520 1266 584 scriberet
1284 517 1447 581 facultati
1462 516 1559 581 theo·

327 628 445 707 logiae
459 628 553 691 hanc
572 644 650 693 esse
671 645 774 692 suam
793 628 1031 704 voluntatem,
1048 638 1087 691 ut
1109 636 1271 690 nostrum
1291 624 1496 688 Institutum
1517 642 1564 689 ac

327 735 517 817 privilegia
537 733 820 814 admitterentur,
837 744 877 801 et,
886 734 923 798 id
937 735 1082 798 omnino
1095 733 1173 798 fieri
1184 732 1335 813 juberet.

385 840 477 905 2083.
520 842 565 906 Et
578 840 704 905 cumP.
719 840 935 906 Paschasius
946 841 1081 905 diceret
1089 842 1182 905 nolle
1192 838 1407 905 Societatem
1419 839 1563 903 irritare

327 950 512 1016 Summum
523 947 730 1013 Pontificem
741 959 866 1014 contra
878 948 1095 1031 Episcopum
1105 960 1141 1011 et
1156 948 1321 1011 doctores
1331 946 1563 1027 parisienses,

315 1058 392 1123 sed
413 1074 478 1138 pro
498 1072 563 1120 suo
584 1072 683 1119 more
703 1054 875 1136 patientia
897 1064 933 1119 et
954 1054 1225 1119 mansuetudine
1245 1054 1474 1117 adversarios
1494 1052 1564 1115 sibi

328 1166 420 1229 veile
444 1164 658 1243 conciliare;
683 1163 867 1244 perstabat
890 1163 949 1225 ille
972 1163 1010 1226 in
1038 1180 1103 1225 sua
1127 1162 1328 1239 sententia;
1355 1170 1391 1224 et
1417 1160 1566 1224 minime

329 1282 453 1337 nostra
467 1270 639 1352 patientia
654 1270 734 1334 illos
748 1271 912 1334 homines
926 1269 1160 1349 corrigendos
1175 1268 1385 1333 affirmabat.

389 1376 480 1442 2084.
524 1376 612 1443 Cum
634 1385 755 1441 autem
774 1375 975 1442 Cardinalis
996 1375 1151 1455 Caraffa,
1178 1377 1338 1456 Legatus
1359 1374 1406 1438 ad
1426 1373 1564 1454 Regem

330 1487 480 1561 Galliae,
503 1484 633 1548 missus
653 1485 721 1547 hoc
746 1500 841 1547 anno
864 1483 990 1547 fuisset
1006 1483 1028 1561 ¹,
1055 1483 1139 1547 data
1164 1492 1218 1547 est
1241 1481 1350 1545 Polae
1371 1482 1566 1562 Episcopo,

331 1592 520 1657 Societatis
535 1591 661 1670 amico,
674 1590 882 1655 informatio
897 1590 1034 1655 Romae
1059 1590 1240 1670 confecta,
1264 1598 1304 1653 ut
1317 1588 1466 1669 Legato,
1483 1604 1567 1652 cum

331 1719 401 1781 quo
416 1710 577 1776 venerat,
593 1716 673 1763 eam
687 1698 801 1777 daret,
814 1708 853 1761 ut
867 1697 1003 1778 Regem
1015 1698 1357 1763 christianissimum
1371 1699 1563 1777 alloquere·

331 1820 398 1885 tur,
416 1817 451 1871 et
466 1781 620 1885 c'uraret,
633 1816 671 1869 ut
685 1806 761 1887 ipse
775 1806 1012 1869 committeret
1037 1805 1220 1871 Cardinali
1237 1803 1510 1883 Lotharingiae,
1525 1811 1567 1866 ut

332 1914 596 1979 revocationem
610 1913 668 1975 vel
684 1914 969 1977 emendationem
983 1913 1078 1977 iliius
1092 1911 1226 1976 decreti
1240 1921 1394 1975 curaret.

391 2020 484 2085 2085.
525 2019 691 2084 Promisit
706 2030 826 2084 autem
837 2021 994 2099 Legatus
1006 2037 1045 2083 se
1057 2020 1124 2083 hoc
1137 2019 1252 2083 officio
1263 2018 1479 2083 functurum.
1496 2015 1568 2080 Ac·

331 2138 477 2211 ceperat
487 2128 611 2192 eodem
623 2137 783 2208 tempore
795 2126 832 2191 P.
847 2126 1062 2191 Paschasius
1077 2129 1207 2191 multas
1221 2126 1358 2190 litteras
1372 2124 1471 2188 Dris.
1484 2123 1565 2189 Ola-

333 2236 382 2312 vii
403 2235 449 2299 ad
471 2234 636 2299 doctores
655 2236 872 2315 parisienses
892 2235 961 2315 ipsi
980 2236 1133 2314 amima,
1155 2233 1246 2297 inter
1268 2249 1359 2313 quos
1377 2242 1480 2297 erant
1494 2231 1567 2295 De·

332 2360 444 2408 canus
465 2342 645 2407 facultatis
669 2341 891 2422 theologicae
914 2351 949 2405 et
974 2343 1035 2405 alii
1050 2361 1095 2405 ex
1118 2341 1346 2422 gravioribus
1372 2338 1567 2419 theologis,

333 2462 367 2515 et
393 2449 545 2529 singuiis
569 2451 772 2530 exemplum
785 2449 1043 2530 responsionis,
1065 2466 1158 2529 quae
1182 2448 1327 2512 decreto
1351 2446 1448 2512 facta
1472 2453 1565 2525 erat,

332 2558 418 2621 data
433 2567 497 2619 est.

391 2663 482 2729 2086.
526 2663 699 2728 Amanter
715 2670 833 2727 autem
850 2663 899 2727 illi
914 2663 1053 2726 litteras
1072 2671 1289 2743 acceperunt
1308 2670 1343 2727 et
1362 2680 1465 2726 suam
1484 2679 1569 2742 ope-

333 2789 411 2836 ·:am
425 2771 639 2834 obtulerunt.
656 2769 763 2834 Dedit
782 2781 901 2833 autem
915 2770 1185 2849 responsionem
1206 2770 1368 2834 eamdem
1382 2769 1566 2834 Cardinali

330 2877 597 2957 Lotharingiae,
614 2887 650 2940 et
664 2876 805 2940 nomine
820 2876 859 2940 P.
875 2877 1006 2956 Ignatii
1018 2877 1202 2956 negotium
1220 2878 1289 2941 hoc
1304 2877 1373 2958 ipsi
1387 2893 1568 2940 commen·

333 2985 433 3050 davit
447 3003 454 3064 ;
476 2985 537 3065 qui
552 3001 698 3064 operam
712 3001 814 3048 suam
829 2983 939 3048 etiam
952 2983 1088 3061 obtulit,
1102 2993 1138 3047 et
1148 2984 1297 3063 duobuS,
1310 2985 1371 3064 qui
1385 2995 1471 3049 tunc
1484 2983 1568 3047 ade·

333 3103 425 3169 rant,
443 3091 648 3154 doctoribus
662 3108 738 3155 rem
753 3091 1029 3155 commendavit.
1086 3121 1090 3130 ·

392 3186 484 3252 2087.
527 3187 637 3253 Paulo
653 3197 733 3268 post
751 3189 909 3268 Legatus
923 3188 1059 3270 Regem
1080 3192 1257 3255 allocutus
1277 3201 1347 3269 est,
1372 3199 1406 3253 et
1430 3205 1489 3252 res
1513 3197 1571 3254 est

334 3295 525 3358 commissa
539 3295 722 3375 praedicto
738 3294 919 3360 Cardinali
939 3295 1207 3378 Lotharingiae,
1231 3306 1268 3360 ut
1288 3296 1484 3377 protectori
1503 3311 1566 3359 no·

334 3410 422 3478 stra,
438 3403 496 3465 cui
510 3401 657 3466 dederat
671 3402 958 3468 informationem
972 3404 1140 3486 Legatus;
1158 3416 1193 3468 et
1206 3405 1256 3469 ita
1271 3405 1420 3485 ipsemet
1434 3403 1570 3466 nostris

334 3507 564 3588 significavit,
581 3508 718 3590 Regem
729 3527 945 3591 propensum
956 3529 1047 3590 esse,
1058 3513 1174 3593 magis
1185 3530 1292 3593 quam
1302 3527 1459 3591 unquam
1467 3511 1570 3589 alias,

335 3616 380 3680 nd
391 3615 553 3680 favorem
565 3627 708 3680 nostrae
719 3614 888 3682 Societati
900 3619 1187 3700 impendendum3
1196 3629 1232 3683 et
1244 3620 1293 3683 ita
1305 3618 1497 3698 sperabant
1507 3633 1570 3681 no·

334 3724 400 3787 stri
413 3724 595 3788 decretum
609 3724 694 3787 illud
708 3723 933 3788 emendatum
947 3726 1004 3804 iri;
1016 3726 1183 3807 quamvis
1197 3734 1342 3806 propter
1357 3724 1501 3804 negotia
1516 3741 1568 3787 se·

334 3831 482 3909 cularia,
492 3847 583 3912 quae
595 3839 690 3907 tunc,
700 3841 847 3911 propter
857 3832 987 3897 bellum
999 3833 1219 3913 pontificium
1231 3851 1275 3897 ac
1285 3832 1391 3896 simul
1398 3832 1569 3911 gallicum

335 3947 460 4000 contra
474 3935 610 4016 Regem
624 3935 834 4018 Philippum,
852 3940 963 4002 multa
977 3950 1091 4020 erant,
1109 3941 1225 4004 minus
1239 3940 1445 4020 diligenter,
1461 3955 1572 4020 quam

335 4043 533 4124 oportebat,
550 4051 710 4107 nostram
724 4061 871 4108 causam
886 4046 1004 4125 egisse
1019 4046 1218 4112 videbatur.

393 4149 485 4214 2088.
528 4150 610 4214 Fuit
635 4159 753 4214 autem
777 4150 892 4215 eidem
916 4152 1098 4218 Cardinali
1122 4164 1158 4218 et
1182 4155 1291 4218 etiam
1315 4152 1521 4218 doctoribus
1547 4169 1570 4214 a

336 4259 374 4320 P.
394 4256 589 4321 Paschasio
605 4257 753 4338 dictum,
769 4257 808 4322 P.
830 4257 1088 4340 Praepositum,
1109 4261 1298 4341 ignatium,
1320 4270 1355 4324 et
1374 4269 1487 4324 totam
1509 4256 1573 4323 So·

376 4531 384 4564 ¹
413 4530 480 4646 gfdc
491 4543 578 4588 supra,
589 4543 649 4588 pag.
663 4531 697 4584 22,
707 4543 732 4576 n.
742 4533 776 4588 56;
787 4539 813 4578 et
825 4545 885 4589 pag.
895 4535 931 4590 3³,
942 4547 967 4579 n.
976 4535 1012 4591 89,
1022 4537 1065 4582 ubi
1082 4537 1162 4582 etiam
1176 4538 1207 4582 de
1219 4536 1333 4582 Antonio
1342 4535 1411 4589 Elio,
1421 4535 1501 4580 Potae
1511 4532 1572 4588 Epi·

335 4613 412 4658 scopo
441 4605 557 4648 tmentio
