3642 5350
374 455 427 517 706
831 453 960 515 Canon.
978 451 1054 514 Soc.
1074 451 1144 527 Jrs.

374 602 492 687 potius
502 600 731 682 judicassent,
749 616 855 681 quam
870 600 1015 667 domum
1026 598 1101 681 iam
1111 599 1254 679 factam,
1271 596 1470 681 quemdam,
1488 596 1548 678 qui
1563 597 1600 661 iu

373 719 448 776 tota
462 709 609 773 civitate
623 707 840 773 commodior
855 716 945 787 erat,
961 708 1156 788 elegerunt,
1169 706 1230 788 qui
1240 705 1335 771 mille
1346 713 1381 770 et
1395 704 1599 797 quingentis

374 818 492 883 aureis
506 816 744 897 emipoterat;
761 814 859 879 etita
874 830 921 881 ex
938 812 1032 879 bona
1054 823 1156 896 parte
1177 821 1316 896 emptus
1334 813 1456 878 statim
1469 821 1542 893 est,
1565 821 1599 877 et

372 925 418 991 ad
432 925 576 989 domum
590 931 696 1004 atque
710 922 897 987 ecclesiam
918 920 1175 986 aedificandam
1194 931 1336 1002 praeter
1355 920 1449 985 mille
1471 936 1599 984 aureos

370 1030 590 1113 praedictos,
606 1030 676 1094 duo
691 1029 800 1095 millia
813 1029 1118 1112 Archiepiscopus
1131 1026 1278 1111 adjecit;
1294 1027 1401 1093 vendi
1416 1028 1524 1092 etiam
1538 1044 1598 1108 po·

371 1148 463 1205 terat
474 1138 611 1218 domus,
625 1153 732 1218 quam
742 1137 855 1202 nostri
867 1136 1088 1218 habitabant,
1097 1137 1191 1201 mille
1203 1144 1238 1201 et
1248 1135 1463 1218 quingentis.
1476 1134 1598 1217 ltaque

370 1264 482 1330 prope
506 1246 612 1311 situm
637 1245 730 1310 hunc
752 1244 878 1310 domus
891 1245 1075 1309 'conducta
1094 1253 1164 1324 est,
1181 1243 1306 1309 eodem
1325 1244 1440 1325 pretio
1460 1259 1530 1325 quo
1550 1244 1598 1307 lo·

371 1356 447 1420 cari
461 1361 601 1437 poterat
615 1370 673 1433 ea,
690 1369 797 1432 quam
811 1352 926 1418 nostri
945 1352 1209 1434 relinquebant;
1225 1352 1391 1433 quamvis
1409 1352 1504 1416 enim
1519 1358 1597 1416 erat

370 1462 512 1543 exigua,
529 1460 623 1542 quod
637 1459 888 1541 infrequentia
903 1459 1000 1523 urbis
1014 1468 1127 1539 esset,
1143 1458 1181 1523 in
1195 1475 1298 1523 usum
1312 1467 1550 1524 mercatorum
1563 1467 1598 1522 et

371 1568 546 1633 artificum
569 1566 820 1649 percommodo
848 1575 943 1648 erat;
971 1574 1007 1631 et
1034 1567 1118 1649 quia
1146 1565 1448 1649 Archiepiscopus
1473 1567 1596 1647 augeri

370 1684 573 1741 nostrorum
587 1691 772 1740 numerum
788 1673 969 1739 Granatae
983 1674 1201 1756 postulabat,
1222 1674 1312 1738 hacc
1331 1673 1424 1739 ratio
1443 1673 1596 1737 ineunda

370 1784 448 1848 visa
463 1791 518 1847 est
531 1781 570 1846 P.
586 1781 821 1862 Bustamanti,
837 1790 876 1847 ut
895 1780 1023 1847 domus
1041 1780 1264 1864 probationis
1279 1780 1445 1847 Corduba
1460 1779 1597 1845 Grana·

369 1902 444 1956 tam
463 1890 732 1968 transferretur,
757 1890 794 1953 in
818 1907 888 1972 qua
911 1890 994 1955 licet
1013 1889 1151 1970 novitii,
1173 1890 1329 1971 operarii
1348 1898 1467 1954 tamen
1488 1888 1597 1969 aliqui

370 2007 488 2079 erant,
518 1996 578 2079 qui
606 1998 643 2061 in
671 1996 898 2061 concionibus
924 2006 959 2061 et
987 1996 1170 2062 audiendis
1194 1996 1290 2061 domi
1316 1995 1597 2061 confessionibus

370 2104 490 2170 utilem
505 2120 650 2185 operam
666 2103 784 2167 multis
799 2120 935 2168 navare
950 2113 1126 2185 poterant.

428 2211 519 2276 3059.
564 2210 748 2275 Conseusu
763 2226 852 2289 ergo
867 2209 984 2275 Patris
998 2210 1184 2275 Francisci
1203 2210 1334 2287 habito,
1356 2220 1438 2275 ante
1457 2209 1596 2275 Pascha

369 2319 571 2385 Cordubam
593 2317 638 2382 ad
657 2317 693 2382 id
711 2315 947 2381 Provincialis
964 2317 1144 2383 rediturus
1164 2326 1253 2398 erat;
1277 2318 1341 2382 sed
1361 2318 1508 2382 morbus
1530 2316 1597 2382 Ar-

368 2425 598 2508 chiepiscopi,
615 2423 659 2489 de
674 2441 743 2504 quo
758 2425 923 2505 superius
936 2424 1032 2489 facta
1043 2434 1098 2489 est
1111 2426 1243 2491 mentio
1260 2423 1282 2507 ¹,
1296 2442 1339 2491 ac
1350 2425 1448 2490 vitae
1461 2424 1597 2507 pericu·

370 2536 460 2615 lum,
479 2550 561 2597 eum
575 2530 736 2609 detinuit,
758 2532 816 2595 cui
835 2548 906 2595 uon
926 2533 1041 2596 solum
1063 2531 1221 2598 confiteri
1236 2534 1452 2614 generaliter
1472 2532 1595 2611 voluit,

369 2642 432 2708 sed
447 2638 752 2706 testamentarium
767 2638 930 2705 eumdem
949 2640 1109 2722 reliquit;
1132 2653 1168 2705 et
1182 2658 1263 2706 cum
1277 2640 1314 2706 id
1328 2658 1400 2707 non
1415 2640 1523 2706 licere
1536 2657 1596 2707 no-

369 2749 452 2814 stris
466 2748 599 2813 diceret
614 2745 652 2812 P.
672 2745 921 2826 Bustamantc,
942 2756 980 2811 ut
1002 2746 1305 2830 dispensationem
1325 2766 1346 2813 a
1365 2748 1404 2813 P.
1430 2748 1596 2814 Generali

368 2865 503 2940 peteret
522 2853 824 2937 Archiepiscopus
845 2855 972 2933 voluit,
994 2857 1151 2936 quamsi
1174 2872 1246 2921 non
1265 2855 1492 2932 obtinuisset,
1512 2865 1596 2920 tunc

369 2964 510 3028 demum
525 2963 613 3027 alios
628 2961 915 3026 testamentarios
929 2978 1159 3028 successuros
1173 2980 1264 3028 esse.
1437 2970 1443 2981 '

425 3069 517 3134 3060.
559 3067 711 3134 Romam
735 3069 842 3133 etiam
871 3069 1065 3150 scripserat
1090 3069 1128 3134 P.
1154 3050 1387 3135 Bustamante
1415 3070 1459 3135 de
1484 3078 1596 3135 muta·

368 3179 463 3242 tione
478 3177 604 3241 domus
617 3175 848 3256 probationis.
870 3173 992 3257 Itaque
1011 3175 1216 3242 Cordubam
1235 3177 1396 3255 veniens,
1418 3194 1494 3241 rem
1516 3194 1597 3241 cum

367 3283 412 3349 D.
428 3285 564 3368 Joanne
579 3283 623 3347 de
638 3281 803 3347 Cordoba
818 3283 1004 3364 transegit,
1020 3292 1055 3347 et
1069 3301 1141 3348 non
1156 3285 1283 3360 solum,
1299 3282 1337 3348 P.
1354 3283 1549 3349 Francisco
1560 3292 1597 3347 et

366 3392 404 3457 P.
421 3391 540 3457 Natali
554 3389 823 3455 translationem
843 3391 1079 3472 approbante,
1095 3391 1204 3457 etiam
1220 3390 1264 3456 D.
1281 3393 1438 3476 Joannes
1454 3399 1598 3456 conten·

366 3510 429 3566 tus.
437 3499 514 3578 fuit,
531 3495 618 3581 [sed]
631 3507 666 3562 et
676 3507 791 3562 totum
802 3497 887 3563 illud
898 3497 1126 3575 frumentum,
1139 3499 1234 3580 quod
1245 3499 1366 3564 domui
1376 3498 1597 3580 probationis

366 3607 452 3672 dare
466 3606 591 3670 solitus
610 3615 703 3684 erat,
724 3603 770 3669 ad
784 3605 988 3685 augendum
1009 3623 1195 3670 numerum
1220 3605 1460 3688 collegialium
1473 3606 1597 3670 cordu-

364 3713 525 3778 bensium
540 3712 676 3777 obtulit.

424 3820 513 3884 3061.
558 3818 629 3884 Sub
649 3819 787 3884 initium
806 3821 1041 3899 argonensis
1065 3821 1150 3902 Maji
1175 3821 1362 3886 translatio
1388 3820 1593 3904 praedictae

364 3929 489 3993 domus
509 3925 728 4008 probationis
748 3927 845 3991 facta
865 3937 937 4008 est,
957 3928 1140 4010 adquam,
1163 3936 1306 4010 praeter
1319 3927 1593 4010 Archiepiscopi

363 4035 642 4100 satisfactionem
652 4035 687 4097 in
695 4051 842 4098 numero
854 4035 1030 4116 augendo,
1041 4037 1153 4101 movit
1164 4037 1356 4101 salubritas
1364 4037 1453 4101 coeli
1464 4051 1594 4117 grana·

362 4143 471 4208 tensis
483 4152 517 4206 et
529 4141 746 4206 abundantia
758 4142 1066 4223 eleemosynarum
1076 4143 1153 4225 ejus
1163 4144 1427 4226 urbiS,quaead
1439 4141 1589 4226 quadra·

361 4251 462 4332 ginta
474 4259 508 4314 et
519 4251 627 4314 etiam
638 4249 896 4331 quinquaginta
907 4251 1160 4316 sustentandos
1170 4250 1401 4332 sufficiebant,
1412 4259 1446 4315 et
1458 4250 1593 4315 dotatio

361 4358 470 4423 etiam
494 4357 643 4438 Collegii
670 4366 838 4421 secutura
862 4356 1062 4423 videbatur.
1078 4358 1165 4422 Erat
1183 4359 1290 4423 etiam
1310 4375 1442 4439 magna
1466 4357 1589 4422 vilitas

361 4479 525 4530 annonae
539 4484 582 4529 ea
606 4465 642 4528 in
657 4465 755 4546 urbe,
782 4465 871 4528 etin
891 4465 1055 4528 omuibus
1073 4465 1130 4530 his
1141 4465 1328 4530 Cordubae
1352 4464 1591 4547 praeferenda

401 4710 410 4743 ¹
440 4707 532 4764 Supra,
542 4719 567 4752 u.
577 4706 640 4752 29⁶4.
