3642 5350
359 440 411 503 106
812 440 942 503 Canon.
961 438 1038 502 Soc.
1056 441 1127 516 Jas.

355 584 557 669 hujusmodi
572 588 729 669 petebat3
752 596 787 652 et
806 588 855 652 ita
874 588 1006 652 bonum
1029 587 1190 667 odorem,
1210 601 1316 667 quem
1335 584 1384 649 ibi
1401 597 1584 667 sparserat

356 694 527 775 Societas,
544 713 606 777 per
620 693 696 775 ejus
711 694 944 759 ministerium
963 694 1125 758 diabolus
1144 708 1372 775 corrumpere
1389 691 1580 757 nitebatur.

355 802 486 867 Missus
501 812 554 867 est
570 820 591 867 a
605 800 643 867 P.
665 801 816 868 Rectore
834 800 881 864 ad
900 801 985 865 illud
1004 800 1172 883 oppidum
1186 799 1225 864 Ρ.
1245 799 1454 864 Emmanuel
1469 797 1479 831 ¹
1501 816 1583 865 cum

356 911 456 975 socio
484 911 692 989 sacerdote,
719 920 753 974 et
781 926 862 973 cum
886 925 1025 974 summa
1050 907 1294 972 aedificatione
1318 915 1393 971 tam
1416 906 1582 989 Episcopi

354 1035 462 1099 quam
477 1018 596 1099 populi
611 1016 828 1098 aliquamdiu
842 1016 891 1081 ibi
905 1015 1040 1079 versati
1052 1015 1182 1079 bonam
1197 1012 1385 1078 Societatis
1403 1014 1582 1078 existima·

354 1126 487 1189 tionem
510 1142 555 1188 ne
575 1124 823 1188 detrimentum
841 1130 1022 1204 pateretur
1042 1122 1134 1185 illius
1152 1121 1356 1202 impostoris
1375 1138 1485 1203 opera
1504 1138 1582 1202 per·

354 1232 524 1297 fecerunt.
551 1231 597 1295 Et
617 1232 666 1295 ita
685 1231 876 1295 Lauretum
894 1230 1085 1294 redierunt.
1107 1229 1238 1293 Fuerat
1257 1236 1376 1293 autem
1394 1228 1452 1291 ille
1473 1229 1583 1310 impo-

356 1349 430 1404 stor
445 1340 634 1421 aliquando
649 1340 684 1403 in
700 1336 888 1403 societate.
1535 1359 1537 1361 ·

414 1446 485 1511 374.
528 1446 566 1511 Ρ.
583 1446 742 1527 Raphael
757 1446 904 1511 Hesium
918 1445 931 1477 ¹
946 1446 1074 1527 missus
1095 1445 1141 1510 ad
1161 1446 1267 1509 amici
1289 1443 1476 1525 cujusdam
1496 1461 1581 1509 uxo-

354 1572 429 1618 rem
455 1554 616 1633 graviter
641 1561 907 1632 aegrotantem,
932 1569 1005 1616 non
1028 1553 1079 1617 illi
1103 1554 1217 1617 solum
1243 1552 1521 1617 consolationem
1547 1561 1584 1616 et

354 1662 537 1743 spirituale
552 1662 721 1725 auxilium
737 1660 900 1739 contulit,
918 1659 980 1725 sed
995 1661 1132 1725 civitati
1146 1662 1211 1725 toti
1229 1660 1485 1725 aedificationis
1498 1662 1582 1725 mul·

353 1779 427 1832 tum
444 1768 621 1850 praebuit,
638 1785 729 1849 quae
749 1767 882 1848 aliquot
902 1767 1025 1832 diebus
1044 1784 1124 1832 eum
1142 1768 1294 1831 retinere
1314 1768 1451 1848 optavit
1469 1776 1505 1831 et
1523 1768 1581 1831 ob·

354 1876 470 1939 tinuit.
1056 1883 1059 1890 ’

414 1981 486 2045 375.
529 1980 690 2045 Marchio
716 1982 942 2061 Montisbelli,
968 1981 1013 2045 D.
1040 1980 1218 2047 Antonius
1241 1982 1382 2048 Caralia
1407 1980 1431 2063 ⁸,
1458 1982 1504 2046 ad
1527 1998 1581 2046 sa·

353 2108 451 2155 cram
465 2088 617 2154 Domum
631 2089 870 2153 Lauretanam
886 2090 1048 2168 veniens,
1069 2100 1212 2153 nostros
1230 2089 1276 2153 ad
1296 2105 1336 2153 se
1355 2089 1580 2154 salutandum

353 2197 563 2261 accedentes
588 2212 725 2261 summa
750 2196 986 2274 humanitate,
1007 2197 1115 2261 immo
1134 2205 1169 2260 et
1192 2196 1421 2261 veneratione
1440 2196 1580 2276 excepit

355 2306 450 2384 (nam
473 2304 603 2384 optime
627 2304 663 2367 in
688 2302 901 2368 Societatem
926 2302 1075 2367 affectus
1099 2302 1199 2384 erat),
1226 2312 1264 2366 ut
1288 2303 1349 2384 qui
1373 2302 1583 2384 spectabant

355 2411 461 2475 valde
494 2410 764 2476 admirarentur.
799 2408 935 2475 Similia
969 2410 1028 2474 alii
1057 2410 1126 2475 viri
1155 2411 1316 2492 primarii
1344 2409 1463 2475 lacere
1490 2410 1583 2474 soliti

354 2526 468 2583 erant.
1599 2594 1604 2604 Ι

413 2625 484 2690 376.
528 2624 745 2705 Recinatem‚
763 2624 807 2689 ad
821 2623 1005 2690 Auditoris
1021 2623 1193 2702 Camerae
1209 2626 1394 2706 auxilium,
1411 2625 1457 2690 ab
1471 2624 1583 2707 ipsius

352 2733 464 2797 fratre
479 2732 516 2797 P.
535 2731 724 2810 OliveriuS,
743 2731 882 2813 Rector,
899 2742 1071 2798 evocatus
1081 2733 1159 2813 fuit,
1174 2733 1235 2816 qui
1245 2731 1348 2813 iuxta
1362 2733 1581 2798 medicorum

351 2841 561 2905 sententiam
576 2839 681 2905 morti
695 2838 886 2904 admodum
905 2841 1043 2905 vicinus
1058 2851 1151 2922 erat,
1173 2843 1237 2906 sed
1255 2841 1338 2923 quia
1357 2841 1432 2923 jam
1450 2859 1579 2924 expers

352 2957 430 3012 erat
444 2965 624 3026 sensuum,
641 2963 767 3027 parum
782 2947 913 3012 ibidem
927 2957 1182 3028 commoratus,
1195 2949 1311 3013 rediit.

412 3055 482 3118 377.
526 3053 627 3118 Multi
651 3071 696 3117 ex
721 3054 863 3134 nostriS,
889 3056 981 3119 inter
1010 3073 1099 3137 quos
1122 3056 1230 3120 etiam
1250 3056 1455 3121 sacerdotes
1479 3065 1582 3120 erant
1625 3062 1632 3077 ‘

351 3161 704 3243 poenitentiariorum
725 3177 909 3226 numerum
933 3165 1083 3242 aucturi,
1106 3163 1300 3228 Lauretum
1313 3164 1383 3228 hoc
1408 3170 1578 3228 autumno

354 3269 452 3332 missi
477 3277 575 3346 sunt,
602 3269 693 3332 inter
717 3285 806 3348 quos
831 3267 895 3333 Dr.
922 3267 1145 3349 Augustinus
1169 3269 1261 3333 Riva
1280 3280 1315 3334 et
1335 3269 1374 3334 Ρ.
1394 3269 1476 3333 Pisa
1496 3267 1524 3349 ⁴,
1547 3278 1583 3334 et

354 3391 508 3456 graecae
524 3376 665 3454 linguae
686 3392 730 3438 ac
749 3375 952 3442 dialectices
967 3377 1027 3439 alii
1042 3377 1150 3458 aliqui
1163 3379 1420 3457 praelectores;
1433 3374 1584 3456 juvenes

355 3482 461 3546 etiam
477 3482 645 3559 nonnulli,
662 3481 848 3561 exquibus
867 3491 986 3546 tamen
1005 3500 1075 3546 non
1096 3484 1201 3564 pauci
1222 3485 1260 3548 in
1278 3483 1470 3548 adversam
1488 3485 1582 3547 vale·

351 3588 508 3653 tudinem
523 3588 733 3667 inciderunt;
751 3597 785 3652 et
800 3590 918 3669 quiea
939 3589 1163 3666 laborabant,
1184 3608 1256 3654 non
1276 3589 1467 3654 admodum
1487 3606 1583 3654 com·

352 3697 455 3761 mode
469 3713 512 3758 eo
526 3695 563 3758 in
578 3694 735 3776 Collegio
750 3697 871 3760 curari
884 3705 1067 3778 poterant;
1088 3697 1151 3760 vix
1169 3698 1263 3763 enim
1284 3715 1376 3778 quae
1397 3697 1444 3762 ad
1462 3698 1583 3761 cibum

351 3813 550 3884 opportuna
571 3812 704 3882 essent,
726 3803 937 3884 praesertim
961 3821 1043 3868 cum
1062 3803 1308 3868 abstinendum
1328 3812 1446 3869 erata
1466 3804 1581 3868 carni·

350 3912 427 3990 buS,
444 3909 726 3974 inveniebantur.
743 3909 902 3975 Medicus
917 3912 1025 3976 etiam
1045 3921 1119 3976 tam
1133 3912 1323 3992 religiosus
1340 3919 1437 3992 erat,
1459 3921 1497 3976 ut
1519 3912 1581 3975 vix

351 4033 497 4081 carnem
511 4017 780 4095 aegrotantibus
795 4018 880 4082 dare
897 4020 1015 4095 vellet,
1031 4029 1066 4083 et
1085 4018 1161 4100 ejus
1180 4019 1428 4084 auctoritatem
1448 4017 1582 4085 Guber-

351 4133 456 4188 nator
471 4124 695 4204 sequebatur;
712 4124 774 4188 sed
789 4125 992 4207 praedictus
1006 4125 1044 4190 P.
1062 4125 1154 4207 Pisa,
1170 4143 1217 4190 ex
1235 4126 1432 4191 medicinae
1448 4125 1581 4206 regulis

391 4403 398 4432 ¹
430 4399 581 4446 Emmanuel
591 4402 623 4446 de
634 4401 825 4459 Montemayor.

389 4473 400 4504 ¹
430 4471 493 4517 Vide
504 4473 625 4517 Litterae
634 4473 865 4526 Quadrinrastres,
874 4480 895 4518 t.
905 4486 941 4528 tv,
952 4487 1012 4532 pag.
1021 4475 1073 4519 580.

390 4543 402 4573 ⁸
429 4543 454 4588 Ie
465 4543 582 4589 Pontifici
594 4545 675 4588 Paulo
685 4544 723 4589 1v
734 4545 859 4600 sunnine
870 4548 1024 4602 conjunctus
1034 4555 1103 4592 erat.

390 4619 401 4650 ⁴
428 4615 466 4661 Dc
477 4614 538 4660 Dre.
549 4617 696 4672 Augustino
706 4617 737 4661 de
748 4616 815 4661 Ritu
830 4619 935 4673 saepiu·
947 4620 1001 4674 jam
1016 4620 1129 4664 occurrit
1144 4620 1240 4664 mentio
1252 4618 1280 4662 ln
1296 4619 1344 4662 boc
1359 4617 1495 4671 chromo,
1506 4623 1535 4664 nt
1549 4619 1581 4665 de

351 4687 430 4738 Patre
441 4688 574 4745 Alphonuo
582 4689 612 4734 de
624 4687 685 4734 Pisa
696 4689 720 4734 ln
731 4691 947 4746 praecedentibus
956 4691 1129 4737 voluminibus
1141 4701 1168 4735 ιν
1179 4697 1205 4734 et
1215 4701 1241 4735 v.
