3642 5350
791 426 856 488 Au.
878 427 949 488 1556
1431 431 1484 489 677

254 570 416 652 sophiam
431 582 533 636 erant
548 574 755 654 aggressuri
773 574 809 638 in
830 583 1016 654 autumno,
1039 589 1198 640 summae
1217 574 1391 657 quaedam
1412 573 1482 639 dia·

253 679 398 743 lecticas
412 681 476 744 sub
490 679 596 744 finem
609 682 757 746 aestatis
771 682 884 746 lectae
897 691 991 746 sunt.

313 786 406 851 2913.
447 786 564 852 Noctu
579 789 624 853 ad
638 790 809 853 sacellum
823 789 971 870 Collegii
986 808 1049 855 seu
1064 791 1252 856 ecclesiam
1267 790 1366 854 multi
1380 790 1481 854 scho-

253 894 371 960 lastici
385 903 420 958 et
434 896 494 959 alii
508 897 605 959 cives
619 913 665 960 ex
679 897 750 976 his,
773 897 833 978 qui
848 907 1072 962 sacramenta
1091 898 1376 979 frequentabant,
1399 914 1481 961 con·

254 1001 377 1065 venire
388 1002 482 1065 soliti
493 1013 605 1082 erant,
619 1013 654 1066 et
665 1004 817 1068 orationi
829 1014 864 1069 et
879 1005 1087 1088 disciplinae
1103 1002 1273 1086 [operam]
1286 1005 1477 1082 navabant;

252 1109 351 1190 prius
366 1110 507 1190 quidem
521 1111 557 1174 in
573 1110 763 1192 quamdam
775 1112 892 1175 aulam
904 1112 1174 1190 conveniebant,
1188 1112 1250 1176 sed
1264 1129 1375 1192 usque
1390 1112 1479 1175 adeo

253 1232 420 1280 numerus
435 1217 548 1281 crevit
563 1227 601 1281 ut
615 1228 650 1283 et
664 1219 783 1282 aulam
797 1228 833 1282 et
847 1217 1021 1300 capellam
1036 1228 1263 1298 occuparent.

314 1322 401 1387 1914.
444 1324 618 1390 Dominus
630 1325 787 1409 Joannes
807 1325 850 1389 de
869 1325 1034 1390 Cordoba
1052 1327 1120 1390 hac
1147 1325 1429 1406 Quadragesima
1444 1326 1480 1389 in

251 1448 354 1495 suum
365 1432 544 1513 oppidum,
554 1431 646 1496 Rute
657 1434 938 1512 nominatum,se
950 1433 1110 1513 contulit,
1121 1444 1158 1498 ut
1170 1451 1253 1498 suos
1265 1442 1299 1497 et
1310 1432 1479 1498 inviseret

251 1547 285 1602 et
299 1539 433 1604 eisdem
446 1539 731 1604 concionaretur.
752 1539 808 1603 Ex
828 1558 898 1621 quo
918 1543 1031 1605 nostri
1050 1542 1086 1604 in
1105 1558 1236 1605 novam
1256 1541 1398 1605 domum
1417 1540 1477 1603 rni-

250 1656 411 1726 grarunt,
437 1648 525 1711 satis
549 1649 689 1725 multos,
716 1648 842 1728 quibus
866 1648 1064 1729 spiritualia
1091 1649 1260 1713 exercitia
1285 1647 1477 1726 traderent,

250 1753 461 1818 habuerunt.
601 1766 603 1769 ·

308 1860 400 1925 2915.
443 1861 484 1925 In
506 1861 597 1926 festo
617 1860 700 1927 S.l⁸e
725 1863 953 1943 Catharinae,
976 1864 1033 1928 cui
1053 1872 1175 1928 nostra
1201 1864 1352 1927 ecclesia
1371 1879 1476 1926 sacra

250 1979 342 2048 erat,
372 1987 439 2051 pro
465 1987 530 2034 suo
557 1987 656 2034 more
678 1972 878 2052 Episcopus
902 1971 1048 2036 Missam
1076 1972 1268 2034 solemnem
1296 1970 1477 2034 celebrare

251 2077 382 2157 voluit,
403 2087 438 2140 et
457 2079 583 2142 concio
603 2095 682 2142 cum
702 2095 834 2158 magna
851 2079 1055 2143 auditorum
1074 2077 1317 2141 satisfactione
1336 2077 1402 2142 fuit
1416 2078 1476 2140 ha-

250 2185 333 2248 bita.
356 2183 528 2248 Invitavit
545 2195 664 2249 autem
683 2183 857 2249 Dominus
874 2186 1031 2269 Joannes
1046 2187 1082 2249 in
1097 2194 1219 2250 nostro
1235 2184 1394 2264 Collegio
1416 2185 1475 2248 ali·

249 2308 338 2374 quos
353 2293 459 2356 etiarn
476 2310 521 2356 ex
535 2293 769 2357 familiaribus
782 2293 961 2374 Episcopi,
978 2302 1012 2357 et
1026 2294 1179 2357 laetatus
1201 2301 1254 2355 est
1268 2291 1372 2355 valde
1396 2309 1476 2356 cum

248 2409 391 2464 nostros
405 2417 538 2478 omneS,
554 2399 779 2464 refectorium
794 2400 992 2480 implentes,
1006 2400 1153 2464 videret.

306 2506 398 2571 2916.
441 2505 652 2600 Aedificium
667 2507 886 2587 scholarum,
903 2506 997 2587 quod
1013 2508 1213 2571 absolutum
1233 2523 1306 2570 non
1321 2516 1398 2570 erat
1412 2507 1475 2570 ini·

248 2615 297 2680 tio
315 2614 420 2696 hujus
440 2615 535 2693 anni,
558 2614 746 2694 diligenter
766 2615 971 2695 promoveri
991 2615 1119 2695 coepit,
1142 2614 1306 2695 quamvis
1331 2613 1475 2694 impedi·

247 2732 367 2787 menta
381 2723 418 2787 in
433 2740 627 2804 progressu
641 2710 785 2804 propter
800 2722 1005 2787 exactiones
1026 2722 1135 2802 Regis
1156 2722 1370 2803 patiebatur,
1392 2738 1476 2785 nam

248 2831 413 2911 expensis
428 2831 583 2895 civitatis
597 2830 713 2894 fiebat.

307 2938 398 3002 2917.
442 2923 757 3017 Conquerebantur
783 2948 902 3001 autem
918 2938 1157 3002 cordubenses
1176 2936 1270 3018 quod
1294 2933 1351 3016 [D.
1371 2934 1476 3017 Joan-

247 3045 322 3127 nes]
338 3064 407 3110 non
423 3046 629 3126 impetraret
644 3064 665 3109 a
680 3044 844 3126 Principe
858 3045 997 3127 Joanna
1013 3047 1106 3109 bona
1120 3044 1307 3125 quaedam,
1323 3060 1414 3124 quae
1429 3043 1473 3107 ci·

247 3153 341 3218 vitas
366 3154 511 3235 optabat
536 3152 581 3216 ad
606 3153 674 3216 hoc
699 3169 787 3233 opus
814 3152 1082 3217 absolvendum.
1108 3152 1267 3216 Parietes
1291 3151 1357 3215 sub
1371 3149 1476 3214 finem

246 3262 392 3326 aestatis
404 3260 448 3323 ad
460 3259 643 3340 fastigium
654 3260 815 3341 perducti
826 3270 940 3339 erant,
950 3270 984 3323 et
996 3260 1086 3324 labri
1098 3260 1241 3341 lignarii
1253 3259 1299 3323 ad
1310 3276 1372 3323 eos
1384 3268 1475 3321 tecto

244 3368 455 3450 operiendos
470 3367 630 3432 sedulam
646 3384 793 3448 operam
807 3367 951 3432 dabant.
971 3366 1017 3431 Et
1037 3368 1125 3432 haec
1147 3368 1189 3431 de
1209 3366 1369 3446 Collegio
1391 3364 1474 3430 Cor·

246 3477 404 3542 dubensi.

540 3879 604 3945 DE
626 3878 859 3945 COLLEGIO
881 3875 1181 3944 GRANATENSI

304 4228 398 4294 2918.
441 4228 601 4294 Venerat
615 4230 681 4293 sub
695 4228 801 4293 finem
816 4227 963 4292 aestatis
977 4226 1061 4289 anni
1076 4224 1258 4306 praeteriti
1271 4223 1309 4288 Ρ.
1328 4222 1472 4288 Provin-

244 4339 346 4403 cialis
366 4338 597 4403 Bustamante
617 4348 651 4401 et
674 4336 712 4402 P.
732 4337 900 4417 Basilius,
923 4336 982 4417 qui
1002 4330 1232 4417 [Alphonsus]
1254 4332 1360 4397 Avila
1374 4332 1472 4412 prius

244 4446 445 4526 dicebatur;
466 4457 501 4509 et
519 4444 558 4509 P.
584 4444 737 4509 Basilius
756 4461 887 4523 magno
906 4460 987 4507 cum
1008 4458 1184 4506 concursu
1200 4438 1416 4517 concionari,
1437 4448 1472 4502 et

246 4572 327 4619 cum
343 4570 472 4635 magna
486 4553 666 4617 hominurn
681 4552 930 4631 commotione,
946 4560 1125 4630 coeperat,
1143 4557 1176 4612 et
1196 4547 1269 4612 fere
1285 4557 1358 4612 tota
1375 4546 1470 4611 nobi-

244 4663 325 4727 litas
343 4680 424 4727 eum
439 4662 667 4742 sequebatur,
688 4671 723 4723 et
742 4676 873 4739 magna
889 4657 1016 4723 messis
1033 4656 1299 4722 confessionum
1319 4664 1353 4720 et
1372 4653 1470 4735 spiri-
