3642 5350
376 351 431 421 51⁴2
839 355 966 418 Cuuou.
987 355 1065 417 Soc.
1084 357 1155 430 Jus.

437 507 528 571 2218.
572 507 693 571 Puella
708 507 814 570 etiam
831 505 1023 587 quaedam,
1039 521 1131 586 quae
1146 489 1218 568 no'n
1229 503 1339 567 animi
1353 503 1531 585 pravitate
1546 503 1609 574 sed

378 615 486 679 nimia
497 623 667 696 egestate,
681 631 751 696 qua
762 614 840 695 ipsa
854 623 889 677 et
903 621 1070 694 parentes
1081 611 1157 693 ejus
1167 611 1261 676 fame
1273 612 1420 693 perituri
1431 612 1499 676 sibi
1511 610 1608 683 vide,-

377 724 518 802 bantur,
534 722 748 802 impudentis
760 718 946 802 cujusdam
957 720 1154 784 sacerdotis
1166 719 1330 800 precibus
1344 719 1606 800 acquiescebat,

378 838 575 912 opportune
592 848 613 894 a
628 829 759 892 nostris
775 826 896 908 adjuta
914 835 985 904 est,
1009 835 1047 891 ut
1069 827 1139 890 alia
1161 826 1311 891 honesta
1331 826 1469 890 ratione
1487 826 1606 891 sibiet

377 938 585 1020 parentibus
599 937 734 1001 victum
752 944 908 1016 pararet.

437 1043 529 1108 2219.
573 1042 752 1123 Conjectis
776 1043 1016 1107 incurrerem
1043 1042 1326 1106 misericordiam
1348 1043 1455 1106 etiam
1475 1044 1607 1123 impen-

376 1152 515 1229 deruut,
528 1159 648 1215 ettam
668 1151 844 1230 spirituali
859 1167 966 1230 quam
981 1149 1161 1230 corporali
1178 1149 1257 1212 cibo
1274 1149 1477 1230 indigentes
1491 1150 1604 1215 suble·

375 1267 518 1324 varunt.
545 1260 632 1323 Erat
661 1268 780 1322 autem
803 1275 845 1322 eo
878 1275 972 1321 anno
998 1273 1129 1336 magna
1155 1275 1319 1321 annonae
1349 1258 1503 1337 caritas,
1536 1273 1607 1337 qua

375 1369 483 1430 etiam
504 1365 651 1429 ditiores
673 1366 935 1446 premebantur.
959 1364 1042 1429 ldeo
1067 1381 1139 1427 non
1164 1366 1279 1428 solum
1302 1366 1502 1429 rudimenta
1525 1364 1607 1429 fidei

376 1492 437 1538 eos
466 1473 657 1552 docebant,
683 1481 717 1538 et
744 1472 789 1537 ad
814 1481 1078 1537 sacramentum
1105 1471 1340 1536 consessionis
1368 1473 1602 1551 adducebant,

376 1582 438 1646 sed
468 1581 513 1644 ad
542 1581 676 1644 victum
705 1579 813 1644 etiam
846 1581 1093 1659 eleemosynas
1121 1578 1173 1642 eis
1201 1580 1403 1660 curabant3
1437 1579 1603 1660 quamvis

376 1691 444 1753 hoc
474 1707 567 1751 anno
592 1689 698 1752 etiam
723 1687 835 1751 nostri
860 1688 896 1749 in
911 1703 976 1750 suo
1002 1685 1161 1764 Collegio
1182 1695 1445 1768 paupertatem,
1474 1686 1606 1768 alioqui

376 1797 494 1860 multis
513 1813 751 1868 communem,
768 1795 1032 1874 experirentur,
1053 1811 1119 1856 nec
1141 1793 1327 1873 hospitalis
1342 1812 1538 1876 pauperum
1555 1796 1604 1857 in·

374 1905 477 1968 terim
493 1903 606 1967 nostri
621 1902 719 1966 obliti
733 1901 876 1965 suerunt
895 1901 915 1964 ¹.

431 2011 522 2076 2220.
566 2010 632 2074 His
647 2010 844 2074 rationibus
859 2009 1086 2089 efficiebatur,
1102 2019 1141 2074 ut
1155 2010 1327 2074 valentini
1341 2008 1532 2073 Societatis
1545 2026 1606 2072 no·

373 2129 469 2183 strae
485 2115 733 2181 studiosissimi
747 2115 981 2195 efficerentur;
997 2127 1031 2180 et
1046 2117 1166 2198 aliqui,
1183 2117 1309 2197 quibus
1324 2116 1475 2180 instituti
1492 2117 1604 2180 nostri

373 2227 464 2291 ratio
484 2242 555 2288 non
577 2225 812 2304 probabatur,
834 2223 894 2304 qui
914 2241 958 2286 ne
980 2224 1178 2288 maledictis
1196 2222 1338 2303 quidem
1360 2223 1604 2286 acerbioribus

372 2333 548 2396 interdum
563 2331 772 2412 parcebant;
790 2332 841 2394 sic
856 2333 1069 2395 sententiam
1084 2334 1280 2409 mutarunt,
1295 2340 1349 2410 ut,
1365 2330 1485 2394 oblata
1501 2347 1603 2393 orca·

372 2442 471 2504 sione
496 2448 531 2503 et
559 2438 736 2502 interdum
757 2438 865 2501 etiam
886 2439 1064 2519 quaesita,
1087 2446 1229 2502 nostros
1249 2439 1329 2518 plus
1349 2454 1462 2517 aequo
1482 2437 1603 2501 lauda·

372 2557 462 2613 rent.
476 2545 766 2628 Consequebatur
782 2554 901 2609 autern
916 2563 961 2609 ex
975 2545 1043 2609 hac
1057 2547 1306 2609 benevolentia
1321 2545 1466 2623 civium,
1479 2553 1530 2621 ut,
1544 2545 1604 2625 qui

371 2656 408 2719 in
429 2653 574 2736 aliquod
595 2652 785 2717 discrimen
805 2651 949 2717 adducti
968 2661 1105 2732 essent,
1126 2651 1172 2717 ad
1193 2661 1394 2717 nostrorum
1418 2650 1601 2716 orationes

373 2763 620 2842 confugerent,
634 2770 668 2825 et
685 2759 825 2841 quidvis
840 2776 902 2839 per
917 2777 980 2822 eas
1000 2778 1038 2823 se
1057 2760 1310 2841 impetraturos
1330 2767 1526 2840 sperarent.
1544 2758 1602 2822 Ad

373 2868 617 2949 componenda
633 2868 739 2930 etiam
754 2867 900 2930 dissidia
915 2866 1005 2930 inter
1021 2865 1231 2946 conjugatos
1245 2875 1280 2930 et
1295 2867 1399 2943 alioS,
1416 2876 1451 2929 et
1466 2866 1513 2930 ad
1527 2882 1602 2944 eos,

372 2978 432 3057 qui
457 2976 563 3039 morti
586 2974 695 3037 vicini
715 2962 831 3052 erant,
854 2971 1091 3053 adjuvandos,
1113 2990 1286 3054 persaepe
1310 2975 1424 3037 nostri
1446 2989 1603 3037 accerse·

372 3084 517 3160 bantur;
534 3091 569 3145 et
583 3082 688 3162 pauci
703 3090 806 3143 erant
821 3098 865 3143 ex
881 3080 952 3158 his,
969 3081 1030 3162 qui
1045 3090 1196 3145 mortem
1215 3080 1282 3144 sibi
1304 3080 1487 3144 imminere
1506 3078 1604 3142 intel·

371 3190 537 3268 ligerent,
555 3190 616 3269 qui
636 3196 837 3251 nostrorum
857 3205 960 3269 opem
979 3206 1051 3252 non
1073 3190 1318 3268 implorarent;
1340 3188 1447 3251 immo
1468 3186 1603 3251 accide-

371 3297 445 3374 bat,
465 3295 712 3359 assistentibus
728 3294 807 3357 aliis
820 3294 1016 3373 religiosis,
1034 3303 1177 3359 nostros
1192 3293 1419 3358 nihilominus
1434 3293 1602 3358 accersiri

371 3414 405 3467 et
417 3400 672 3482 jucundissime
687 3402 815 3481 excipi,
830 3402 932 3482 quasi
944 3411 1028 3465 tunc
1041 3401 1181 3465 demum
1194 3401 1313 3465 omnia
1325 3400 1475 3465 feliciter
1486 3411 1600 3465 trans·

371 3510 502 3590 igenda
522 3517 718 3590 sperarent.

430 3616 521 3681 2221.
565 3616 605 3680 In
617 3616 879 3680 calamitatibus
893 3616 1001 3679 etiam
1017 3617 1108 3695 aliiS,
1124 3616 1170 3679 ad
1185 3624 1328 3679 nostros
1344 3616 1477 3696 passim
1492 3614 1600 3678 homi·

370 3743 435 3789 nes
449 3725 654 3797 veniebant;
672 3732 707 3787 et
722 3733 800 3803 post
820 3723 975 3787 divortia
988 3723 1099 3802 sacta,
1121 3723 1251 3787 accidit
1269 3733 1473 3787 nostrorum
1493 3739 1602 3803 opera

369 3832 542 3913 conjuges
557 3833 593 3895 in
608 3840 767 3895 mutuam
782 3832 939 3912 gratiam
953 3840 988 3894 et
1002 3830 1302 3895 cohabitationem
1313 3828 1441 3895 redire.

371 3975 584 3989 ...αι-

411 4038 419 4069 ¹
448 4010 502 4081 “fin
516 4042 572 4081 este
586 4040 637 4080 alto
651 4038 754 4081 sucedlo
769 4048 822 4079 vna
837 4037 946 4081 humbre
961 4047 1021 4092 muy
1037 4036 1135 4089 grande
1146 4046 1178 4077 eu
1189 4036 1215 4077 la
1226 4034 1324 4079 Cludad
1335 4048 1352 4089 y
1363 4034 1453 4091 Reyno
1463 4035 1494 4078 de
1505 4034 1600 4078 Valen-

369 4110 421 4163 cia,
431 4108 462 4152 de
471 4108 546 4152 modo
557 4120 606 4163 que
616 4110 709 4154 mucha
719 4116 796 4163 gente
808 4110 947 4155 miserable
957 4110 1041 4151 moria
1051 4106 1127 4159 della:
1139 4112 1224 4163 yeste
1233 4107 1385 4151 neceasided
1395 4114 1440 4150 tan
1449 4106 1604 4163 epretaday

369 4188 415 4225 tan
430 4186 543 4225 estrema
557 4182 644 4233 obligo
655 4184 671 4224 a
682 4182 720 4225 los
734 4180 871 4234 Jurados...
883 4182 898 4223 rt
909 4190 958 4233 que
970 4185 1101 4223 trutassen
1111 4177 1143 4221 de
1157 4179 1237 4232 aigun
1247 4179 1438 4223 treeordluario
1450 4175 1574 4231 remedio;
1586 4189 1604 4231 y

369 4259 443 4297 entre
453 4258 525 4297 otrus
534 4253 656 4297 tuvleron
666 4263 713 4306 por
724 4253 775 4296 mul
786 4252 956 4296 conveniente
971 4262 1019 4303 que
1030 4251 1054 4293 el
1064 4249 1093 4293 P.
1111 4249 1194 4303 Dlego
1204 4248 1287 4293 erou
1296 4249 1381 4293 inesse
1392 4260 1439 4303 por
1449 4251 1487 4293 los
1497 4249 1604 4301 lagares

369 4323 411 4367 del
426 4323 524 4379 Reyno,
540 4323 659 4377 pldlendo
674 4327 690 4367 a
705 4324 731 4367 la
745 4328 822 4378 gente
837 4323 893 4366 rlca
908 4321 1018 4364 limosus
1032 4322 1238 4375 pontoponto:
1249 4332 1266 4374 y
1276 4319 1606 4365 comolaneceseldedere

370 4400 415 4438 tan
427 4394 555 4447 evidente,
567 4406 583 4449 y
593 4396 617 4439 el
628 4406 676 4449 que
686 4396 712 4439 la
721 4400 908 4449 representare
917 4392 949 4435 de
957 4392 1051 4436 mucha
1058 4392 1206 4441 auturldad,
1217 4404 1235 4447 y
1245 4392 1433 4448 reputaclou,y
1444 4392 1563 4435 deetreza
1573 4402 1606 4435 en

367 4468 445 4521 uquel
456 4466 599 4510 ministerio
609 4476 656 4519 por
666 4478 695 4509 su
706 4466 800 4510 mucha
809 4464 936 4509 cheridad
946 4475 963 4520 y
973 4463 1143 4517 compressior,
1154 4464 1258 4512 recocto
1268 4474 1320 4507 uua
1338 4465 1422 4507 burna
1437 4462 1560 4507 cantldad
1571 4462 1605 4506 de

369 4536 479 4579 limosnu
490 4547 537 4579 con
547 4548 595 4591 qne
606 4548 633 4580 se
645 4536 807 4581 remediarou
818 4536 923 4579 mucbos
931 4535 1047 4589 peotes„
1057 4533 1191 4587 Atvnuuz,
1200 4532 1273 4576 Htst.
1282 4544 1328 4577 ms.
1338 4532 1371 4577 de
1378 4533 1406 4577 la
1416 4532 1560 4577 Provincia
1570 4532 1605 4576 rie

370 4605 487 4660 aragon,
497 4606 523 4652 S.
534 4606 566 4659 J.,
576 4613 594 4651 t.
606 4618 622 4661 t,
633 4618 694 4662 pag,
708 4606 756 4651 500.
