3642 5350
758 406 822 464 Au.
845 405 915 464 1556
1396 408 1451 468 ‹193

217 568 310 629 rum,
328 550 387 630 qui
402 567 482 613 cum
497 551 617 613 latinis
632 565 764 628 graeca
780 547 996 629 conjungere
1012 549 1172 614 debebat.
1190 549 1374 616 Secundae
1390 571 1449 618 au·

217 668 289 722 tem
304 657 475 739 praefecit
490 655 530 721 P.
546 656 733 722 Nicolaum
748 655 1005 734 Paradensem,
1028 674 1135 737 quem
1149 659 1286 738 primae
1308 660 1450 740 quidem

219 765 331 829 voluit
345 763 549 846 praeficere,
566 763 629 826 sed
644 764 701 826 ille
717 763 752 826 id
767 772 1014 843 recusaverat,
1037 772 1071 827 et
1083 763 1156 845 jam
1177 777 1252 829 tum
1265 767 1451 846 negotium

220 872 351 936 nostris
371 871 551 936 facessere
576 879 754 951 coeperat.
771 869 862 933 Aliis
883 879 1004 933 autem
1024 872 1199 935 classibus
1223 874 1448 938 Ludovicum

221 977 486 1056 Gierardinum,
502 978 675 1061 jacobum
691 975 877 1040 Morellum
896 986 931 1040 et
946 976 1159 1042 Oliverium:
1175 980 1224 1058 (hi
1244 979 1314 1044 duo
1334 981 1452 1044 ultimi

220 1085 367 1151 Parisiis
382 1087 483 1150 missi
498 1085 650 1164 fueraut)
665 1098 685 1147 ¹.

280 1193 371 1258 2128.
415 1192 558 1258 Patrem
581 1192 723 1273 quidem
741 1191 1000 1272 Hieronymum
1019 1191 1183 1256 Bassium
1202 1195 1328 1258 tertiae
1343 1197 1452 1261 classi

221 1299 414 1382 praeficere
429 1300 650 1379 decreverat;
665 1299 729 1363 sed
743 1299 827 1379 quia
850 1299 886 1361 in
907 1297 1188 1364 confessionibus
1203 1309 1238 1364 et
1257 1301 1293 1365 in
1314 1303 1451 1384 praedi·

219 1408 359 1473 catione
372 1407 555 1488 perutilem
568 1423 715 1488 operam
729 1407 859 1486 populo
872 1405 1042 1486 navabat,
1055 1423 1135 1470 eum
1149 1408 1194 1471 ab
1205 1425 1312 1472 onere
1324 1410 1453 1474 docen-

219 1516 287 1579 dae
299 1513 496 1595 juventutis
511 1513 769 1578 sublevandum
790 1513 968 1577 censebat.

281 1621 373 1686 2120.
417 1621 455 1686 Ρ.
481 1620 637 1686 Roberto
662 1637 789 1684 sacrae
818 1621 1019 1700 scripturae
1047 1628 1082 1683 et
1109 1621 1217 1684 etiam
1242 1623 1453 1689 dialecticae

222 1730 411 1794 lectionem
425 1729 613 1806 commisit,
626 1736 661 1791 et
676 1727 841 1808 quamvis
851 1727 1135 1808 philosophicam
1146 1729 1334 1793 lectionem
1345 1748 1453 1795 cano·

222 1836 294 1900 nici
315 1837 552 1916 requirebant,
580 1835 796 1916 significavit
821 1835 873 1898 eis
895 1850 960 1897 suo
983 1843 1142 1915 tempore
1166 1853 1244 1899 eam
1263 1838 1451 1902 lectionem

221 1942 495 2024 praelegendam
510 1960 588 2006 esse
602 1961 610 2022 ς
634 1943 697 2006 sed
712 1960 754 2006 eo
770 1941 911 2022 quidem
931 1950 1089 2022 tempore
1109 1941 1290 2007 auditores
1304 1944 1453 2010 idoneos

220 2049 266 2112 ad
282 2049 379 2114 illam
392 2051 508 2114 nullos
523 2049 664 2131 quidem
680 2065 769 2112 esse.

278 2157 370 2222 2130.
414 2155 1178 2236 Curavitetiamlibrosnecessariospartim
1187 2156 1452 2238 Bigliomi,par·

220 2265 283 2328 tim
303 2264 470 2344 Lugduni
485 2263 670 2328 emendos:
687 2263 787 2341 alios,
804 2262 849 2325 ab
864 2261 1042 2342 Episcopo
1056 2269 1091 2325 et
1111 2262 1236 2325 amicis
1250 2272 1373 2328 mutuo
1394 2282 1452 2328 ac-

219 2383 354 2453 1111105,
370 2370 408 2434 Ρ.
425 2371 601 2435 Robertus
612 2368 685 2451 jam
700 2369 872 2447 habebat;
888 2367 1079 2432 cathedras
1099 2368 1207 2431 etiam
1222 2377 1256 2432 et
1276 2370 1400 2434 sedilia
1415 2371 1453 2435 in

219 2480 392 2544 classibus
414 2479 535 2560 parari
554 2477 673 2558 jussit;
696 2488 731 2541 et
753 2487 828 2541 tum
850 2476 991 2538 demum
1006 2474 1166 2538 Parisios
1184 2475 1368 2557 profectus
1385 2489 1451 2557 est,

218 2586 278 2649 ubi
296 2584 369 2665 jam
385 2585 610 2650 convaluisse
631 2584 669 2648 Ρ.
691 2583 925 2647 Paschasium
939 2582 1086 2660 invenit,
1111 2590 1146 2644 et
1169 2599 1251 2646 cum
1274 2583 1452 2664 Episcopo

219 2693 498 2759 Claramontano
526 2694 569 2757 de
597 2694 703 2756 rebus
730 2691 892 2756 omnibus
918 2689 964 2754 ad
989 2690 1227 2771 Bigliomense
1253 2690 1451 2772 Collegium

219 2803 465 2883 spectantibus
480 2802 640 2880 contulit;
655 2818 721 2864 nec
737 2801 852 2863 solum
862 2798 905 2862 de
917 2798 1025 2861 rebus
1035 2798 1250 2861 necessariis
1265 2807 1340 2861 tum
1355 2816 1448 2863 com·

218 2910 398 2989 parandiS,
416 2918 449 2972 et
466 2909 509 2972 de
524 2908 675 2989 pecunia
694 2906 796 2970 statis
819 2905 1037 2985 temporibus
1057 2904 1275 2984 assignanda
1291 2903 1336 2968 ad
1357 2923 1454 2970 sum·

218 3025 299 3096 ptus
313 3016 500 3081 duodecim
521 3032 753 3095 personarum
773 3022 808 3076 et
828 3012 1064 3089 correctoris;
1086 3012 1150 3075 sed
1171 3011 1279 3075 etiam
1294 3011 1337 3076 de
1352 3013 1451 3078 do‘ta·

218 3122 313 3186 tione
327 3133 498 3204 perpetua
514 3120 672 3200 ejusdem
695 3120 845 3199 Collegii
867 3136 945 3183 rem
966 3119 1158 3198 transegit,
1174 3128 1209 3183 et
1224 3121 1345 3183 omnia
1360 3139 1453 3202 quae

217 3230 439 3310 petebantur,
455 3230 653 3310 Episcopus
667 3246 706 3291 se
720 3227 897 3290 facturum
914 3226 1088 3306 promisit.

277 3336 368 3401 2131.
412 3336 584 3417 Quamvis
600 3335 637 3399 P.
655 3335 760 3399 Viola
781 3352 861 3398 cum
882 3350 1014 3413 magna
1032 3334 1208 3414 parcitate
1230 3334 1349 3397 omnia
1371 3352 1454 3399 con·

217 3444 369 3509 ficienda
384 3444 627 3523 existimabat,
644 3444 675 3507 si
690 3454 808 3506 tamen
823 3440 973 3521 Collegii
994 3440 1246 3520 Bigliomensis
1265 3458 1455 3506 successus

218 3553 333 3616 bonus
347 3562 452 3629 esset,
469 3552 539 3615 alia
554 3551 705 3630 collegia
721 3551 757 3613 in
772 3548 889 3613 Gallia
905 3548 1157 3611 constituenda
1177 3548 1245 3611 sibi
1264 3550 1454 3628 persuade·

219 3659 299 3737 bat;
326 3659 389 3723 sed
403 3658 590 3723 debiliores
605 3675 684 3722 esse
699 3666 841 3721 nostros
857 3658 1028 3734 lectores,
1055 3672 1163 3735 quam
1179 3655 1254 3736 ipse
1268 3656 1453 3731 voluisset,

218 3767 340 3831 scribit
355 3784 362 3845 ;
389 3767 419 3830 si
434 3766 643 3847 praesertim
657 3781 739 3828 cum
753 3764 822 3828 illis
837 3771 1144 3843 compararentur,
1161 3764 1222 3842 qui
1240 3762 1378 3825 litteras
1398 3762 1454 3827 Bi-

218 3874 344 3953 gliomi
369 3883 451 3937 ante
470 3884 674 3937 nostrorum
700 3870 892 3936 adventum
918 3870 1070 3952 professi
1096 3878 1209 3933 erant.
1241 3868 1342 3949 Quae
1371 3869 1452 3932 ideo

218 3981 369 4061 attingo,
387 3989 424 4044 ut
438 3980 505 4045 Dei
520 3978 756 4060 providentia,
773 3987 917 4042 nostros
932 3977 1092 4041 defectus
1107 3977 1313 4057 supplentis,
1328 3993 1452 4039 cerna·

217 4098 290 4167 tur,
311 4106 394 4153 nam
419 4088 618 4152 studiorum
639 4102 827 4150 successus
846 4102 995 4166 prosper
1021 4082 1230 4162 admodum,
1256 4082 1334 4147 Deo
1355 4082 1453 4163 adju·

216 4205 337 4275 vante,
354 4195 431 4261 fuit.

276 4304 367 4369 2132.
411 4303 630 4384 Properabat
656 4311 775 4365 autem
790 4302 882 4365 idem
898 4300 936 4363 Ρ.
954 4300 1114 4381 Baptista
1129 4298 1312 4378 Violaeus,
1328 4298 1451 4378 rebuS,

217 4420 363 4493 propter
374 4429 464 4493 quas
474 4419 632 4490 venerat,
646 4409 794 4474 Parisiis
805 4408 993 4490 expeditis,
1003 4407 1215 4487 Bigliomum
1227 4414 1310 4469 ante
1321 4404 1454 4470 festum

261 4581 269 4616 ¹
298 4582 448 4626 Adventum
458 4580 488 4625 P.
497 4580 575 4625 Viola
586 4585 612 4623 et
623 4590 729 4623 munera
739 4577 818 4623 sociis
829 4580 854 4623 in
866 4576 983 4632 collegio
992 4576 1241 4622 attributanurrnnt
1250 4574 1374 4620 Litterae
1385 4572 1445 4627 Qua

220 4653 392 4707 «trimestres,
401 4660 420 4699 t.
431 4665 467 4705 iv.
479 4664 540 4709 pag.
549 4652 601 4697 tto.
