3642 5350
812 408 877 467 Art.
898 407 969 467 1556
1450 408 1505 469 807

271 559 306 615 et
319 552 506 618 visendum
520 553 586 619 suit
601 554 757 619 studium
776 552 960 636 enjusdam
975 557 1082 637 senia,
1098 556 1169 639 qui,
1187 556 1358 647 cumipse
1379 556 1504 621 venire

272 676 343 725 non
357 671 478 742 posset
492 661 566 727 suis
580 662 745 744 pedibuS,
761 662 891 727 deferri
905 679 944 727 se
958 672 1079 728 tamen
1094 682 1119 727 a
1133 663 1209 729 suis
1222 662 1364 728 famulis
1385 663 1504 745 singu·

272 767 317 832 lis
330 767 516 835 dominicis
530 779 565 835 et
577 770 678 835 sestis
693 769 817 835 diebus
832 769 877 833 ad
892 773 1063 853 templum
1074 771 1231 853 jubebat.

332 872 425 939 3457.
467 876 507 941 In
521 875 768 943 sacerdotibus
782 878 891 943 etiam
905 876 982 958 ejus
993 879 1091 943 urbis
1105 879 1170 944 suit
1181 879 1412 943 commutatio
1422 896 1503 944 con·

273 991 408 1065 secuta3
423 983 495 1066 qui,
513 1002 595 1049 cum
609 986 709 1067 prius
724 985 761 1049 in
780 986 1023 1051 contractibus
1044 1003 1170 1067 pamm
1184 985 1301 1067 licitis,
1318 1004 1384 1068 pro
1404 1003 1503 1051 more

273 1090 520 1169 saecularium,
535 1088 683 1175 [versati
694 1090 854 1173 luissent,
867 1092 994 1157 deinde
1005 1093 1050 1156 ab
1061 1090 1143 1175 illis]
1154 1110 1227 1157 non
1238 1094 1353 1157 solum
1363 1092 1503 1159 destite-

273 1207 367 1278 runt,
384 1197 447 1262 sed
459 1198 602 1280 ipsimet
616 1199 845 1264 declararunt
860 1199 948 1265 nihil
958 1217 1009 1279 se,
1021 1200 1091 1264 nisi
1102 1198 1198 1282 quod
1207 1199 1313 1264 valde
1321 1198 1417 1280 juste
1425 1218 1504 1283 pos·

273 1313 363 1386 sent,
380 1306 609 1373 emolumenti
623 1307 715 1371 velle
728 1305 871 1371 aliunde
883 1324 1025 1389 capere.
1419 1315 1424 1323 “

333 1410 426 1477 3458.
469 1410 622 1495 Quidam
634 1414 724 1479 alins
736 1416 969 1479 concionator
980 1422 1059 1479 erat
1069 1414 1269 1496 Malachae,
1284 1432 1366 1480 cum
1375 1414 1413 1480 P.
1427 1416 1504 1481 Bal·

273 1520 395 1586 thasar
410 1538 453 1586 eo
468 1521 646 1603 pervenit;
669 1522 731 1587 sed
751 1521 915 1603 quamvis
933 1531 1123 1603 rogaretur
1141 1531 1181 1586 ut
1199 1522 1401 1587 alternatim
1422 1539 1504 1588 cum

272 1627 350 1710 ipso
365 1628 402 1693 in
416 1645 554 1693 summo
573 1628 704 1710 templo
721 1626 728 1659 ¹
745 1628 1035 1707 concionaretur,
1057 1629 1126 1693 hoc
1149 1647 1243 1695 anno
1262 1629 1299 1694 id
1318 1638 1503 1711 praestare

275 1736 468 1817 recusavit,
489 1745 524 1801 et
543 1737 594 1801 ita
611 1738 708 1802 solus
728 1735 766 1801 P.
787 1735 977 1801 Baithasar
995 1737 1221 1802 ecclesiastes
1234 1754 1380 1802 munere
1403 1737 1504 1819 fungi

274 1842 405 1908 debuit.

332 1949 426 2015 3459.
468 1952 554 2018 Post
576 1953 765 2034 prandium
787 1969 873 2017 vero
894 1940 1081 2018 dominicis
1102 1952 1226 2017 diebus
1240 1967 1284 2016 ac
1302 1952 1405 2017 sestis
1422 1970 1504 2018 cum

274 2058 509 2125 tintinnabulo
523 2077 588 2142 per
603 2061 682 2125 vias
696 2060 895 2141 incedebat,
908 2068 944 2124 et
955 2076 1085 2142 pueros
1096 2076 1139 2123 ac
1154 2060 1289 2141 puellas
1303 2059 1408 2124 simui
1422 2077 1503 2125 cum

275 2168 393 2231 multis
406 2165 536 2233 adultis
548 2168 779 2233 christianam
789 2166 989 2232 doctrinam
1001 2183 1062 2230 eos
1073 2165 1255 2245 edocebat;
1265 2182 1373 2248 quam
1382 2175 1502 2231 tamen

275 2283 312 2338 ut
327 2273 537 2356 explicaret,
554 2274 614 2337 ubi
625 2273 699 2355 J’am
713 2276 843 2339 multos
858 2282 1156 2355 congregaverat,
1171 2273 1208 2337 in
1223 2274 1378 2355 aliquam
1392 2275 1501 2338 eccle-

273 2382 364 2447 siam
378 2398 440 2446 eos
459 2381 667 2447 deducebat.
688 2381 791 2463 Quod
810 2380 930 2446 autem
948 2380 1118 2463 temporis
1139 2390 1339 2462 supererat,
1359 2390 1502 2462 praeter

273 2489 428 2554 studium
439 2489 618 2570 privatum
631 2486 674 2553 ad
685 2490 927 2570 proximorum
939 2488 1260 2566 utilitatem,variis
1270 2489 1307 2552 in
1318 2489 1425 2553 rebus
1436 2486 1501 2571 [se]

274 2597 476 2661 exercebat:
496 2606 725 2679 aegrotantes
744 2597 781 2661 in
800 2595 1033 2661 xenodochiis
1051 2604 1086 2659 et
1104 2594 1255 2678 privatis
1270 2596 1432 2660 domibus
1451 2596 1502 2660 in·

274 2705 424 2785 visebat,
445 2705 620 2770 amicitias
638 2705 730 2770 inter
752 2703 935 2771 discordes
953 2703 1177 2782 conciliabat,
1194 2711 1229 2767 et
1251 2703 1296 2767 ad
1318 2702 1501 2769 custodias

276 2812 446 2893 publicas,
462 2811 508 2876 ad
522 2813 725 2878 vinctorum
738 2821 800 2876 aut
814 2811 862 2876 ibi
880 2811 1105 2875 detentorum
1123 2809 1305 2891 auxilium,
1327 2829 1366 2875 se
1387 2810 1501 2876 coufe-

274 2920 387 2983 rebat.

333 3026 424 3092 3460.
468 3025 589 3110 Aliqui
608 3036 832 3092 sacramenta
848 3035 978 3090 octavo
992 3041 1133 3107 quoque
1148 3024 1205 3089 die
1214 3024 1499 3106 frequentabant:

274 3136 335 3199 alii
350 3135 583 3215 concubinas,
601 3152 690 3217 quas
709 3135 804 3200 domi
822 3133 1012 3214 habebant,
1033 3134 1078 3197 ab
1097 3150 1136 3197 se
1158 3132 1389 3213 ablegabant3
1410 3134 1502 3198 inter

274 3259 364 3325 quos
383 3241 525 3323 quidam
546 3243 627 3321 suit,
651 3243 723 3324 qui,
746 3258 829 3307 cum
848 3249 1000 3324 quatuor
1019 3238 1221 3321 huiusmodi
1243 3239 1394 3304 feminas
1407 3240 1503 3306 domi

258 3345 431 3426 haberet,
454 3361 594 3414 secreto
617 3349 782 3414 veniebat
802 3348 994 3430 aliquando
1009 3348 1055 3412 ad
1068 3347 1107 3412 P.
1123 3346 1371 3411 Baithasarem
1385 3357 1423 3412 ut
1445 3348 1501 3411 ob·

274 3474 379 3521 scura
394 3455 570 3538 quaedam
585 3457 665 3521 loca
678 3457 717 3522 B.
736 3455 836 3520 Pauli
850 3465 885 3520 et
900 3455 1053 3521 aliarum
1069 3454 1336 3536 Scripturarum
1355 3455 1423 3519 sibi
1443 3454 1504 3519 de·

275 3566 439 3639 clararet;
457 3574 493 3629 et
508 3581 589 3629 cum
604 3563 661 3629 die
680 3562 834 3646 quodam
854 3565 885 3628 ei
905 3563 1053 3628 dixisset
1070 3562 1108 3627 P.
1131 3563 1317 3627 Baithasar
1338 3573 1503 3644 oportere

274 3673 364 3752 illos,
381 3672 441 3754 qui
455 3688 582 3742 sacras
595 3669 797 3752 Scripturas
815 3671 947 3734 vellent
968 3669 1176 3751 intelligere,
1198 3669 1348 3735 humiles
1362 3685 1452 3750 esse,
1468 3679 1503 3736 et

275 3779 334 3862 qui
349 3779 605 3845 conscientiam
620 3777 813 3860 apeccatis
827 3778 1038 3842 mortalibus
1052 3778 1220 3841 mundam
1239 3777 1431 3856 haberent;
1450 3777 1503 3841 sic

274 3887 339 3952 suit
353 3888 412 3952 vir
425 3887 483 3952 ille
498 3895 732 3968 compunctus
746 3903 767 3948 a
782 3884 949 3965 Domino,
965 3895 1003 3949 ut
1019 3884 1112 3948 intra
1128 3901 1285 3949 mensem
1299 3901 1408 3948 unam
1419 3901 1502 3948 uxo·

274 4013 349 4060 rem
364 3995 517 4072 duxerit,
533 4003 568 4058 et
582 4011 723 4059 omnem
738 3991 899 4058 scandali
918 3993 1145 4058 occasionem
1166 3992 1217 4056 eis
1238 3991 1420 4072 adimeret,
1442 3993 1502 4073 qui

273 4119 425 4184 pravam
437 4101 514 4183 ejus
526 4102 639 4166 vitam
653 4102 868 4167 anteriorem
881 4101 1157 4182 cognoscebant.

332 4209 423 4275 3461.
466 4209 578 4276 Erant
593 4209 693 4275 multi
708 4209 984 4276 christianorum
1002 4209 1115 4292 pueri,
1138 4206 1201 4273 sed
1223 4206 1427 4290 parentibus
1448 4225 1502 4272 or·

272 4318 358 4398 bati,
375 4317 573 4397 Malachae,
589 4317 662 4399 qui,
678 4316 771 4399 quod
787 4336 832 4382 ex
846 4317 940 4383 indis
961 4315 1136 4381 matribus
1149 4315 1226 4380 nati
1242 4323 1356 4393 erant,
1372 4324 1502 4380 etcum

273 4425 490 4509 parentibus,
507 4424 696 4490 militarem
706 4425 820 4489 vitam
830 4424 1030 4506 agentibus,
1042 4441 1151 4504 saepe
1161 4423 1406 4504 navigassent,
1419 4439 1503 4504 gen·

317 4665 325 4700 ⁸
352 4663 398 4712 lle.
408 4663 482 4711 addit
493 4663 536 4712 laic
546 4673 608 4711 mm
617 4673 657 4720 eo,
666 4661 733 4720 qnod
742 4661 878 4710 rotem.
