3642 5350
496 1197 561 1262 DE
581 1197 746 1264 PATRIS
768 1197 946 1264 IGNATil
969 1197 1108 1264 OBITU
1126 1198 1134 1230 ¹

275 1653 326 1717 93.
370 1653 459 1718 Cum
478 1651 551 1732 jam
572 1653 708 1733 pridem
733 1655 821 1717 satis
842 1653 972 1717 afflicta
998 1656 1158 1734 corporis
1181 1655 1385 1718 valetudine
1404 1653 1444 1717 P.

219 1761 377 1840 ignatius
398 1773 572 1838 uteretur,
594 1760 693 1823 initio
714 1770 833 1824 tamen
859 1759 962 1839 huJ'us
985 1762 1067 1824 anni
1089 1779 1174 1841 prae
1195 1763 1300 1824 solito
1322 1761 1447 1824 debilis

218 1868 292 1946 luit,
309 1879 344 1931 et
360 1867 535 1932 stomachi
548 1867 604 1930 sui
623 1868 801 1931 doloribus
823 1878 990 1945 vexatus3
1014 1869 1178 1947 quamvis
1198 1868 1332 1932 ultimis
1351 1885 1446 1931 men·

219 1976 314 2038 sibus
328 1965 589 2056 deprehensum
609 1975 655 2037 sit
671 1975 765 2055 quod
785 1972 861 2054 ejus
882 1973 1069 2052 aegritudo
1094 1992 1165 2038 non
1190 1993 1235 2038 ex
1261 1976 1447 2039 stomacho

219 2082 278 2146 sed
295 2101 340 2146 ex
352 2079 473 2161 jecore
487 2081 730 2161 proveniebat,
752 2082 851 2144 etita
872 2081 1018 2160 triginta
1039 2099 1151 2144 annos
1166 2092 1200 2145 et
1221 2083 1372 2162 amplius
1387 2100 1446 2146 cu·

219 2190 393 2253 rationem
409 2189 532 2252 morbo
547 2188 767 2252 contrariam
782 2188 909 2251 medici
924 2187 1171 2259 adhibuerant.
1189 2199 1224 2252 et
1239 2190 1297 2268 qui
1315 2199 1443 2252 stoma·

219 2297 324 2359 chum
340 2295 459 2359 multis
473 2296 578 2358 rebus
593 2295 740 2358 interius
755 2303 789 2357 et
805 2293 961 2357 exterius
977 2294 1128 2357 admotis
1148 2296 1346 2359 calefacere
1360 2297 1447 2359 nite·

220 2403 359 2482 bantur,
377 2403 413 2464 in
428 2411 589 2465 extrema
604 2402 700 2465 vitae
718 2412 820 2482 parte
836 2401 1165 2465 animadverterunt
1181 2403 1361 2466 contrario
1377 2421 1448 2465 mo·

221 2511 267 2573 do
281 2509 484 2574 iaciendum
505 2508 624 2586 suisse;
642 2511 740 2572 etita
763 2509 909 2572 thorace
931 2508 1191 2588 simplicissimo
1211 2519 1246 2573 et
1262 2526 1375 2589 aquae
1390 2509 1449 2574 fri·

221 2617 327 2697 gidae
341 2626 427 2698 potu
443 2617 619 2680 interdum
635 2616 814 2695 utebatur,
831 2633 873 2679 ac
890 2615 1093 2679 meliuscule
1109 2616 1260 2680 habebat
1274 2614 1298 2681 ¹.

281 2724 332 2787 94.
376 2723 572 2789 Undecima
587 2723 643 2785 die
657 2723 751 2806 Junii
771 2741 842 2786 non
857 2724 945 2786 bene
964 2723 1096 2786 habere
1118 2726 1244 2804 coepit,
1272 2734 1307 2787 et
1329 2742 1451 2787 mense

220 2830 325 2913 Julio,
342 2831 446 2893 simul
461 2847 544 2896 eum
558 2829 733 2893 stomachi
748 2830 921 2907 molestia,
938 2828 1046 2893 febris
1061 2831 1193 2911 aliquid
1208 2832 1244 2893 in
1264 2848 1306 2895 eo
1330 2831 1449 2911 deprc·

222 2936 457 3013 hendebatur;
475 2949 606 3003 etcum
622 2955 690 2999 non
705 2948 825 3017 posset
847 2936 1000 3015 negotiis
1025 2937 1293 3016 gubernationis
1308 2948 1452 3018 propter

222 3042 415 3107 adversam
438 3043 678 3109 valetudinem
704 3060 834 3107 vacare
854 3044 1030 3123 (quamvis
1049 3043 1145 3107 nullo
1167 3044 1272 3108 modo
1291 3045 1359 3109 sibi
1373 3063 1452 3124 par·

222 3162 331 3228 cerer,
348 3151 379 3214 si
395 3151 452 3213 vel
466 3151 641 3214 tantillum
656 3151 785 3214 virium
800 3168 820 3212 a
836 3150 985 3230 prandio
1000 3151 1057 3212 vel
1077 3152 1204 3230 quovis
1219 3162 1376 3231 tempore
1392 3170 1452 3215 ex·

224 3258 414 3337 periretur)
439 3256 616 3337 integram
644 3274 745 3321 suam
774 3266 985 3337 potestatem
1013 3254 1214 3319 Secretario
1239 3256 1455 3321 Societatis³

223 3364 328 3427 simul
339 3381 423 3427 cum
434 3363 471 3427 P.
481 3363 656 3427 Madridio
668 3360 681 3393 ⁴
695 3363 801 3439 dedit,
812 3382 856 3425 nc
869 3364 953 3443 quid
969 3362 1168 3426 detrimenti
1186 3375 1330 3444 propter
1343 3365 1456 3445 ipsius

225 3474 437 3551 languorem
465 3470 624 3535 Societas
656 3479 852 3551 pateretur,
884 3470 1047 3551 quamvis
1076 3472 1112 3534 in
1140 3470 1351 3551 Hispaniam
1385 3472 1456 3535 hoc

227 3581 305 3658 ipso
321 3596 415 3641 anno
427 3578 515 3641 satis
527 3579 666 3658 plenam
678 3579 822 3640 miserat
835 3575 930 3640 Patri
942 3575 1195 3640 Commissario
1211 3578 1416 3641 facultatem
1430 3578 1455 3650 ⁸,

228 3702 294 3749 nec
320 3694 556 3751 revocaverat
576 3701 681 3765 quam
696 3682 795 3747 Patri
814 3682 932 3747 Natali
957 3702 1050 3746 anno
1071 3685 1245 3764 superiori
1268 3686 1415 3748 dederat
1431 3682 1458 3763 ⁶,

229 3793 304 3871 sed,
321 3792 405 3855 dum
420 3801 514 3855 essct
529 3793 564 3855 in
578 3791 763 3872 Hispania,
780 3791 949 3854 honestas
963 3792 1008 3853 ob
1023 3808 1151 3854 causas
1172 3792 1416 3873 suspenderat.

287 3899 339 3961 95.
383 3898 544 3963 Recessit
559 3908 677 3962 autem
691 3898 727 3962 in
742 3897 884 3961 domum
896 3898 1015 3977 (quam
1029 3897 1065 3960 in
1081 3896 1260 3962 Aventino
1273 3898 1461 3962 conficien-

270 4107 279 4140 Ι
308 4105 358 4151 Hic
369 4108 401 4151 ab
412 4106 468 4160 ipso
478 4104 584 4150 Polancl
595 4104 701 4150 librarlo
711 4105 836 4155 scriptum
852 4104 937 4148 luerat
947 4100 1101 4147 oratiorum
1116 4106 1308 4158 quorumdam·
1322 4107 1367 4149 sed
1384 4106 1463 4158 ltnea,

227 4189 306 4233 quam
317 4188 408 4222 monus
418 4185 489 4221 certo
500 4178 608 4233 antiqua
617 4176 778 4231 superduxit,
788 4177 900 4220 deletum
911 4183 960 4220 est.

267 4249 281 4283 ¹
308 4248 376 4293 Vide
386 4248 449 4292 Luts
459 4248 597 4300 Goucatss
611 4260 646 4292 on
661 4248 779 4299 Cartana,
796 4247 898 4301 arguas
913 4258 1009 4292 cousus
1023 4258 1097 4303 queo
1111 4248 1137 4293 Ρ.
1152 4248 1220 4292 Liris
1234 4248 1366 4291 conrates
1382 4252 1461 4292 norou

228 4332 266 4365 na
276 4321 343 4365 vido
353 4321 386 4364 de
397 4330 475 4363 nossa
489 4320 579 4364 Padre
593 4320 711 4374 rgnacro,
721 4331 745 4363 n.
760 4321 782 4374 i,
796 4320 973 4375 paragrapho,
989 4332 1055 4376 quae
1070 4322 1159 4376 incipit
1173 4320 1304 4365 Ooedect'a
1319 4321 1352 4367 N.
1369 4322 1397 4365 P.
1415 4332 1466 4365 oos

229 4392 528 4446 ineditos,·etBnarou1,
539 4392 618 4436 Dcila
634 4390 694 4435 Vita
704 4393 734 4435 di
744 4392 770 4437 S.
783 4392 901 4445 ignaria,
912 4392 956 4436 lib.
967 4404 1003 4447 ιν,
1014 4392 1060 4447 56.

269 4464 282 4498 ὓ
309 4464 376 4508 Erat
386 4465 409 4509 in
420 4464 474 4519 ipse
485 4470 576 4509 auctor
586 4464 662 4520 hujus
673 4462 804 4515 chronici,
815 4463 841 4507 P.
852 4464 965 4517 Joannes
975 4464 1006 4508 de
1016 4464 1137 4510 Polanco.

270 4538 284 4571 Α
311 4535 501 4591 christophoro
512 4537 542 4580 de
553 4534 664 4580 lladrid.

271 4608 285 4643 Ι
310 4608 378 4652 Vide
388 4618 477 4663 supra,
487 4618 547 4662 pag.
558 4608 595 4662 20,
606 4619 629 4651 n.
642 4606 677 4651 ts.

272 4678 287 4713 ⁸
313 4679 381 4724 Vide
392 4691 480 4735 supra,
491 4686 510 4724 t.
519 4692 545 4733 r,
556 4691 614 4735 paz·
624 4678 660 4735 ³⁰,
670 4692 694 4725 n.
705 4678 740 4725 53.
