3642 5350
355 474 412 535 838
819 470 946 537 Caaoa.
967 474 1044 536 Soc.
1065 475 1134 551 Jns.

355 624 434 689 illos
458 623 606 703 Collegii
629 623 757 705 Bungi,
778 640 928 705 quorum
954 625 1059 705 paulo
1085 633 1167 688 ante
1192 625 1426 690 meminimus.
1454 620 1587 691 Omnes

357 741 474 797 autem
492 731 707 811 sacerdotes,
728 731 787 813 qui
807 732 874 796 hoc
894 740 1056 811 tempore
1077 730 1234 797 inludia
1257 733 1503 813 versabantur,
1527 734 1590 799 tri·

355 840 455 921 ginta
470 849 504 904 et
519 849 598 903 octo
613 847 726 919 erant;
742 838 867 921 reliqui
877 838 1018 919 fratres,
1032 838 1290 921 quinquaginta
1299 849 1448 921 septem;
1461 858 1587 907 omues

356 965 503 1012 numero
519 944 713 1026 nonaginta
728 946 894 1028 quinque.

415 1052 506 1118 3580.
548 1052 627 1118 Hoc
641 1070 734 1117 anno
749 1053 792 1117 de
806 1053 920 1118 tribus
934 1054 1013 1134 illis,
1034 1071 1123 1135 quos
1144 1054 1299 1120 diximus
1315 1052 1324 1085 ¹
1343 1054 1534 1137 naufragio
1548 1057 1585 1121 iu

356 1162 546 1244 quamdam
560 1178 689 1225 arenae
704 1162 855 1225 insulam
870 1162 1044 1241 evasisse,
1062 1172 1097 1226 et
1116 1162 1243 1227 deinde
1263 1161 1357 1227 fame
1375 1162 1485 1227 fuisse
1506 1181 1586 1228 con·

357 1277 527 1351 sumptos,
549 1268 616 1333 hoc
636 1287 658 1333 a
677 1266 715 1333 P.
737 1267 930 1333 Melchiore
950 1269 1108 1333 Carnero
1127 1269 1287 1334 additum
1307 1280 1373 1348 est,
1393 1269 1588 1350 quodcum

356 1396 426 1442 non
442 1377 612 1441 baberent
627 1376 711 1457 quid
732 1376 957 1440 comederent
977 1386 1038 1440 aut
1058 1376 1228 1456 biberent,
1252 1394 1383 1459 aquam
1401 1377 1470 1442 illis
1489 1377 1584 1443 dedit

355 1484 539 1563 Dominus,
556 1502 600 1547 ex
615 1499 684 1564 qua
699 1484 767 1564 ipsi
782 1493 817 1547 et
833 1492 974 1548 centum
989 1485 1048 1547 alii
1061 1484 1221 1549 homines
1231 1485 1395 1549 biberunt
1406 1485 1450 1550 ab
1462 1484 1583 1565 Augu·

357 1602 412 1657 sto
428 1608 559 1671 mense,
576 1608 645 1673 quo
660 1590 885 1671 naufragium
901 1590 1047 1669 accidit,
1064 1608 1176 1673 usque
1197 1593 1244 1656 ad
1262 1590 1512 1671 Februarium
1527 1609 1587 1656 ve·

356 1701 544 1765 scebautur
560 1700 667 1763 etiam
682 1698 839 1779 piscibus
853 1708 887 1761 et
902 1697 1113 1781 quibusdam
1132 1700 1270 1779 avibus,
1286 1715 1376 1781 quas
1386 1699 1583 1782 capiebant.

415 1807 505 1872 3581.
549 1806 721 1887 Quamvis
736 1814 853 1869 autem
868 1806 972 1869 navis
986 1805 1203 1886 praefectus,
1223 1806 1368 1887 navigio
1388 1824 1436 1872 ex
1448 1807 1587 1873 ‘tabulis

356 1916 511 1999 eiusdem
525 1915 629 1979 navis
644 1912 847 1977 confractae
862 1923 1061 1993 compacto,
1074 1914 1111 1977 in
1122 1912 1271 1992 Indiam,
1283 1914 1464 1979 sexcentis
1475 1915 1586 1980 leucis

357 2024 556 2099 distantem,
573 2022 630 2086 vel
645 2021 825 2101 aliquanto
840 2020 1085 2101 paucioribus,
1101 2030 1141 2086 ut
1155 2022 1215 2086 alii
1228 2021 1404 2101 scribunt,
1420 2021 1584 2104 trajectu·

356 2148 417 2196 rus
432 2138 572 2194 nostros
587 2128 784 2206 invitasset,
800 2128 837 2191 id
852 2144 925 2191 non
938 2127 1109 2207 fecerunt,
1122 2138 1161 2193 ut
1171 2129 1414 2209 navigationis
1424 2131 1588 2209 comiteS,

357 2238 416 2321 qui
431 2237 478 2301 ibi
495 2237 695 2315 manebant,
712 2236 789 2299 siue
804 2236 979 2316 spirituali
994 2237 1236 2301 consolatione
1251 2247 1286 2300 et
1301 2236 1435 2302 auxilio
1451 2254 1521 2301 uon
1535 2254 1589 2302 re·

356 2347 564 2427 linquerent.
580 2342 650 2408 Sed
662 2342 815 2421 taudem,
833 2360 915 2408 curn
926 2343 1061 2407 inventi
1072 2360 1142 2408 non
1154 2354 1273 2407 essent
1285 2343 1330 2408 ab
1340 2344 1403 2420 eis,
1417 2344 1477 2426 qui
1488 2344 1587 2409 missi

356 2454 496 2519 fuerant
512 2461 550 2515 ut
564 2468 625 2515 eos
645 2461 866 2531 quaererent.
890 2459 1033 2531 propter
1054 2451 1148 2515 illius
1162 2452 1299 2515 insulae
1313 2453 1372 2515 vel
1385 2452 1504 2532 potius
1525 2469 1583 2516 cu·

356 2562 440 2626 muli
457 2576 586 2624 arenae
597 2559 821 2639 parvitatem,
835 2558 932 2622 aliud
943 2558 1127 2639 navigium
1138 2576 1184 2621 ex
1195 2558 1354 2640 ejusdem
1363 2558 1495 2623 tabulis
1505 2576 1586 2624 con·

356 2669 485 2734 sectum
502 2678 571 2747 cst,
588 2668 646 2732 cui
660 2683 698 2730 se
714 2666 874 2730 homines
890 2666 940 2730 illi
955 2683 1036 2730 cum
1057 2666 1190 2730 nostris
1204 2666 1473 2746 commiserunt,
1489 2677 1524 2732 et
1541 2666 1588 2732 ad

356 2777 528 2858 quasdam
544 2776 679 2840 insulas
694 2775 853 2838 desertas
867 2783 1123 2854 pervenerunt,
1141 2773 1215 2852 jam
1235 2773 1425 2838 admodum
1441 2773 1584 2853 debiles

356 2885 450 2967 quod
465 2901 519 2963 ea,
540 2900 631 2964 quae
651 2883 696 2946 ad
715 2883 850 2947 victum
866 2883 1070 2958 attulerant,
1086 2890 1296 2962 consumpta
1311 2881 1478 2962 luissent,
1496 2881 1586 2947 adeo

357 3003 396 3058 ut
410 2992 553 3074 propria
569 2991 671 3054 urina
686 3007 751 3070 pro
776 3001 862 3070 potu
883 2989 1043 3054 nonnulli
1064 2999 1257 3053 uterentur.
1278 2988 1374 3054 Nihil
1393 2990 1430 3054 in
1449 2989 1586 3070 praedi·

357 3101 423 3165 ctis
447 3099 571 3164 insulis
596 3097 640 3161 ad
667 3098 802 3161 victum
825 3097 1053 3176 invenerunt,
1082 3106 1223 3178 praeter
1255 3106 1396 3162 teneros
1429 3099 1585 3162 ramulos

357 3208 530 3289 quosdam
546 3207 745 3286 palmarum
761 3203 949 3284 (palmatos
961 3205 1070 3284 vulgo
1082 3203 1236 3283 vocant),
1248 3204 1376 3284 quibus
1386 3203 1518 3268 famem
1528 3221 1588 3269 ex·

357 3317 519 3396 tinguere
539 3321 742 3394 coeperunt;
763 3311 827 3375 sed
843 3320 882 3375 ut
904 3319 1005 3376 erant
1031 3311 1220 3377 admodum
1242 3311 1387 3390 debiles,
1410 3311 1468 3376 hic
1490 3312 1591 3376 cibus

358 3441 420 3488 eos
434 3421 622 3487 debiliores
633 3418 796 3499 reddidit,
809 3429 844 3483 et
854 3419 916 3494 ita,
929 3419 1023 3483 fame
1035 3419 1245 3499 consumpti,
1257 3419 1422 3499 spiritum
1435 3417 1590 3484 Domino

358 3527 596 3596 reddiderunt.
613 3526 702 3592 Tres
717 3526 830 3591 nostri
845 3535 947 3590 erant
962 3524 999 3589 P.
1016 3525 1193 3590 Gonzales
1203 3543 1247 3589 ac
1258 3523 1296 3588 P.
1310 3525 1508 3606 Pasqualis;
1521 3535 1590 3589 ter·

357 3640 428 3704 tius
442 3653 513 3702 non
528 3635 696 3700 sacerdos
711 3643 799 3712 erat,
816 3634 897 3697 licet
913 3634 1100 3712 theologus
1113 3632 1301 3714 compluto
1321 3634 1450 3697 missus
1463 3630 1487 3692 ⁸.

417 3743 509 3809 3582.
552 3743 631 3808 Non
645 3743 807 3807 omittam
822 3741 917 3822 quod
932 3740 968 3804 P.
985 3739 1157 3804 Melchior
1173 3739 1331 3820 Nugnez‚
1348 3758 1428 3804 cum
1443 3739 1588 3806 Provin-

358 3854 459 3919 cialis
475 3851 587 3917 officio
603 3850 821 3930 fungeretur,
838 3847 1002 3912 Malacha
1021 3847 1164 3930 scripsit
1184 3847 1327 3913 Rectori
1346 3847 1479 3913 Goensi
1497 3856 1532 3912 et
1551 3848 1588 3912 in

357 3963 489 4026 virtute
505 3937 726 4023 obedientiae
741 3957 939 4038 praecepit,
958 3974 1003 4020 ne
1018 3957 1054 4020 in
1069 3954 1284 4020 Societatem
1298 3972 1523 4037 quemquam,
1543 3973 1589 4020 ex

357 4080 457 4151 patre
473 4067 627 4132 lusitano
643 4075 677 4129 et
692 4064 941 4130 matreindica
952 4072 1086 4143 natum,
1101 4065 1137 4128 in
1148 4062 1362 4128 Societatem
1374 4063 1587 4142 admitteret,

357 4178 439 4241 licet
466 4175 622 4256 egregiis
646 4173 788 4237 dotibus
812 4172 994 4253 praeditus
1018 4171 1217 4251 videretur,
1244 4170 1312 4234 nisi
1340 4189 1361 4234 a
1386 4170 1424 4235 P.
1450 4171 1590 4251 ignatio

357 4283 451 4348 aliud
464 4281 778 4364 praescriberetur;
795 4291 830 4344 et
845 4278 1046 4360 hujusmodi
1056 4294 1187 4360 pueros
1198 4277 1439 4343 mameluchos
1449 4279 1518 4360 ipsi
1529 4297 1589 4343 vo·

440 4523 531 4579 Supra,
543 4530 562 4568 t.
573 4536 599 4578 v,
610 4535 670 4579 pag,
681 4523 729 4576 oto,
739 4523 787 4577 atr,
799 4534 822 4566 n.
834 4521 958 4575 imma,
969 4526 995 4565 et
1006 4521 1032 4565 in
1042 4521 1091 4565 hoc
1101 4521 1156 4575 lpao
1167 4521 1227 4572 rol..
1238 4531 1262 4565 n.
1270 4518 1333 4565 85⁶1.
1349 4519 1414 4565 Vide
1430 4520 1510 4566 etlam
1524 4519 1591 4564 Bu·

359 4607 424 4700 10²1.
436 4595 798 4721 {ircanltnl'tlss'rrlllerznndreu
808 4665 964 4720 Goncalvea,
975 4664 1466 4718 Peocballossatalaummcerdotu:
1473 4663 1588 4719 Alpbou·

359 4750 402 4785 tuo
412 4739 506 4796 Lopez,
518 4739 698 4787 smolostlcur.
712 4738 776 4783 Vide
787 4749 873 4794 cupra,
885 4744 904 4781 r.
917 4749 943 4789 v,
953 4748 1014 4792 pag.
1024 4735 1071 4789 6¹0,
1084 4747 1108 4780 n.
1120 4736 1179 4788 1752,
1190 4743 1275 4780 annot.
1289 4737 1307 4780 l.
