3642 5350
326 408 381 469 784
784 404 911 468 Canon.
932 402 1008 465 Soc.
1027 404 1098 479 Jas.

328 562 542 637 spectasset;
563 552 756 635 positiones
778 560 908 631 autem,
929 549 1025 615 domi
1043 556 1188 614 nostrae
1212 548 1420 631 impressae,
1444 549 1555 631 portis

328 662 559 727 ecclesiarum
578 658 705 726 affixae
723 659 882 740 fuerant3
904 668 939 723 et
959 657 1006 723 ad
1024 656 1213 739 religiosos
1234 655 1296 723 S.²¹
1321 655 1502 721 Dominici
1519 664 1556 719 et

327 767 387 835 83¹
402 767 587 835 Francisci
601 767 843 847 transmissae,
859 775 895 831 et
909 765 955 830 ad
971 765 1073 845 alios,
1088 764 1217 845 quibus
1237 782 1300 829 eas
1318 765 1410 829 mitti
1428 782 1555 829 conve·

328 877 460 942 niebat.

386 982 479 1048 3370.
520 982 675 1065 Logicas
697 978 923 1065 [positiones]
945 980 1160 1069 Franciscus
1189 979 1320 1045 Cabral
1346 977 1373 1059 '3
1400 977 1555 1043 Philoso·

325 1092 431 1174 phiae
444 1090 617 1156 naturalis
631 1089 840 1155 Emmanuel
853 1087 993 1153 Texera
1008 1086 1181 1166 defendit;
1196 1096 1344 1169 uterque
1359 1085 1556 1167 discipulus

327 1208 405 1265 erat
419 1199 457 1263 P.
476 1196 621 1263 Antonii
635 1194 678 1261 de
693 1194 868 1277 Quadros,
885 1196 946 1277 qui
961 1194 1043 1259 huic
1063 1194 1297 1277 disputationi
1317 1192 1553 1277 praesidebat.

385 1303 477 1369 3371.
520 1302 771 1370 Convenerunt
786 1313 906 1368 autem
920 1302 1021 1367 multi
1035 1302 1207 1383 religiosi,
1220 1302 1350 1366 medici
1363 1312 1399 1366 et
1413 1301 1475 1366 alii
1486 1300 1556 1365 viri

327 1414 435 1495 docti,
451 1421 486 1478 et
500 1411 647 1493 nobiles,
663 1412 721 1476 vel
735 1410 939 1493 disputandi
958 1410 1017 1476 vel
1035 1409 1221 1492 spectandi
1237 1411 1368 1491 gratia;
1391 1420 1427 1473 et
1445 1426 1556 1491 usque

328 1522 374 1587 ad
387 1529 530 1587 noctem
542 1517 746 1601 protractus
760 1526 815 1583 est
830 1518 1025 1600 conflictus,
1044 1527 1080 1584 et
1094 1518 1194 1583 multi
1208 1535 1253 1583 ex
1272 1516 1428 1583 externis
1439 1517 1554 1597 dispu-

327 1627 428 1693 tandi
440 1636 581 1709 tempus
595 1643 666 1691 non
685 1624 896 1692 habuerunt.
917 1624 1068 1691 Strenue
1088 1635 1208 1691 autem
1226 1627 1342 1691 nostri
1359 1642 1444 1690 suas
1464 1624 1553 1707 posi·

328 1736 444 1801 tiones
464 1732 711 1815 defenderunt3
731 1734 794 1799 sed
814 1750 960 1815 praeses
981 1732 1160 1799 Antonius
1179 1731 1223 1797 de
1246 1732 1429 1813 Quadros,
1448 1749 1555 1813 quan·

328 1855 404 1909 tum
428 1860 451 1907 a
474 1842 629 1908 Domino
655 1840 744 1908 lucis
768 1850 874 1924 atque
898 1840 1083 1907 doctrinae
1102 1841 1311 1922 accepisset,
1333 1840 1556 1922 praeclarum

317 1951 509 2035 ‘specimen
523 1948 632 2016 neon.
740 1933 744 1941 '
1397 1929 1403 1944 ’

387 2057 480 2123 3372.
523 2056 676 2140 Aliquae
690 2056 798 2122 etiam
812 2056 1057 2122 oratiunculae
1071 2056 1212 2121 habitae
1225 2055 1379 2137 fuerunt,
1396 2068 1431 2121 et
1441 2074 1464 2120 a
1474 2073 1556 2137 quo·

328 2164 410 2231 dam
424 2166 536 2231 milite
549 2164 703 2230 lusitano
717 2164 810 2229 inter
825 2172 987 2229 caeteros
1000 2164 1115 2229 oratio
1129 2180 1263 2245 graeca
1277 2163 1345 2228 fuit
1364 2163 1501 2243 babita;
1522 2176 1558 2227 et

328 2274 378 2338 ita
392 2280 614 2355 spectatores
627 2288 708 2337 cum
728 2287 862 2351 magna
882 2269 1143 2352 satisfactione,
1167 2272 1274 2336 rebus
1292 2288 1463 2352 prospere
1479 2288 1556 2353 per·

328 2382 429 2461 actis,
451 2386 685 2445 recesserunt.
873 2440 877 2446 .

389 2486 482 2554 3373.
525 2487 687 2555 Habebat
706 2495 742 2551 et
759 2485 956 2567 Collegium
981 2484 1122 2551 Goense
1146 2503 1325 2551 annexum
1349 2486 1395 2552 ad
1414 2488 1558 2553 domum

328 2604 532 2682 nostrorum
547 2593 704 2659 vicinum
715 2593 893 2676 quoddam
903 2594 1091 2675 hospitale,
1103 2593 1164 2658 ubi
1174 2593 1360 2659 christiani
1371 2604 1558 2678 aegrotan-

330 2713 386 2770 tes
397 2704 626 2780 curabantur,
638 2702 733 2784 quod
744 2720 833 2783 opus
844 2701 881 2768 P.
895 2701 1038 2784 Paulus,
1051 2704 1157 2768 italus
1167 2702 1192 2785 ¹,
1204 2718 1336 2783 magno
1347 2721 1429 2769 cum
1438 2705 1560 2769 labore

329 2822 364 2878 et
376 2812 551 2877 charitate
562 2810 795 2875 sustentabat.
807 2809 1085 2891 Exeipiebantur
1096 2812 1183 2877 ineo
1195 2813 1344 2893 triginta
1356 2822 1390 2876 et
1402 2813 1559 2894 aliquan·

329 2919 375 2985 do
390 2921 498 2985 etiam
512 2917 750 3000 quadraginta
768 2928 804 2982 et
823 2935 866 2982 eo
885 2917 1038 3000 amplius
1057 2920 1213 2999 aegroti3
1235 2920 1364 3002 quibus
1385 2920 1504 2985 omnia
1524 2926 1561 2983 et

332 3026 541 3109 corporibus
555 3034 590 3090 et
604 3024 732 3090 animis
750 3025 1120 3091 subministrabantur.

393 3132 484 3200 3374.
528 3131 660 3197 Ibidem
671 3132 778 3197 etiam
790 3133 899 3212 aliqui
910 3132 1167 3215 catechumeni,
1177 3134 1560 3217 mulierespraesertim

333 3259 376 3308 ac
395 3241 547 3324 puellae,
568 3239 852 3318 instituebantur3
875 3256 942 3303 nec
960 3240 1054 3304 enim
1075 3240 1167 3306 alius
1188 3251 1265 3306 erat
1285 3251 1370 3307 tunc
1391 3245 1490 3308 locus
1514 3242 1560 3307 ad

333 3350 427 3415 banc
441 3345 698 3412 institutionem
711 3344 871 3412 idoneus.

392 3453 484 3519 3375.
529 3453 605 3518 Hoc
627 3470 721 3518 anno
743 3451 820 3517 1556
840 3455 941 3519 multi
961 3453 1006 3519 ad
1018 3453 1158 3522 Christi
1175 3456 1385 3537 religionem
1403 3475 1562 3524 accesse-

239 3617 243 3626 .
335 3573 430 3644 runt,
447 3571 483 3627 et
496 3559 687 3642 aliquando
701 3559 849 3656 triginta
864 3571 898 3626 et
914 3579 955 3626 eo
969 3563 1121 3644 amplius
1134 3564 1381 3630 catechumeni
1391 3565 1496 3631 simul
1505 3582 1561 3631 ru·

335 3671 492 3735 dimenta
506 3668 588 3734 fidei
602 3667 838 3750 docebantur;
854 3671 947 3734 inter
961 3686 1050 3752 quos
1065 3671 1209 3753 quidam
1221 3671 1303 3754 fuit,
1320 3674 1381 3756 qui
1394 3690 1443 3738 ea
1452 3673 1562 3739 conti-

333 3778 430 3843 nenti
444 3777 490 3841 ad
504 3776 573 3841 hoc
587 3775 704 3858 ipsum
716 3785 878 3856 venerat,
894 3776 1051 3858 quicum
1065 3778 1186 3843 varias
1201 3780 1403 3860 provincias
1417 3780 1562 3846 lustras·

334 3894 399 3966 set,
416 3893 454 3949 ut
468 3884 672 3965 exploraret
682 3899 752 3964 qna
767 3883 803 3947 in
818 3883 990 3964 religione
1001 3885 1125 3950 melius
1139 3884 1263 3951 vivere
1274 3897 1310 3950 et
1319 3889 1469 3953 salutem
1481 3905 1562 3953 con·

335 3992 436 4075 sequi
450 4001 587 4072 posset,
602 3989 741 4070 nullibi,
761 3990 832 4054 nisi
850 3990 886 4054 in
907 3991 1184 4057 christianorum
1205 3991 1273 4057 lide
1291 4011 1353 4058 seu
1370 3996 1466 4075 lege,
1487 3991 1563 4076 ejus

333 4099 448 4182 potuit
462 4099 601 4163 animus
616 4097 880 4178 conquiescere.
896 4097 964 4163 Vir
978 4108 1057 4163 erat
1071 4117 1142 4164 non
1156 4099 1346 4166 mediocris
1364 4101 1457 4167 inter
1478 4119 1562 4183 gen·

375 4379 384 4414 1
412 4377 512 4426 Nobilis
522 4379 657 4429 lusitanus.
668 4379 741 4434 cnjus
751 4379 882 4434 ingressus
898 4381 924 4423 ln
938 4378 1097 4425 Societatem
1112 4391 1192 4436 cupra
1208 4387 1341 4438 narrator,
1358 4387 1378 4429 t.
1392 4395 1425 4438 v,
1439 4393 1501 4438 pag.
1513 4383 1564 4440 ⁶51,

337 4465 362 4498 n.
373 4453 433 4499 lm.
444 4451 484 4496 De
492 4461 523 4496 eo
531 4451 613 4496 multa
621 4451 763 4507 scriptore·
771 4451 853 4496 nostri
862 4451 978 4506 tradm,
986 4450 1096 4497 Gnatia
1103 4451 1226 4499 Historia
1233 4455 1318 4499 delae
1325 4455 1463 4509 misiones,
1470 4457 1516 4501 lib.
1525 4467 1565 4502 vu

334 4531 360 4568 et
372 4535 428 4580 vru;
438 4523 559 4577 Enarou,
570 4522 595 4568 ΙΙ
604 4522 752 4579 Giapporre,
760 4523 806 4570 lib.
816 4533 834 4578 r,
845 4528 896 4568 etc.

376 4595 389 4630 1
415 4595 444 4641 Ρ.
455 4595 551 4640 Paulus
561 4593 678 4651 Camere,
689 4606 734 4639 reu
744 4605 777 4639 ex
792 4593 938 4640 Camerino.
954 4592 993 4638 De
1008 4595 1056 4641 boc
1072 4599 1219 4644 nosocomio
1233 4599 1329 4645 dictum
1344 4606 1384 4644 ert
1397 4611 1485 4656 supra,
1503 4607 1522 4644 t.
1537 4613 1563 4654 v,

334 4677 395 4726 pag.
404 4666 453 4722 633,
464 4677 488 4710 n.
502 4665 561 4720 17⁹1,
572 4672 599 4710 et
609 4676 670 4721 pag.
679 4665 727 4718 fibi.
737 4677 761 4711 n.
773 4665 832 4712 tour.
1451 4654 1464 4660 “
