3642 5350
793 373 857 432 Al.
879 373 949 433 1556
1447 353 1506 434 11·

252 536 445 584 accurrere
461 520 680 597 deberemus
697 537 763 583 nec
778 519 816 582 P.
833 518 973 600 lgnatio
989 530 1050 585 aut
1071 521 1177 585 alicui
1197 520 1299 585 inniti
1314 522 1377 584 sed
1392 520 1501 600 Deo;¹

250 627 355 690 etsie
370 627 511 690 demum
529 645 596 690 nos
615 628 703 690 bene
729 625 978 690 aedificaturos
1002 645 1110 708 supra
1135 627 1273 691 firmam
1296 637 1433 707 petram
1449 639 1483 690 et

254 751 326 797 non
341 751 447 815 super
459 750 622 812 arenam;
640 742 675 797 et
693 733 723 796 si
740 733 827 796 bene
844 751 1094 814 coeperamus,
1110 735 1255 798 inbono
1279 735 1386 798 etiam
1399 752 1483 815 per·

249 841 490 904 severendum
510 859 597 905 esse.

318 946 385 1011 151.
428 948 575 1011 Addidit
590 947 717 1012 deinde
731 966 775 1011 ne
790 949 861 1012 ullo
878 948 980 1011 modo
995 949 1096 1012 aliter
1111 948 1396 1028 procederemus,
1414 949 1483 1028 ipsi

255 1063 374 1118 autem
388 1055 647 1136 acquiescendo
673 1055 766 1136 quod
791 1056 923 1118 bonum
947 1053 1089 1119 Patrem
1110 1071 1268 1118 essemus
1288 1055 1481 1119 inventuri.

253 1161 298 1224 Et
314 1161 463 1241 “dicas„
481 1162 604 1242 inquit,
624 1162 773 1225 “nostris
798 1162 853 1224 his
877 1161 969 1240 filiis,
998 1169 1034 1224 ut
1054 1161 1332 1225 consolationem
1354 1161 1390 1225 in
1413 1160 1483 1225 Do-

254 1268 351 1332 mino
367 1269 577 1348 accipiant,;
595 1269 692 1331 etsie
706 1285 807 1332 suam
824 1267 920 1331 dedit
935 1267 1227 1332 benedictionem.
1330 1301 1334 1312 =

316 1375 383 1439 152.
427 1375 555 1455 Colligi
570 1392 616 1438 ex
631 1375 686 1439 his
700 1375 820 1438 verbis
835 1373 940 1439 facile
954 1385 1094 1455 poterat
1109 1375 1203 1455 quod
1224 1375 1267 1438 de
1287 1375 1406 1456 aliqua
1421 1375 1484 1438 irn-

251 1482 445 1545 mutatione
467 1491 591 1545 nostro
610 1481 647 1544 in
666 1481 831 1545 instituto
850 1481 1024 1560 facienda,
1045 1491 1151 1563 prout
1174 1484 1280 1562 paulo
1296 1492 1378 1544 ante
1393 1481 1482 1545 dixi·

253 1589 366 1669 mus¹,
390 1591 576 1668 cogitaret.
601 1589 673 1653 Alii
697 1589 804 1652 etiam
819 1589 1070 1652 existimabant
1089 1589 1181 1653 hanc
1200 1605 1278 1652 esse
1301 1587 1483 1652 Pontificis

251 1705 418 1773 mentem,
436 1707 474 1758 ut
488 1705 612 1759 nostra
627 1693 788 1760 Societas
803 1713 884 1759 cum
899 1694 1197 1775 Congregatione,
1214 1696 1251 1758 in
1266 1713 1335 1776 qua
1347 1696 1423 1776 ipse
1432 1695 1483 1758 vi·

253 1809 368 1880 xerat,
385 1802 671 1882 conjungeretur,
690 1819 755 1866 nec
770 1803 818 1866 illi
830 1803 916 1865 boni
930 1800 1054 1865 Patres
1069 1801 1171 1883 (quos
1182 1802 1361 1865 theatinos
1375 1803 1483 1882 vulgo

256 1919 400 1988 vocant,
418 1909 485 1990 ipsi
500 1920 619 1973 autem
644 1907 766 1972 clerici
787 1908 983 1988 regulares
1004 1910 1146 1990 proprie
1168 1909 1357 1988 dicuntur),
1375 1909 1419 1971 ab
1441 1927 1483 1972 eo

252 2015 455 2094 abhorrere,
472 2016 580 2079 immo
595 2015 682 2078 satis
694 2016 863 2097 propensi
882 2033 960 2078 esse
981 2016 1228 2094 credebantur,
1251 2015 1415 2096 quamvis
1433 2016 1484 2079 illi

250 2123 359 2203 pauci
375 2139 522 2186 numero
540 2131 574 2185 et
590 2123 625 2185 in
639 2123 763 2202 paucis
778 2122 899 2185 Italiae
916 2122 1025 2185 solius
1042 2123 1131 2185 locis
1150 2132 1262 2185 erant.
1286 2120 1366 2199 Sed,
1382 2139 1484 2202 prae·

250 2243 307 2293 ter
328 2230 535 2293 mixtionem
560 2247 805 2310 personarum,
828 2228 1030 2293 [nstitutum
1045 2230 1152 2292 etiam
1169 2230 1376 2310 permisceri
1389 2231 1481 2293 velle

247 2336 435 2400 Summum
459 2335 667 2400 Pontificem
695 2336 783 2399 satis
811 2337 924 2399 nostri
954 2335 1158 2416 conjectura
1187 2337 1480 2416 assequebantur:

249 2453 414 2508 neutram
439 2452 558 2507 tamen
584 2444 800 2518 mixtionem,
831 2443 946 2508 minus
975 2443 1091 2506 adhuc
1116 2444 1351 2522 posteriorem
1372 2460 1480 2522 quam

252 2552 420 2632 priorem,
437 2549 475 2614 P.
492 2550 632 2630 Ignatio
647 2549 816 2614 Societati
835 2550 1026 2614 convenire
1045 2549 1249 2627 videbatur;
1271 2567 1337 2613 nec
1352 2549 1396 2612 ad
1412 2549 1481 2612 Dei

247 2658 403 2737 gloriam
430 2666 464 2721 et
490 2676 674 2722 commune
700 2657 831 2721 bonum
853 2657 1010 2721 futuram
1030 2657 1272 2735 existimabat;
1297 2664 1344 2731 et,
1360 2673 1480 2737 quam·

252 2766 311 2829 diu
327 2767 403 2846 ipse
417 2766 519 2841 vixit,
532 2764 620 2827 nihil
633 2764 796 2827 Pontifex
811 2784 852 2827 ea
867 2765 901 2827 in
918 2764 1118 2827 retentavit
1132 2762 1155 2827 ¹.
1179 2762 1278 2827 Haec
1303 2780 1389 2843 ergo
1409 2781 1481 2826 non

248 2873 379 2935 mirum
394 2881 448 2935 est
462 2872 493 2935 si
508 2870 721 2935 Societatem
736 2880 895 2935 nostram
916 2881 1191 2935 commoverent.

313 2978 379 3043 153.
424 2978 502 3042 Hoc
517 2988 634 3042 tamen
650 2995 755 3057 anun,
783 2995 864 3041 cum
888 2977 1128 3057 Congregatio
1153 2987 1413 3059 expectaretur,
1428 2980 1481 3042 ni·

249 3086 299 3149 llil
314 3096 367 3149 est
382 3086 534 3166 amplius
547 3088 768 3163 innovatum,
785 3085 847 3148 sed
869 3083 1040 3164 Societas,
1064 3095 1103 3148 ut
1122 3084 1275 3149 diximus
1289 3085 1312 3165 ³,
1328 3086 1480 3149 Romam

245 3194 369 3256 debuit
379 3202 420 3255 et
434 3210 505 3255 non
519 3193 556 3255 in
571 3192 679 3255 alium
694 3193 811 3255 locum
827 3192 984 3255 evocari.

312 3299 379 3363 154.
424 3300 624 3380 Antequam
646 3307 902 3378 prorogaretur
923 3307 1061 3379 tempus
1081 3298 1315 3363 conveniendi
1330 3298 1376 3363 ad
1390 3299 1481 3364 Con·

246 3407 495 3487 gregationem
510 3403 532 3486 ⁴,
559 3405 685 3469 Patres
704 3404 868 3469 Canisius
889 3413 923 3467 et
943 3404 1112 3487 Lanoyus
1126 3406 1162 3469 in
1177 3404 1313 3469 Italiam
1329 3406 1375 3469 ad
1390 3406 1480 3471 Con·

246 3514 499 3594 gregationem
523 3529 645 3576 mense
672 3512 866 3577 Novembri
893 3522 1078 3575 venerunt.
1105 3511 1174 3576 Sed
1198 3512 1338 3577 Patavii
1355 3513 1478 3576 intelli·

252 3631 375 3699 gentes
390 3622 693 3701 prorogationem,
717 3619 763 3682 ad
784 3636 886 3682 suam
910 3618 1137 3683 Provinciam
1152 3620 1272 3683 statim
1286 3620 1477 3699 redierunt,

252 3736 330 3807 post
345 3725 483 3790 Pascha
495 3726 641 3790 redituri
658 3723 679 3789 ⁵.
697 3726 741 3789 Et
756 3726 970 3805 permissum
984 3736 1037 3788 est
1052 3726 1148 3789 Patri
1168 3725 1311 3790 Canisio
1327 3745 1348 3790 a
1362 3726 1400 3790 P.
1418 3725 1479 3789 Vi·

245 3835 346 3897 cario
365 3832 601 3913 Argentinam
625 3833 688 3910 ire,
715 3833 845 3910 partim
871 3841 907 3895 ut
933 3832 1086 3895 nobilem
1111 3833 1206 3895 illam
1231 3843 1266 3896 et
1291 3841 1478 3913 tantopere

289 4038 299 4073 ¹
327 4037 419 4091 Supra,
430 4042 449 4083 t.
460 4048 487 4092 v,
497 4048 557 4091 pag.
566 4035 602 4091 311,
613 4048 638 4081 1.
648 4037 683 4089 58,
694 4042 719 4081 et
731 4037 757 4081 ln
766 4037 814 4081 boc
825 4044 843 4079 t.
854 4048 890 4091 vr,
900 4036 1003 4091 papst,
1014 4048 1040 4080 n.
1048 4037 1096 4081 its.

287 4110 299 4142 ¹
326 4110 393 4155 Vide
403 4119 491 4163 supra,
502 4116 521 4153 t.
530 4119 567 4163 nr,
576 4119 636 4162 pag.
646 4108 683 4152 181
696 4114 721 4152 et
733 4108 779 4161 182,
791 4108 873 4161 11884,
885 4108 928 4153 ubl
939 4108 966 4152 ln
980 4107 1064 4163 prima
1074 4110 1242 4153 annotatione
1255 4120 1315 4164 pag.
1328 4110 1368 4153 182
1383 4110 1480 4154 indica·

243 4186 291 4225 'tur
300 4180 347 4225 stt.
355 4181 452 4235 Ignatii
461 4192 533 4226 mens
543 4188 570 4225 et
580 4182 711 4225 sententia
721 4182 751 4223 de
763 4180 897 4234 utriusque
907 4187 997 4225 coetus
1011 4182 1215 4235 coniunctione...
1226 4181 1275 4227 “29
1286 4180 1340 4225 Che
1355 4193 1406 4227 non
1420 4194 1480 4228 con·

244 4254 322 4297 11111
332 4254 379 4297 che
389 4254 408 4297 ll
421 4253 498 4298 Padrl
509 4252 612 4297 Teetlni
620 4253 693 4297 siano
703 4253 769 4297 nnltl
779 4254 833 4297 alla
843 4258 934 4297 nostra
942 4252 1124 4308 comparata„
1134 4253 1270 4309 Polancus,
1280 4264 1312 4297 ex
1319 4265 1393 4307 com„
1404 4254 1479 4300 Patri

246 4326 381 4379 alphonso
390 4324 532 4369 Salmeron.

287 4395 300 4428 ⁸
325 4396 626 4452 supremamque.

287 4470 300 4501 ⁴
326 4468 394 4513 Vide
404 4480 491 4524 supra.
502 4480 562 4525 pag.
572 4468 607 4523 to,
617 4474 704 4514 annot.
713 4467 727 4511 2
736 4472 763 4511 et
773 4467 788 4511 t
797 4468 830 4511 ad
841 4480 864 4514 1.
877 4469 924 4515 rte.

289 4540 302 4574 ⁸
328 4540 395 4585 Vide
406 4540 502 4586 Canlsli
512 4542 617 4586 litteras
627 4542 659 4585 ad
671 4540 778 4585 Patrem
789 4539 902 4599 Laynez,
913 4542 1056 4597 Vlcnrlum,
1072 4541 1223 4597 lngolstadli
1239 4544 1316 4587 datas
1326 4542 1360 4586 l.¹
1373 4541 1479 4587 Decem-

245 4614 304 4656 brls
313 4612 456 4669 1111111111
467 4613 525 4668 1556,
537 4614 605 4668 apud
616 4613 830 4667 Bnanrsnerose,
841 4616 857 4659 l.
867 4626 890 4661 e.
901 4620 919 4659 t.
930 4626 958 4671 n,
966 4626 1026 4670 pag.
1036 4614 1071 4659 33.
