3642 5350
790 460 853 519 aa.
875 416 946 518 roso
1426 453 1483 513 aaa

236 614 291 665 ¹eo
310 603 405 682 quod
424 620 489 666 nec
508 601 705 685 Imperator
724 604 892 683 Carolus,
914 620 980 667 nec
1002 602 1139 683 Regina
1155 600 1286 680 Maria,
1307 617 1373 663 nec
1388 597 1481 663 Con-

244 708 367 775 silium
381 708 572 775 Flandriae
586 720 691 792 atque
707 710 936 792 Burgundiae
951 711 1034 775 huic
1048 710 1193 790 negotio
1206 708 1388 773 favebant.

312 818 400 882 1946.
444 816 535 899 Quia
550 834 636 899 ergo
651 817 728 883 Rex
743 820 929 883 Bruxellas
948 819 1125 881 rediturus
1144 825 1239 895 erat,
1259 824 1295 879 et
1311 815 1424 879 nostri
1439 834 1481 878 eo

251 923 366 989 redire
381 924 589 1004 debueram
609 925 771 990 Lovanio
792 936 910 990 tamen
929 924 1187 1001 iterfecerunt,
1210 922 1270 986 ubi
1292 922 1405 1003 prima
1424 922 1481 985 die

250 1028 380 1110 Martii,
397 1048 488 1112 quae
504 1032 682 1096 dominica
697 1043 789 1112 erat,
806 1032 842 1097 P.
861 1032 1110 1112 Ribadeneyra
1121 1031 1159 1093 in
1173 1028 1326 1093 ecclesia
1340 1026 1400 1092 stt
1419 1026 1481 1091 Mi·

245 1136 384 1202 chaells
409 1139 642 1203 concionatus
668 1150 721 1204 est
744 1150 843 1203 tanta
867 1156 950 1203 cum
973 1137 1172 1223 frequentia
1198 1136 1417 1214 auditorum,
1443 1146 1481 1200 ut

247 1245 366 1309 nullus
380 1245 577 1309 viventium
592 1255 729 1310 tantam
744 1245 1003 1310 multitudinem
1013 1244 1309 1308 scholasticorum
1323 1242 1358 1306 in
1374 1258 1480 1305 unum

247 1350 366 1416 locum
381 1354 590 1417 convenisse
605 1352 757 1418 Lovanii
771 1353 915 1417 viderit.
930 1353 1068 1417 Etcum
1082 1352 1233 1415 ecclesia
1248 1349 1309 1415 Sul
1328 1348 1481 1414 Michae-

248 1456 294 1521 lls
307 1460 413 1524 valde
428 1477 544 1541 capax
560 1470 663 1540 esset,
682 1461 821 1526 duabus
831 1461 930 1524 horis
940 1469 1024 1523 ante
1033 1460 1172 1523 initium
1183 1457 1366 1523 concionis
1376 1458 1481 1539 plena

247 1577 340 1643 erat,
357 1575 392 1630 et
406 1568 496 1631 mira
511 1584 659 1648 prorsus
673 1578 750 1633 erat
765 1569 986 1633 audientium
1001 1567 1210 1631 satisfactio.

312 1672 400 1737 1947.
443 1673 593 1738 Dicebat
608 1675 751 1756 quidam
764 1676 903 1755 nobilis,
917 1676 1027 1739 irater
1039 1674 1199 1738 uterinus
1210 1672 1385 1737 Ducissae
1396 1671 1481 1736 Par·

249 1781 393 1860 mensis,
409 1782 551 1845 cuidam
567 1782 693 1861 amico,
710 1800 748 1847 se
764 1791 917 1863 quatuor
931 1793 967 1846 et
982 1782 1136 1863 quinque
1150 1783 1271 1844 leucas
1289 1788 1481 1843 venturum

244 1902 329 1950 esse
357 1888 525 1967 libenter,
555 1899 592 1952 ut
621 1886 823 1968 hujusmodi
847 1890 1040 1953 conciones
1065 1887 1219 1966 audiret;
1246 1896 1281 1951 et
1305 1886 1482 1951 invitabat

248 1992 360 2057 alium
380 1995 426 2058 ad
446 1996 636 2059 conciones
656 1995 856 2077 hujusmodi
877 1996 1084 2075 audiendas,
1108 1998 1146 2059 in
1164 1993 1307 2073 Europa
1330 1993 1481 2058 similem

250 2116 322 2165 non
344 2118 422 2165 esse
443 2102 744 2183 concionatorem,
761 2102 952 2167 affirmans.
979 2103 1024 2166 Et
1045 2104 1134 2167 haec
1149 2104 1228 2183 ipsa
1244 2102 1354 2165 verba
1374 2101 1481 2163 abeo

244 2206 399 2273 audivit.

314 2312 400 2379 1948.
444 2313 691 2381 Audiebantur
707 2327 827 2381 autem
841 2317 877 2380 in
892 2317 1122 2381 concionibus
1137 2316 1263 2379 crebra
1276 2313 1430 2395 suspiria
1446 2321 1482 2376 et

244 2422 414 2501 gemitus
430 2421 504 2487 Alii
518 2424 625 2488 etiam
640 2424 791 2487 ubertim
807 2425 988 2505 lacrymas
1001 2423 1149 2487 fundere
1163 2422 1412 2488 cernebantur.

313 2529 401 2593 1949.
444 2530 574 2593 Iterum
589 2530 767 2595 dominica
782 2532 944 2611 sequenti
963 2530 1238 2594 concionaturus
1259 2538 1353 2607 erat,
1375 2539 1411 2591 et
1431 2529 1481 2592 in·

250 2638 353 2700 terim
371 2634 555 2702 Decanum
569 2648 604 2702 et
619 2637 880 2703 Cancellarium
895 2638 1141 2702 lovaniensem
1160 2636 1303 2701 allocuti
1323 2643 1405 2700 sunt
1420 2652 1480 2700 no·

246 2745 334 2823 stri,
361 2744 420 2824 qui
444 2761 589 2825 operam
616 2763 718 2809 suam
739 2745 834 2826 apud
853 2745 989 2824 Regem
1004 2746 1129 2809 obtulit
1148 2745 1315 2824 officiose,
1337 2761 1418 2808 cum
1436 2745 1481 2806 ab

252 2849 330 2930 ipso
344 2852 389 2914 ad
401 2853 536 2915 curiam
547 2853 650 2916 simul
662 2870 744 2916 cum
754 2852 1025 2934 Inquisitoribus
1036 2862 1258 2931 evocaretur,
1270 2861 1309 2914 ut
1319 2851 1363 2915 de
1376 2851 1481 2914 modo

247 2959 445 3039 'repellendi
469 2961 657 3023 haeresum
681 2976 912 3040 progressum
937 2960 973 3023 in
1001 2958 1160 3024 inferiori
1181 2959 1374 3024 Germania
1399 2974 1481 3037 age·

252 3073 341 3128 rent.

314 3171 402 3236 1950.
446 3173 641 3238 Doctorem
657 3175 764 3238 etiam
781 3175 1010 3239 Amerozium
1024 3173 1168 3238 allocuti
1182 3184 1276 3251 sunt,
1291 3173 1349 3254 qui
1364 3173 1483 3235 Attre·

251 3275 406 3342 batensis
421 3279 588 3361 Episcopi
601 3291 812 3361 praeceptor
827 3281 955 3360 suerat3
971 3291 1007 3345 et
1023 3298 1093 3343 non
1109 3281 1223 3343 solum
1235 3277 1281 3342 ad
1294 3279 1362 3342 hoc
1374 3295 1480 3358 nego·

251 3385 339 3449 tium
359 3386 597 3450 admittendae
617 3385 805 3450 Societatis
824 3405 925 3451 suam
946 3405 1091 3468 operam
1107 3387 1269 3467 promisit
1289 3385 1383 3467 apud
1402 3386 1480 3466 Epi·

247 3508 412 3574 scopum,
430 3493 492 3556 sed
508 3493 602 3573 apud
617 3494 778 3556 eumdem
790 3503 916 3574 sponte
929 3509 993 3556 sua
1009 3493 1052 3558 de
1067 3494 1229 3573 collegio,
1242 3511 1262 3556 a
1276 3493 1458 3574 praedicto
1472 3490 1481 3524 ⁸

249 3599 410 3664 sabaudo
420 3600 782 3677 instituto,utscilicet
794 3598 1265 3678 adSocietatemdeveniret,
1276 3611 1481 3664 curaturum

246 3721 289 3770 se
301 3708 536 3788 recepturam
545 3706 806 3770 Attrebatensis
817 3707 1014 3788 Episcopus
1026 3724 1200 3772 summam
1213 3724 1255 3771 ea
1267 3707 1304 3770 in
1314 3725 1353 3770 re
1361 3717 1482 3770 aucto·

247 3814 394 3878 ritatem
409 3814 572 3878 habebat.

314 3921 402 3986 1951.
446 3921 524 3985 Non
540 3921 605 3984 luit
619 3931 737 3985 autem
757 3921 952 4003 permissus
971 3923 1175 3987 concionari
1194 3923 1356 4001 Lovanii,
1378 3930 1482 4002 prout

245 4029 483 4094 constituerat
498 4028 535 4093 Ρ.
552 4028 812 4109 Ribadeneyra,
831 4047 874 4094 ex
886 4031 986 4094 curia
1000 4030 1110 4110 Regis
1121 4039 1303 4107 evocatus,
1320 4046 1390 4110 quo
1405 4045 1482 4110 per·

249 4147 424 4201 venerant
439 4137 578 4202 litterae
593 4137 709 4202 Roma
724 4137 865 4200 missae.

312 4243 400 4309 1952.
443 4244 571 4310 Comes
594 4256 714 4310 autem
732 4243 858 4308 Feriae
880 4253 1072 4309 curaverat
1092 4261 1203 4325 prope
1218 4244 1363 4307 domum
1380 4259 1483 4307 suam

246 4483 461 4529 lateran-vlam
471 4492 511 4530 est
521 4495 587 4540 ‹ruae
597 4485 644 4530 sub
660 4485 708 4528 hoc
723 4483 800 4528 tltulo
815 4483 988 4537 contlnentur,
1005 4496 1037 4530 ea
1051 4496 1109 4530 cum
1124 4485 1275 4529 narratlone
1291 4485 1361 4529 llllus
1371 4484 1484 4538 Collegit

243 4555 421 4601 eontlnuanda
431 4568 497 4609 esse,
507 4563 596 4612 utpote
608 4567 666 4601 cum
676 4557 731 4610 lpso
742 4561 815 4600 arcte
827 4557 1005 4602 cohaerentla:
1015 4558 1108 4602 deinde
1124 4559 1241 4601 narratlo
1256 4567 1290 4601 aa
1306 4567 1407 4601 rostris
1418 4553 1487 4599 Ton-

161 4677 163 4682 ,
246 4629 571 4684 utcanstaussubjlcletun

292 4703 299 4730 ¹
329 4698 421 4756 Supra,
432 4713 456 4746 n.
468 4701 707 4756 lla-Datames,
716 4703 733 4747 l.
745 4715 758 4748 c
769 4715 847 4758 ,pam
857 4701 884 4748 33
894 4705 915 4759 ⁸,
926 4713 1015 4749 annot.
1027 4705 1049 4746 1.
