3642 5350
785 424 849 485 Au.
870 424 941 484 1556
1424 426 1479 487 403

245 574 361 638 sessus
376 581 430 637 est
445 571 483 638 Ρ.
500 572 745 651 Coviglionius
760 589 805 635 ex
820 569 943 634 dolore
962 579 997 635 et
1018 570 1221 637 infirmitate
1240 572 1366 655 capitis
1386 575 1479 639 acci·

247 678 330 745 dere
345 680 422 755 sibi,
438 690 477 744 ut
493 680 610 761 aliqua
625 680 838 761 loqueretur,
854 695 947 759 quae
960 694 1005 742 ne
1019 678 1086 759 ipsi
1100 679 1241 761 quidem
1257 690 1383 761 postea
1396 698 1474 763 pro·

246 788 426 852 barentur.
443 788 487 853 Et
506 787 648 868 Rector,
667 787 850 869 ingenium
870 786 1023 851 hominis
1041 802 1275 869 cognoscens,
1296 791 1406 854 multo
1424 789 1476 855 la·

247 895 349 960 cilius
363 895 489 960 deinde
509 895 685 961 infirmum
700 895 789 974 tulit,
806 902 841 958 et
863 911 950 972 cum
963 894 1130 973 externis,
1152 896 1223 977 qni,
1243 896 1476 969 acrimoniam

248 1003 572 1084 reprehensionum,
590 1001 798 1083 praesertim
813 1001 850 1064 in
861 998 1095 1081 jurisperitos,
1108 1001 1227 1083 inique
1242 1004 1407 1084 tulerant,
1424 1006 1476 1070 sic

247 1109 322 1191 ejus
336 1110 468 1175 lactum
483 1109 615 1175 Rector
629 1108 827 1187 excusavit,
843 1115 883 1172 ut
897 1108 1015 1172 omnia
1026 1107 1110 1171 boni
1120 1110 1305 1175 consulere
1315 1110 1479 1176 videren-

247 1228 315 1296 tur;
332 1228 367 1281 et
382 1220 432 1282 ita
447 1217 610 1282 omnibus
624 1216 737 1281 nostri
750 1216 846 1298 grati
860 1232 939 1279 esse
955 1224 1159 1295 coeperunt.

310 1324 397 1391 1726.
440 1326 559 1407 ipsum
579 1333 697 1390 autem
716 1324 837 1389 Drem.
858 1324 1108 1404 Coviglonium
1122 1326 1317 1392 cautiorem
1331 1328 1427 1393 domi
1440 1337 1476 1394 et

246 1434 333 1497 soris
347 1432 437 1497 haec
452 1433 530 1513 ipsa
543 1431 715 1497 fecerunt.
728 1430 879 1513 ipsemet
894 1440 1013 1496 autem
1027 1431 1178 1497 Romam
1188 1434 1344 1515 scripsit,
1356 1444 1475 1501 aucto·

247 1542 388 1605 ritatem
403 1558 511 1621 super
525 1539 713 1604 Rectorem
729 1539 860 1603 habere
871 1555 1035 1619 renuens,
1048 1540 1154 1605 bilem
1165 1558 1267 1605 snam
1278 1543 1417 1624 timens,
1430 1562 1476 1608 ne

247 1659 390 1731 propter
405 1666 496 1727 eam,
512 1648 658 1725 scilicet,
675 1665 718 1711 ea
733 1647 946 1712 auctoritate
956 1661 1084 1726 pamm
1095 1648 1351 1732 circumspecte
1364 1660 1476 1716 utere·

247 1766 315 1820 tur,
342 1754 497 1837 Optabat
521 1763 639 1827 autem
665 1764 703 1819 ut
725 1752 865 1833 Rector,
888 1754 925 1818 in
943 1770 982 1819 se
996 1763 1031 1818 et
1046 1752 1084 1819 Ρ.
1101 1754 1262 1821 Hurtado
1277 1758 1473 1823 collaterali

247 1862 475 1942 consulendo,
502 1862 704 1942 diligentior
726 1871 835 1941 esset;
862 1862 969 1925 alium
988 1862 1095 1926 etiam
1116 1863 1296 1945 lectorem,
1313 1882 1378 1930 suo
1393 1867 1472 1931 loco

247 1970 350 2046 mitti,
377 1972 575 2034 consultum
599 1969 756 2051 putabat;
778 1969 944 2050 quamvis
960 1969 1037 2049 ipse
1055 1986 1127 2033 non
1148 1971 1413 2037 subtracturum
1434 1990 1474 2039 se

247 2080 413 2143 humeros
427 2078 471 2142 ab
486 2078 553 2143 hoc
569 2095 675 2142 onere
697 2076 911 2156 affirmabat,
933 2075 1046 2141 donec
1066 2078 1297 2144 succumbere
1317 2089 1353 2144 et
1372 2082 1409 2145 in
1428 2082 1474 2146 le·

246 2198 343 2252 ctum
357 2187 520 2252 decidere
533 2172 731 2265 cogeretur.

308 2294 395 2359 1727.
438 2294 534 2358 Dum
548 2293 671 2357 aberat
685 2292 902 2373 Ingolstadio
921 2292 959 2357 Ρ.
983 2293 1157 2373 Canisius,
1182 2296 1323 2360 curavit
1344 2296 1474 2363 Rector

246 2402 395 2482 Collegii
409 2410 447 2466 ut
463 2401 686 2467 Universitas
701 2400 805 2465 simul
820 2417 900 2465 cum
914 2400 992 2481 ipso
1007 2397 1171 2482 Principe
1185 2401 1222 2465 in
1237 2420 1354 2467 novae
1371 2406 1473 2469 scho-

245 2512 300 2575 lae
315 2509 570 2574 institutionem
587 2508 838 2586 consentirent,
854 2523 946 2589 quae
957 2526 979 2572 a
989 2505 1127 2572 duabus
1141 2507 1368 2575 inferioribus
1382 2513 1469 2576 clas·

245 2619 508 2700 sibus,propter
518 2616 588 2682 loci
597 2616 783 2698 penuriam
793 2627 827 2680 et
838 2616 1026 2680 hibernum
1036 2624 1186 2698 tempus,
1199 2618 1384 2683 exordium
1395 2637 1471 2685 coe·

245 2728 309 2808 pit;
324 2743 391 2790 nec
405 2723 575 2791 mediocri
588 2723 719 2804 gaudio
734 2725 847 2788 nostri
860 2732 895 2788 et
909 2723 979 2804 ipsi
993 2723 1113 2789 affecti
1127 2733 1221 2803 sunt,
1237 2727 1297 2806 qui
1312 2725 1405 2792 hanc
1421 2727 1473 2809 iu·

246 2834 403 2898 ventntis
417 2831 684 2909 institutionem,
701 2829 834 2896 Romae
849 2849 870 2894 a
886 2828 924 2895 P.
940 2831 1079 2910 ignatio
1094 2831 1160 2895 sibi
1174 2833 1470 2915 commendatam,

247 2939 293 3003 ad
307 2940 374 3004 hoc
388 2956 501 3021 usque
515 2948 654 3020 tempus
668 2937 826 3002 obtinere
840 2955 912 3002 non
931 2946 1132 3018 potuerant.

309 3045 397 3111 1728.
440 3045 669 3125 Promnlgata
684 3045 793 3125 igitur
807 3045 876 3109 hac
897 3045 1032 3124 schola,
1053 3046 1087 3109 ei
1104 3045 1352 3126 praefecerunt
1373 3049 1475 3132 Jodo·

246 3156 363 3234 chum,
380 3154 529 3218 Paulum
544 3161 578 3217 et
592 3151 770 3234 Joannem¹
780 3151 916 3232 Ximer,
933 3153 994 3234 qui
1003 3150 1151 3216 Fratres
1162 3170 1297 3234 omnes,
1312 3158 1476 3237 germani

245 3263 400 3342 natione,
416 3259 586 3326 Societati
607 3269 752 3325 nostrae
770 3277 817 3324 ex
837 3259 997 3339 Collegio
1016 3258 1230 3326 Germanico
1249 3279 1288 3326 se
1307 3261 1475 3344 adjunxe-

246 3381 339 3445 runt;
356 3369 419 3434 sed
433 3369 516 3450 quia
532 3367 658 3433 unicus
672 3375 807 3431 tantum
827 3376 904 3432 erat
923 3367 1024 3430 locus
1038 3366 1074 3430 in
1095 3366 1252 3448 Collegio
1271 3379 1394 3435 nostro
1416 3373 1476 3437 ubi

247 3485 392 3557 possent
407 3476 506 3558 pueri
521 3476 653 3554 doceri,
669 3475 706 3539 in
721 3474 819 3538 illum
840 3474 877 3537 hi
896 3483 1147 3555 praeceptores
1169 3474 1279 3541 futuri
1302 3495 1474 3543 convene·

247 3593 341 3666 runt;
358 3584 520 3666 quamvis
535 3583 624 3648 alter
640 3591 850 3664 praeceptor
861 3581 965 3646 alteri
976 3581 1108 3662 aliquid
1119 3582 1361 3664 impedimenti
1374 3602 1473 3666 prae·

248 3693 383 3772 stabat;
399 3691 462 3755 sed
477 3708 557 3755 cum
575 3687 645 3754 23.·
659 3688 824 3753 Octobris
842 3688 933 3753 haec
951 3689 1074 3753 schola
1092 3689 1217 3754 suisset
1237 3693 1474 3773 promulgata,

246 3799 365 3881 potius
391 3815 473 3864 cum
497 3797 566 3863 hoc
585 3795 808 3863 incommodo
830 3797 951 3861 statim
970 3796 1140 3862 inchoare
1162 3806 1197 3862 et
1218 3799 1475 3881 aequanimiter

247 3906 445 3971 molestiam
457 3903 687 3989 praedictam,
701 3922 747 3968 ex
757 3905 836 3968 loco
846 3904 1109 3985 procedentem,
1121 3906 1308 3980 sustinere,
1320 3923 1427 3988 quam
1438 3909 1475 3974 in

246 4013 341 4080 aliud
355 4025 494 4096 tempus
507 4012 721 4094 principium
735 4010 879 4076 scholae
893 4011 1035 4076 differre
1046 4008 1272 4095 [voluerunt].

308 4121 396 4186 1729.
439 4120 624 4186 Venerunt
638 4129 757 4186 autem
770 4119 886 4202 prima
900 4119 1122 4184 hebdomada
1142 4121 1379 4202 quadraginta
1392 4141 1475 4206 pue·

244 4231 275 4295 ri
289 4229 598 4311 ingolstadienses,
612 4236 648 4292 et
662 4227 721 4292 ubi
740 4227 836 4292 sama
858 4227 904 4292 ad
925 4236 1093 4292 externos
1112 4229 1345 4309 pervenisset,
1367 4231 1473 4312 majo·

245 4354 320 4402 rem
347 4336 548 4402 auditorum
571 4333 831 4401 multitudinem
855 4335 1066 4416 sperabant;
1086 4343 1121 4398 et
1146 4335 1207 4415 ita,
1227 4344 1301 4400 tam
1318 4338 1475 4421 theologi

245 4443 467 4526 professores
487 4461 594 4527 quam
615 4443 864 4508 humaniorum
885 4443 1096 4521 litterarum,
1112 4459 1236 4506 omnes
1255 4461 1387 4510 nervos
1399 4447 1474 4512 dili

245 4561 372 4633 genter
385 4551 626 4632 intendebant,
642 4560 681 4615 ut
696 4559 731 4615 et
745 4549 838 4614 Duci
849 4559 884 4614 et
895 4549 1028 4614 civium
1038 4550 1287 4632 expectationi,
1301 4570 1392 4634 quae
1402 4573 1474 4621 non

246 4679 360 4743 parva
375 4668 466 4741 erat,
481 4658 680 4724 satisfieret.
699 4659 743 4722 Et
758 4658 844 4739 ipsis
855 4657 955 4722 seriis
967 4657 1248 4739 vindemialibus,
1261 4676 1341 4724 cum
1353 4679 1474 4745 super·
