3642 5350
343 431 397 495 782
802 434 930 496 Cenon.
951 431 1028 495 Soc.
1048 432 1119 509 Jrs.

344 580 398 645 sia
420 580 705 645 concionaretur.
728 580 817 645 Cum
842 588 961 645 autern
983 578 1142 661 religiosi
1160 576 1377 644 61611168.τι
1398 576 1577 645 Dominici

344 696 424 769 post
440 688 574 753 obitum
588 687 627 752 Ρ.
643 687 816 770 Gasparis
834 686 843 720 ¹
858 688 925 753 soli
939 695 1149 769 suggestum
1163 684 1389 752 cathedralis
1401 686 1577 751 ecclesiae

345 794 553 875 tenuissent,
569 795 715 861 timebat
733 794 772 860 P.
794 793 959 876 Quadros
980 813 1026 860 ne
1043 794 1094 859 illi
1112 792 1388 875 offenderentur;
1403 802 1439 859 et
1453 792 1503 859 ita
1521 810 1575 858 re·

344 902 433 969 stitit
447 902 604 985 capitulo
619 902 834 985 aliquandiu,
850 920 870 966 a
885 920 956 984 quo
970 911 1090 967 tamen
1103 899 1180 983 ejus
1194 902 1354 966 rationes
1367 919 1439 967 non
1449 900 1572 966 admit·

343 1010 526 1089 tebantur,
547 1008 654 1075 immo
674 1010 879 1092 scrupulum
899 1010 1062 1090 ingerere
1086 1010 1233 1089 nostris,
1253 1007 1333 1073 nisi*
1345 1026 1466 1074 curam
1490 1024 1573 1073 eam

345 1118 600 1199 suscepissent,
617 1117 835 1197 nitebantur,
852 1117 947 1199 quod
961 1117 1007 1181 ad
1021 1117 1057 1182 id
1078 1117 1192 1182 teneri
1211 1117 1365 1198 quodam
1386 1116 1492 1183 modo
1512 1131 1572 1181 no·

342 1235 438 1291 stros
464 1225 721 1291 existimarent.
750 1223 904 1290 Demum
932 1242 1013 1290 curn
1038 1223 1284 1290 Gubernatore
1308 1224 1473 1291 canonici
1497 1240 1573 1289 rem

342 1333 583 1412 contulerunt;
606 1340 642 1398 et
655 1333 714 1397 ille
729 1350 751 1396 a
764 1331 803 1396 P.
825 1331 985 1397 Antonio
1000 1332 1045 1397 de
1066 1330 1231 1413 Quadros
1251 1330 1418 1411 obtinuit,
1433 1338 1472 1395 ut
1492 1347 1574 1396 con-

342 1441 561 1506 cionatorem
575 1438 799 1505 cathedralis
813 1440 987 1505 ecclesiae
998 1439 1111 1521 daret,
1124 1440 1187 1505 sed
1198 1439 1267 1503 hac
1278 1455 1360 1505 cum
1372 1437 1574 1505 conditione

342 1547 381 1613 P.
397 1547 576 1613 Antonius
590 1547 627 1611 id
642 1548 830 1629 concessit,
846 1557 885 1613 ut
899 1547 1188 1631 permitterentur
1206 1547 1364 1628 religiosi
1378 1544 1439 1610 83¹
1454 1543 1573 1612 Domi·

342 1656 414 1720 nici
428 1656 632 1721 alternatim
647 1672 728 1720 cum
742 1654 874 1721 nostris
888 1654 1108 1736 concionari,
1124 1664 1159 1719 et
1174 1654 1367 1736 capitulum
1382 1653 1572 1735 acquievit,

341 1773 377 1828 et
401 1760 531 1828 ibidem
555 1761 763 1829 concionari
785 1760 825 1827 P.
854 1761 1029 1827 Melcbior
1052 1762 1212 1828 Carnero
1236 1762 1373 1844 coepit,
1401 1770 1436 1827 et
1467 1760 1573 1827 valde

341 1870 504 1935 omnibus
518 1877 685 1952 acceptus
701 1878 789 1935 erat.

400 1976 493 2042 3363.
534 1976 605 2043 Sed
618 1984 806 2059 postquam
820 1976 879 2041 ille
893 1975 1064 2042 Cocchini
1077 1986 1131 2043 est
1144 1978 1285 2057 missus,
1302 1976 1340 2046 P.
1356 1976 1573 2041 Franciscus

341 2084 543 2165 Rodriguez
557 2086 590 2149 ei
604 2086 641 2150 in
656 2084 879 2151 cathedralis
892 2086 1066 2150 ecclesiae
1081 2085 1311 2150 concionibus
1324 2084 1514 2163 successim
1536 2092 1573 2148 et

341 2193 571 2258 nihilominus
596 2193 689 2258 idem
715 2193 752 2257 in
775 2194 928 2257 ecclesia
953 2192 1104 2274 collegii
1130 2194 1242 2259 nostri
1266 2192 1467 2257 alternatim
1490 2206 1572 2255 cum

341 2300 380 2366 P.
398 2299 555 2367 Antonio
570 2300 614 2366 de
628 2298 793 2382 Quadros
807 2300 995 2367 dominicis
1009 2310 1045 2366 et
1059 2301 1160 2366 iestis
1177 2301 1301 2367 diebus
1319 2316 1425 2365 mane
1442 2307 1478 2364 et
1491 2306 1573 2380 post

340 2408 524 2473 meridiem
534 2408 578 2474 de
589 2408 752 2474 doetrina
763 2408 958 2473 christiana
969 2409 1260 2474 concionabatur:
1269 2408 1442 2489 Magister
1453 2415 1572 2471 autem

341 2516 522 2581 Gonzalus
536 2514 738 2597 Rodriguez
752 2516 789 2580 in
804 2515 958 2598 quadam
972 2516 1142 2598 parochia
1158 2515 1251 2582 idem
1265 2516 1436 2595 iaciebat,
1453 2523 1489 2578 et
1509 2515 1573 2577 ali·

341 2622 480 2706 quoties
494 2621 530 2688 id
545 2624 661 2706 ipsum
675 2622 714 2688 P.
729 2622 907 2689 Antonius
922 2624 966 2690 de
984 2624 1151 2690 Heredia.
1172 2624 1212 2690 In
1233 2625 1304 2690 alia
1327 2632 1446 2689 autem
1466 2638 1571 2705 paro·

341 2731 423 2797 chia
436 2727 477 2796 P.
493 2729 671 2813 Mezquita
685 2730 722 2795 id
737 2731 1084 2813 ipsumpraestabat.

399 2837 491 2904 3364.
533 2839 656 2922 ltaque
681 2857 753 2903 non
773 2839 922 2904 deerant
935 2856 1132 2920 praecones
1151 2840 1251 2904 verbi
1265 2837 1345 2903 Dei.
1360 2838 1440 2920 Ipse
1463 2837 1570 2902 etiam

341 2963 456 3012 novus
471 2945 722 3026 Prouincialis,
739 2945 777 3012 P.
794 2945 975 3012 Gonzalus
989 2947 1033 3012 de
1051 2945 1206 3028 Silvera,
1223 2963 1304 3011 cum
1325 2955 1432 3011 noctu
1453 2945 1570 3010 Goam

339 3053 548 3137 appulisset,
565 3062 600 3118 et
619 3054 801 3134 postridie,
823 3071 894 3135 quo
914 3054 1062 3120 Infantis
1080 3054 1255 3120 Ludovici
1272 3053 1378 3118 funus
1392 3054 1429 3119 in
1442 3052 1571 3118 Cathe-

340 3162 431 3227 drali
452 3161 583 3243 templo
609 3161 749 3225 celebre
773 3160 894 3242 fiebat,
915 3163 1033 3243 coepit
1055 3162 1270 3243 concionari,
1291 3171 1424 3227 etcum
1438 3178 1568 3243 magna

339 3270 459 3352 populi
473 3269 709 3334 commotione
724 3276 760 3333 et
772 3268 944 3351 lacrymis
957 3269 1025 3335 hoc
1038 3285 1167 3335 munus
1180 3270 1308 3352 exequi
1322 3270 1450 3351 coepit.

399 3375 503 3442 3366.Ι
534 3375 738 3441 Attulerant
752 3377 865 3441 nostri
879 3377 1058 3459 quoddam
1070 3375 1263 3459 J‘ubilaeum
1278 3375 1403 3442 aSede
1418 3376 1570 3458 Aposto-

340 3485 409 3550 lica
424 3498 650 3564 concessum
670 3483 860 3565 quodcum
880 3486 1185 3566 promulgassent,
1209 3501 1290 3549 cum
1312 3500 1444 3565 magna
1466 3484 1572 3549 devo·

339 3593 435 3658 tione
449 3592 602 3674 populus
616 3591 663 3655 ad
676 3599 941 3657 sacramentum
952 3593 1185 3658 confessionis
1196 3591 1407 3672 continebar
1419 3601 1455 3656 et
1465 3594 1572 3672 pauci

337 3701 406 3766 hoc
420 3698 489 3764 Dei
499 3697 670 3764 beneficio
685 3698 820 3779 privari
835 3701 1036 3781 voluerunt,
1053 3709 1087 3765 et
1099 3699 1237 3764 duobus
1248 3699 1435 3766 dominicis
1446 3700 1570 3765 diebus

337 3807 411 3872 iere
426 3807 520 3872 mille
534 3805 696 3871 homines
711 3816 791 3887 post
806 3807 1066 3873 confessionem
1079 3809 1115 3874 in
1130 3809 1261 3890 templo
1276 3816 1398 3873 nostro
1413 3824 1569 3872 commu·

337 3915 517 3990 nicarunt;
536 3913 638 3978 multi
651 3913 759 3978 etiam
779 3914 815 3978 in
834 3913 913 3978 aliis
927 3915 1154 3980 monasteriis
1174 3924 1209 3980 61
1228 3915 1389 3980 ecclesiis
1411 3915 1570 3980 civitatis

337 4021 430 4088 idem
451 4022 628 4101 fecerunt;
650 4021 714 4085 sed
733 4021 829 4085 dorni
847 4030 992 4087 nostrae
1012 4026 1112 4087 tanta
1133 4031 1210 4086 erat
1229 4022 1483 4104 poenitentium
1501 4021 1570 4086 ire-

337 4129 491 4213 quentia,
505 4139 543 4194 ut
558 4146 631 4193 non
644 4129 759 4192 solum
771 4129 807 4192 in
818 4128 970 4194 ecclesia
981 4137 1017 4194 et
1027 4129 1204 4209 claustris,
1221 4129 1284 4193 sed
1297 4129 1404 4194 etiam
1416 4129 1569 4195 111116116

338 4237 547 4304 confessarii
559 4235 673 4300 nostri
687 4243 722 4299 et
736 4233 946 4301 coufitentes
960 4236 1079 4301 omnia
1095 4236 1358 4318 quodammodo
1369 4237 1569 4317 implerent,

338 4358 372 4412 et
387 4347 450 4412 vix
464 4344 665 4427 respirandi
679 4352 818 4425 tempus
833 4344 1039 4410 sacerdotes
1058 4345 1249 4409 habebant.

394 4453 486 4518 3366.
531 4451 632 4532 Quod
660 4451 704 4515 ad
728 4451 871 4516 scholas
896 4453 1038 4533 attinet,
1061 4470 1108 4517 611
1128 4453 1258 4533 quibus
1276 4453 1334 4518 vel
1357 4453 1570 4534 praecipuus

376 4624 385 4658 ¹
413 4621 606 4678 1111116111161
617 4621 808 4666 oolmmreicrt
818 4619 948 4668 Polancne
958 4623 1097 4668 1616611111
1108 4623 1169 4668 1663.
1178 4622 1248 4669 Vide
1258 4633 1347 4679 snpra,
1364 4628 1384 4669 t.
1399 4633 1438 4679 m,
1452 4633 1514 4679 m.
1528 4621 1570 4668 ΑΒ

337 4703 364 4742 et
374 4695 422 4749 136,
432 4707 457 4740 6.
471 4693 530 4748 illel,
540 4701 629 4738 annot.
640 4693 649 4735 1
662 4699 688 4736 et
699 4693 722 4736 2.
