3642 5350
317 426 369 497 150
774 433 902 497 Canon.
923 434 1000 497 Soc.
1021 436 1091 509 Jns.

317 584 412 665 quod
436 583 549 647 Albae
574 581 728 647 Ducissa
755 581 764 613 ¹
789 592 932 647 nostros
949 583 1071 646 videre
1089 582 1151 645 vix
1170 594 1301 663 posset,
1322 598 1430 662 eques
1454 581 1543 644 dixit

317 708 392 754 rem
407 692 456 753 ita
472 708 510 753 se
524 690 667 769 habere,
683 700 718 753 et
731 689 917 753 historiam
928 690 1047 753 retulit
1059 689 1247 771 quamdam
1262 689 1308 751 ad
1322 689 1541 769 praedictam

316 798 505 863 Ducissam
529 805 564 861 et
588 796 779 861 Dominum
807 797 1030 861 Moscheram
1054 799 1304 878 pertinentem,
1333 806 1369 860 et
1393 796 1542 876 subiecit

317 905 409 986 quod
426 904 612 967 Moschera
633 905 837 985 praedictus
862 922 933 967 non
952 907 1062 968 multo
1083 915 1163 985 post
1188 904 1233 966 ad
1258 904 1540 967 benevolentiam

318 1028 404 1091 erga
417 1010 629 1075 Societatem
643 1012 694 1075 sic
709 1028 905 1075 conversus
924 1020 1028 1091 esset,
1044 1022 1082 1075 ut
1104 1012 1198 1074 bona
1218 1028 1294 1089 sua,
1317 1028 1407 1089 quae
1432 1012 1543 1073 multa

317 1120 427 1182 millia
442 1119 652 1182 ducatorum
666 1120 843 1197 valebant,
866 1118 1033 1183 Societati
1048 1118 1215 1183 donasset
1230 1117 1252 1177 ³.
1275 1118 1375 1181 Tunc
1396 1116 1478 1181 Dux
1493 1119 1543 1181 in·

318 1228 404 1307 quit:
420 1226 482 1291 “Et
493 1227 560 1290 hoc
571 1244 615 1289 ne
627 1226 688 1289 tibi
701 1228 902 1306 probaturi,
922 1226 1127 1306 significans
1139 1227 1205 1289 sibi
1214 1244 1285 1289 non
1293 1226 1437 1305 probari
1448 1224 1543 1304 quod

317 1334 477 1398 Societas
492 1343 565 1397 tam
579 1336 689 1397 multa
704 1334 796 1397 bona
812 1333 1023 1397 admisisset.
1039 1334 1139 1397 Tunc
1158 1350 1276 1413 eques,
1294 1342 1332 1396 ut
1351 1333 1439 1396 liber
1453 1343 1541 1396 erat:

321 1440 607 1522 “numquid„,ait,
622 1440 702 1505 “tibi
714 1458 784 1504 non
795 1443 910 1521 placet
923 1450 960 1505 ut
972 1442 1174 1519 induantur,
1186 1451 1220 1503 et
1232 1442 1429 1517 comedant,
1440 1448 1475 1503 et
1486 1440 1546 1502 do-

319 1566 415 1612 mum
430 1548 614 1625 habeant?;
631 1549 710 1612 etsi
725 1548 829 1611 dares
844 1547 920 1628 ipse
946 1548 1068 1611 decem
1086 1549 1144 1611 vel
1159 1547 1344 1611 duodecim
1359 1547 1468 1611 millia
1482 1546 1542 1610 du·

320 1666 492 1734 catorum,
509 1664 547 1719 ut
566 1672 612 1718 ex
633 1655 684 1718 eis
701 1656 876 1735 viverent,
901 1656 1069 1719 deberent
1083 1673 1127 1717 ne
1148 1655 1197 1717 1111
1212 1656 1414 1730 recusare?„
1442 1654 1543 1717 Tunc

320 1763 403 1827 Dux
428 1781 500 1826 non
525 1772 598 1827 tam
623 1763 741 1827 multis
768 1780 857 1843 opus
882 1764 1015 1826 habere
1040 1760 1206 1844 [nostros]
1233 1763 1372 1826 dicebat
1395 1781 1503 1843 quam
1523 1779 1543 1824 a

319 1870 507 1935 Moschera
523 1878 747 1951 acceperant,
764 1879 802 1933 ut
813 1887 1007 1951 pauperem
1020 1872 1131 1933 vitam
1146 1871 1326 1933 ducerent.
1341 1868 1410 1933 Sed
1423 1887 1542 1949 eques:

321 1979 399 2043 “ubi
416 1979 565 2042 multum
589 1961 645 2041 est⁰
664 1976 759 2057 quod
783 1978 982 2057 comedant,
1009 1979 1108 2040 multi
1124 1978 1231 2040 etiam
1251 1986 1332 2041 sunt
1347 1978 1407 2058 qui
1428 1994 1546 2040 come·

320 2087 443 2165 dunt,;
471 2096 504 2149 et
529 2102 669 2165 semper
686 2087 806 2167 plures
825 2102 903 2149 esse
929 2086 987 2166 qui
1013 2095 1260 2149 consumerent
1286 2102 1392 2166 quam
1412 2086 1546 2147 reditus

321 2194 535 2272 sufficerent,
550 2193 677 2257 aiebat.
695 2192 755 2270 At,
771 2194 884 2273 inquit
899 2192 998 2257 Dux:
1018 2192 1108 2256 “Cur
1122 2210 1193 2256 non
1208 2192 1353 2273 faciunt,
1369 2193 1461 2255 sicut
1476 2210 1546 2255 mo·

319 2302 426 2365 nachi
440 2298 499 2365 S.t¹
518 2300 548 2363 F
550 2300 713 2379 rancisci,
731 2300 791 2381 qui
806 2317 851 2363 ex
873 2300 1107 2380 eleemosynis
1122 2301 1246 2364 vivunt
1261 2312 1296 2364 et
1311 2318 1383 2364 non
1397 2319 1442 2363 ex
1458 2301 1548 2364 redi·

320 2410 450 2489 tibus?„
467 2419 502 2472 et
521 2406 673 2472 subdidit
693 2408 874 2488 accepisse
894 2426 932 2471 se
953 2410 1090 2471 litteras
1112 2426 1158 2471 ex
1177 2408 1350 2487 Hispania
1370 2407 1463 2487 quod
1487 2409 1548 2470 ho-

320 2520 433 2581 mines
449 2516 576 2579 divites
590 2516 627 2578 111
641 2514 854 2579 Societatem
869 2516 1148 2594 admitterentur,
1165 2526 1200 2578 et
1219 2516 1312 2597 quod
1329 2516 1374 2578 ad
1394 2516 1487 2578 bona
1503 2516 1548 2577 de

320 2626 669 2706 consanguineorum
708 2622 869 2687 manibus
908 2623 1151 2704 recuperanda
1189 2624 1309 2688 statim
1347 2625 1545 2687 mittebant.

321 2733 438 2814 Eques
454 2733 540 2796 nibil
556 2732 694 2811 horum,
711 2749 802 2812 quae
818 2731 992 2794 referebat
1009 2730 1104 2810 Dux,
1121 2748 1158 2794 se
1178 2731 1270 2794 scire
1289 2733 1388 2809 dixit;
1409 2733 1472 2794 sed
1488 2730 1550 2794 no·v

321 2851 415 2904 stros
431 2859 469 2904 se
483 2840 550 2903 Dei
565 2855 690 2903 servos
705 2839 921 2914 existimare,
939 2848 974 2902 et
994 2838 1136 2902 demum
1155 2839 1244 2902 dixit
1262 2839 1367 2902 Duci:
1386 2839 1482 2913 “Ale,
1499 2839 1549 2901 in·

323 2948 408 3028 quit,
425 2947 577 3010 Domine
589 2947 647 3024 mi,
664 2946 729 3009 hos
745 2946 904 3009 homines
923 2946 1034 3009 intua
1050 2946 1193 3024 ditione,
1215 2946 1250 3008 in
1274 2964 1344 3027 qua
1364 2947 1550 3026 perutilem

323 3072 467 3134 operam
483 3054 700 3133 impendunt.
713 3052 832 3116 Facile
848 3053 951 3115 video
967 3053 1061 3134 quod
1077 3053 1143 3115 hos
1154 3053 1314 3116 homines
1325 3071 1396 3116 non
1413 3053 1548 3129 videas,

325 3172 359 3224 et
386 3178 478 3224 nunc
504 3161 599 3224 clare
621 3160 657 3224 id
679 3160 895 3240 ostendisti„;
919 3161 1109 3223 eratenim
1131 3160 1334 3223 indicendo
1359 3160 1496 3223 facetus
1516 3173 1551 3223 et

325 3269 425 3332 liber.
441 3267 510 3332 Sed
525 3267 678 3331 Ducissa
694 3268 874 3347 respondit
888 3285 959 3330 non
972 3268 1020 3329 ita
1035 3284 1112 3329 esse
1134 3278 1168 3329 et
1183 3266 1319 3329 Ducem
1338 3266 1550 3331 Societatem

325 3393 458 3454 amare,
475 3385 510 3438 et
525 3377 608 3438 tunc
619 3375 711 3437 velle
722 3375 807 3437 dare
823 3375 994 3437 ducentos
1006 3391 1134 3436 aureos
1146 3373 1190 3436 ad
1203 3374 1400 3437 aedificium
1413 3376 1548 3437 domus.

385 3481 456 3544 561.
499 3480 627 3545 Paucis
652 3491 731 3562 post
757 3481 879 3544 diebus
904 3482 1002 3544 venit
1028 3480 1064 3543 P.
1082 3480 1265 3544 Salmeron
1289 3499 1371 3544 cum
1399 3483 1546 3561 Legato,

327 3589 514 3654 Cardinale
530 3588 677 3666 Motula,
690 3588 919 3667 Florentiam,
940 3599 976 3651 et
990 3605 1072 3651 cum
1086 3586 1123 3651 P.
1136 3588 1275 3652 Didaco
1290 3590 1411 3652 invisit
1425 3589 1550 3652 Ducis-

326 3714 413 3776 sam,
431 3713 521 3777 quae
536 3697 683 3760 libenter
697 3693 755 3776 [et]
768 3696 958 3758 admodum
970 3696 1122 3758 humane
1138 3713 1198 3758 eos
1213 3697 1363 3775 excepit;
1381 3707 1414 3759 et
1429 3698 1550 3770 multa,

327 3821 417 3884 quae
444 3821 464 3866 a
489 3803 527 3867 P.
555 3801 758 3866 Salmerone
784 3802 992 3865 dicebantur
1017 3802 1062 3863 ad
1090 3800 1166 3880 ejus
1192 3803 1411 3881 proiectum,
1439 3821 1552 3884 aequo

327 3983 539 3992 ———--

369 4122 378 4154 ¹
406 4121 494 4165 “Doila
505 4119 594 4171 Maria,
605 4119 660 4174 hija
670 4118 701 4162 de
712 4118 768 4162 Don
782 4119 863 4172 Diego
878 4119 1015 4172 Euriquez,
1033 4125 1119 4162 tereer
1129 4118 1215 4162 Coude
1231 4121 1261 4162 de
1272 4121 1340 4164 Alba
1356 4121 1386 4163 de
1398 4121 1478 4170 Liste,
1493 4135 1511 4177 y
1525 4123 1555 4164 de
1571 4160 1577 4168 ,

328 4195 403 4239 Dona
418 4193 501 4236 Maria
517 4193 547 4235 de
564 4191 682 4244 Toledo„
697 4191 805 4240 Buauos,
821 4191 924 4234 Blasdn
938 4191 971 4233 de
986 4191 1108 4245 Espailo,
1118 4197 1136 4234 t.
1150 4203 1167 4245 1,
1177 4203 1230 4246 pag
1255 4193 1299 4234 132.
1316 4192 1342 4234 Is
1357 4199 1453 4242 tamen.
1469 4202 1555 4245 antea,

329 4278 389 4320 pug.
402 4265 677 4318 immutaturum
693 4264 764 4306 illum
777 4262 902 4306 Comitem
916 4262 947 4304 de
966 4264 1034 4305 Alba
1044 4264 1076 4305 de
1093 4263 1165 4306 Liste
1186 4266 1376 4307 matrimonium
1394 4266 1556 4307 contraxisse

330 4336 412 4390 primo
423 4334 525 4388 quidem
537 4336 598 4376 “con
609 4332 656 4376 1).Ιι
666 4333 776 4387 Leouor,
788 4333 841 4388 hlja
852 4334 883 4377 de
899 4333 956 4377 Don
973 4333 1104 4388 Fadrique
1123 4336 1154 4377 de
1169 4335 1272 4388 Toledo,
1289 4337 1404 4389 segundo
1420 4336 1510 4390 Daque
1526 4336 1557 4378 de

330 4407 399 4450 Alba
408 4405 438 4448 de
447 4405 575 4454 Termes..
583 4406 694 4449 secundo
703 4415 766 4448 vero
777 4405 838 4448 “con
848 4405 922 4449 Dona
933 4405 1062 4456 Catulina,
1074 4406 1128 4459 hija
1138 4407 1169 4448 de
1179 4406 1236 4449 Don
1245 4405 1341 4449 Garcia
1353 4408 1383 4448 de
1395 4407 1497 4455 Toledo,
1508 4408 1558 4462 pri·

330 4477 460 4532 mogenlto
472 4477 513 4520 del
523 4477 682 4530 antedicho„;
694 4477 760 4530 quod
772 4477 816 4520 vix
828 4477 938 4532 intelllgi
947 4483 1041 4531 potest,
1053 4488 1168 4520 beccum
1183 4476 1215 4520 iis
1226 4479 1353 4532 congruit,
1366 4489 1432 4532 quae
1442 4490 1503 4533 pag.
1518 4479 1558 4523 126

330 4551 444 4593 dixerat.

370 4621 381 4652 ⁸
408 4619 473 4664 Vide
485 4631 572 4675 supra,
583 4619 739 4674 praesertim
750 4627 768 4664 t.
779 4630 805 4663 tv
816 4626 840 4664 et
852 4620 943 4676 v,dum
955 4619 986 4663 de
995 4619 1076 4664 Domo
1085 4619 1248 4665 Probationls
1258 4619 1463 4675 septimancensl
1471 4632 1556 4667 sermo

329 4697 376 4737 est.
