3642 5350
365 401 422 462 492
825 400 954 462 cruor.
976 399 1054 460 Soc.
1075 399 1146 472 Jrrs.

366 549 536 628 locuples,
553 547 769 628 significavit
784 549 817 612 ei
830 550 949 612 locum
963 546 1152 628 quemdam
1166 562 1245 609 esse
1262 545 1444 626 Lugduni,
1461 545 1520 626 qui
1535 542 1602 610 So·

365 654 488 719 cietati
501 665 647 718 nostrae
662 655 866 736 aptissimus
881 662 970 732 erat,
986 654 1052 718 sub
1067 653 1169 717 titulo
1187 650 1363 716 Dominae
1383 652 1537 716 Nostrae
1555 651 1600 717 de

364 761 549 840 Fornier0,
566 763 626 842 qui
641 762 826 843 pulchram
845 761 1032 826 ecclesiam
1053 769 1088 824 et
1108 777 1277 845 magnam
1299 759 1460 835 domum,
1477 760 1600 824 hortos

365 877 403 932 et
417 869 543 932 vineas
557 869 712 932 habebat
726 869 761 933 in
777 869 911 932 salubri
926 869 1007 947 situ,
1020 869 1081 950 qui
1092 877 1321 949 prospectum
1331 867 1484 931 habebat
1494 866 1598 931 valde

295 1015 300 1024 ·
367 992 568 1053 amoenum,
586 993 657 1039 non
672 974 909 1039 solum⁸t0tius
930 974 1029 1039 urbis
1047 973 1279 1055 lugdunensis
1292 992 1335 1037 ac
1354 975 1505 1038 duorum
1523 971 1600 1053 eius

365 1081 562 1159 fluminum,
580 1082 642 1146 sed
662 1099 815 1162 magnae
835 1083 949 1163 partis
963 1082 1072 1145 etiam
1087 1081 1324 1162 Delphinatus
1338 1094 1373 1145 et
1386 1080 1597 1145 sabaudiae.

427 1188 519 1253 2124.
562 1189 649 1253 Erat
668 1200 787 1253 autem
807 1190 865 1252 ille
884 1190 985 1253 locus
1003 1189 1227 1270 quorundam
1249 1189 1519 1265 canonicorum,
1540 1190 1602 1268 qui

367 1313 452 1359 raro
467 1296 628 1360 divinum
643 1297 690 1360 ibi
710 1296 863 1361 officium
882 1297 1126 1375 celebrabant,
1147 1311 1214 1360 nec
1229 1295 1358 1359 ibidem
1380 1296 1601 1372 habitabant;

364 1412 403 1466 et
418 1403 449 1466 si
463 1400 598 1466 reditus
612 1403 699 1483 ipsis
712 1403 826 1467 relicti
841 1403 1001 1481 fuissent,
1017 1402 1122 1466 facile
1134 1403 1252 1466 locum
1262 1402 1420 1466 relicturi
1434 1402 1583 1466 diceban
1595 1437 1600 1446 ·

366 1518 436 1572 tur.
453 1509 497 1572 Et
511 1510 594 1590 quia
614 1508 815 1574 Cardinalis
834 1509 1088 1588 TurnonensiS,
1106 1507 1270 1588 idemque
1283 1508 1601 1590 Archiepiscopus,

365 1615 502 1680 Romae
517 1627 592 1680 tum
606 1617 747 1697 agebat,
764 1615 880 1696 facile,
897 1616 928 1680 si
943 1615 1027 1697 quid
1041 1633 1122 1679 cum
1136 1614 1281 1693 Summo
1293 1614 1463 1679 Pontifice
1474 1618 1600 1679 transi·

364 1723 522 1804 gendum
537 1732 642 1804 esset,
659 1723 849 1788 effecturus
863 1722 1063 1787 videbatur.
1080 1723 1125 1795 Et
1135 1724 1195 1805 qui
1210 1724 1280 1787 hoc
1295 1723 1522 1804 suggerebat,
1540 1725 1602 1804 qui

367 1829 542 1895 Dominus
567 1833 611 1895 de
636 1831 867 1913 Montpetrier
889 1829 1090 1907 dicebatur,
1111 1830 1168 1894 vir
1190 1831 1269 1911 pius
1283 1839 1361 1894 erat
1382 1843 1416 1894 et
1436 1830 1506 1893 duo
1526 1829 1601 1894 sere

368 1939 478 2002 millia
493 1938 698 2030 francorum
714 1939 823 2002 annui
837 1937 983 2017 redituS,
1001 1955 1105 2019 quem
1124 1937 1289 2017 habebat,
1307 1937 1376 2018 piis
1392 1937 1468 2001 fere
1487 1939 1600 2019 operi·

367 2045 435 2108 bus
450 2045 685 2126 impendebat,
702 2055 737 2108 et
749 2063 896 2126 operam
907 2063 1010 2109 suam
1021 2046 1068 2109 ad
1079 2045 1302 2126 praedictum
1312 2047 1431 2108 locum
1443 2044 1601 2108 obtinen-

366 2152 452 2216 dum
478 2151 664 2231 offerebat3
686 2153 767 2233 quia
788 2163 908 2216 tamen
929 2152 975 2216 ad
994 2153 1225 2232 particularia
1245 2168 1318 2215 non
1332 2151 1515 2216 descendit
1534 2169 1602 2215 nec

368 2258 504 2323 reditus
523 2271 644 2324 certus
665 2259 710 2324 ad
729 2259 877 2339 Collegii
898 2259 1117 2323 dotationem
1136 2259 1361 2335 offerebatur,
1381 2258 1420 2322 P.
1442 2258 1602 2338 Ignatius

367 2367 487 2430 locum
501 2367 599 2430 illum
615 2383 693 2430 esse
708 2367 906 2430 curandum
920 2384 992 2430 non
1003 2365 1188 2447 judicavit.

430 2472 521 2536 2125.
566 2473 650 2536 Post
675 2473 828 2537 medium
849 2473 993 2556 Junium
1012 2490 1170 2536 mensem
1189 2473 1226 2536 in
1245 2473 1455 2537 Alverniam
1474 2472 1513 2536 P.
1535 2473 1600 2536 Ba·

264 2565 265 2568 ¹
368 2579 477 2660 ptista
494 2579 598 2644 Viola
614 2596 694 2643 cum
709 2579 816 2643 sociis
831 2579 1006 2660 pervenit,
1028 2578 1242 2660 Bigliomum
1262 2579 1428 2660 ingressi,
1444 2580 1600 2644 fructum

366 2687 510 2766 quidem
525 2687 744 2768 spiritualem
765 2688 912 2752 uberem
931 2686 1066 2768 percipi
1088 2687 1357 2765 animadvertit;
1374 2687 1437 2751 sed
1460 2689 1598 2763 domus,

369 2810 459 2874 quae
474 2802 688 2875 praeparata
704 2802 781 2857 erat
792 2794 838 2857 ad
849 2804 991 2858 nostros
1002 2793 1244 2874 excipiendos,
1257 2794 1482 2859 incommoda
1495 2794 1600 2859 valde

367 2900 438 2981 ipsi
452 2901 531 2965 visa
545 2909 609 2965 est.
628 2901 699 2965 Res
713 2902 820 2965 etiam
835 2902 1073 2981 necessariae,
1090 2910 1128 2964 ut
1143 2901 1308 2965 utensilia
1323 2900 1449 2965 domus
1464 2920 1507 2965 ac
1522 2920 1600 2983 sup·

371 3008 558 3087 pellectilia
573 3018 608 3071 et
623 3008 759 3088 reliqua
780 3006 825 3070 ad
841 3007 954 3071 vitam
973 3006 1172 3071 ducendam
1192 3009 1412 3087 necessaria,
1432 3025 1503 3072 non
1523 3024 1602 3072 esse

372 3124 562 3195 prospecta
577 3114 621 3177 ab
637 3132 691 3192 eo,
708 3115 766 3178 cui
780 3115 979 3196 Episcopus
993 3115 1029 3179 id
1044 3117 1283 3195 commiserat,
1299 3115 1404 3193 vidit;
1426 3132 1492 3179 nec
1507 3115 1603 3179 aliud

370 3219 558 3283 consilium
568 3220 616 3284 illi
628 3222 751 3285 melius
763 3222 931 3301 occurrit,
941 3239 1048 3302 quam
1059 3232 1097 3285 ut
1108 3219 1277 3302 ParisioS,
1288 3221 1449 3285 aditurus
1460 3222 1602 3303 Episco-

371 3342 468 3406 pum,
485 3327 634 3391 veniret.
650 3327 696 3391 Et
711 3346 792 3393 cum
806 3329 850 3392 de
865 3328 904 3393 P.
921 3328 1106 3393 Paschasii
1126 3330 1250 3392 morbo
1272 3329 1516 3408 intellexisset,
1538 3346 1603 3393 nec

371 3434 485 3498 morbi
500 3432 576 3514 ejus
591 3451 797 3500 successum
817 3436 1024 3516 audivisset,
1042 3454 1084 3499 eo
1108 3436 1224 3516 magis
1242 3436 1439 3515 Collegium
1454 3435 1540 3499 illud
1553 3436 1602 3499 iu-

372 3541 560 3605 visendum
580 3542 728 3605 censuit.
752 3541 822 3607 Sed
841 3551 1032 3624 antequam
1051 3542 1226 3623 Bigliomo
1247 3543 1444 3619 recederet,
1461 3542 1603 3606 domum

370 3649 481 3713 aliam
505 3650 682 3714 salubrem
707 3658 741 3713 et
761 3652 986 3715 commodam
1005 3651 1052 3715 ad
1069 3660 1274 3715 nostrorum
1293 3649 1549 3713 habitationem
1568 3661 1602 3713 et

371 3757 479 3819 aliam
495 3757 602 3820 etiam
617 3757 653 3820 in
668 3757 872 3821 scholarum
887 3776 991 3822 usum
1006 3758 1146 3821 curavit
1161 3768 1196 3820 et
1210 3758 1357 3821 invenit.
1561 3831 1564 3834 ¹

433 3863 524 3927 2126.
568 3863 612 3927 Et
636 3865 719 3944 quia
744 3865 1080 3928 submurmurabant
1105 3864 1269 3928 canonici
1294 3867 1339 3927 ob
1362 3872 1601 3929 sacramento·

373 3988 453 4034 rum
464 3969 809 4035 administrationem
820 3972 855 4035 in
867 3971 1026 4052 ipsorum
1038 3972 1179 4050 temp10,
1193 3987 1258 4034 nec
1273 3971 1452 4034 habebant
1467 3968 1603 4052 [nostri]

372 4079 556 4157 sacellum,
580 4078 639 4141 ubi
655 4088 823 4141 consueta
845 4076 1036 4143 Societatis
1058 4078 1255 4142 ministeria
1274 4094 1442 4141 exercere
1461 4088 1606 4158 possent

374 4195 436 4249 aut
451 4185 582 4249 Missae
597 4185 812 4249 sacrificium
827 4184 966 4263 oflerre,
983 4185 1214 4265 congregatis
1235 4184 1429 4261 canonicis
1447 4184 1554 4248 etiam
1569 4184 1605 4246 ia

371 4292 444 4355 hac
464 4304 564 4373 parte
585 4292 827 4356 commoditati
848 4301 1051 4355 nostrorum
1074 4291 1361 4370 ministeriorum,
1386 4291 1438 4355 eis
1459 4308 1607 4355 consen·

375 4400 554 4478 tientibuS,
571 4400 758 4463 consuluit.

435 4504 526 4569 2127.
570 4505 733 4587 Quinque
755 4506 863 4570 etiam
880 4507 1016 4568 classes
1036 4505 1265 4579 constitutas,
1293 4514 1485 4584 antequam
1509 4503 1604 4568 Pari·

373 4614 449 4676 sios
470 4612 668 4690 recederet,
692 4612 842 4693 reliquit.
866 4610 1007 4675 Primae
1028 4610 1200 4692 praefecit
1224 4609 1451 4675 Leonardum
1472 4610 1605 4675 Masse·
