3642 5350
788 427 916 487 Canon.
938 423 1015 484 Soc.
1036 423 1108 498 Jns.

644 863 710 928 DE
729 861 963 928 COLLEGIO
986 861 1256 929 OGNATENS[

394 1213 485 1280 2680.
529 1211 569 1276 In
600 1211 668 1276 hoc
699 1208 858 1288 Collegio
889 1208 1020 1274 Rector
1051 1209 1193 1290 quidem
1230 1219 1307 1274 erat
1338 1208 1377 1275 P.
1411 1209 1568 1275 Michael

334 1323 463 1388 Ochoa
479 1321 501 1398 ¹,
516 1333 705 1396 navarrus;
722 1315 786 1380 sed
799 1317 1048 1397 paucissimos,
1063 1318 1191 1399 quibus
1203 1326 1386 1398 praeesset
1399 1317 1566 1392 habebat;

335 1442 371 1496 et
385 1431 435 1494 illi
448 1429 516 1510 ipsi
530 1443 594 1508 per
607 1425 712 1490 varia
725 1424 806 1486 loca
821 1421 898 1503 ejus
911 1425 1122 1505 provinciae
1137 1425 1410 1506 spargebantur;
1428 1424 1518 1489 adeo
1532 1433 1572 1488 ut

335 1556 417 1604 cum
432 1538 471 1602 P.
483 1535 642 1618 Joannes
653 1532 696 1595 de
707 1529 882 1609 Victoria,
895 1532 1045 1596 veniens
1057 1533 1094 1596 in
1106 1532 1319 1613 Hispaniam
1330 1530 1353 1608 ²,
1370 1549 1412 1596 eo
1427 1547 1571 1596 conces·

334 1646 452 1722 sisset,
468 1644 558 1707 duos
571 1649 710 1704 tantum
724 1637 887 1717 Fratres,
903 1657 1054 1720 quorum
1070 1650 1194 1704 neuter
1209 1639 1379 1704 sacerdos
1398 1648 1487 1717 erat,
1508 1639 1570 1703 ibi·

335 1753 417 1830 dem
435 1747 622 1826 invenerit;
639 1745 803 1827 quamvis
818 1762 971 1810 messem
990 1745 1152 1826 pluribus
1179 1745 1354 1826 operariis
1368 1745 1497 1810 ibidem
1511 1762 1572 1826 pa·

336 1866 453 1924 ratam
468 1873 547 1920 esse
562 1853 807 1918 arbitraretur.

395 1964 488 2030 2681.
531 1963 653 2043 itaque
671 1971 870 2040 opportune
889 1961 937 2024 ad
956 1955 1082 2026 eorum
1106 1959 1349 2025 confessiones
1375 1960 1572 2024 audiendas

335 2083 372 2138 et
390 2069 655 2137 Eucharistiam
676 2067 948 2132 ministrandam
970 2086 1013 2133 eo
1035 2063 1146 2133 venit.
1171 2067 1208 2132 P.
1235 2066 1399 2146 Michael,
1426 2066 1569 2144 Rector,

338 2179 525 2260 Vergarae
539 2186 574 2242 et
588 2175 668 2239 aliis
682 2175 719 2238 in
732 2175 822 2238 locis
836 2175 1069 2240 concionibus
1083 2187 1118 2241 et
1137 2175 1218 2239 aliis
1237 2175 1381 2255 pietatis
1403 2175 1572 2256 operibus

340 2287 449 2352 dabat
462 2283 475 2316 ⁸
491 2299 649 2365 operam.

397 2391 490 2457 2682.
533 2391 571 2455 Ρ.
592 2388 802 2468 Chaseglias
821 2389 857 2453 in
875 2389 982 2455 domo
1004 2391 1165 2472 Loyoiae
1190 2406 1272 2452 cum
1296 2390 1341 2454 D.
1366 2391 1505 2472 Joanoe
1529 2389 1574 2454 de

338 2501 485 2580 Borgia,
501 2499 561 2580 qui
576 2495 652 2577 ejus
666 2496 794 2561 domus
808 2496 1000 2578 dominam,
1017 2514 1166 2562 uxorem
1186 2496 1337 2562 duxerat
1356 2496 1386 2576 ⁴,
1407 2497 1572 2561 versaba-

338 2619 408 2675 tur.
424 2607 469 2671 Et
482 2607 534 2670 ita
549 2603 749 2684 Collegium
762 2619 853 2685 pene
868 2604 1047 2671 desertum
1063 2612 1152 2683 erat;
1166 2605 1331 2686 quamvis
1345 2604 1472 2669 domus
1486 2604 1574 2668 satis

339 2732 471 2796 magna
486 2722 522 2777 et
536 2714 727 2777 multorum
741 2728 859 2791 capax
873 2714 965 2778 satis
979 2722 1068 2779 erat.

397 2821 489 2886 2683.
532 2820 619 2884 Erat
634 2818 725 2881 inter
741 2817 821 2882 illos
835 2817 999 2899 Fratres,
1015 2820 1173 2903 Joannes
1192 2820 1236 2884 de
1257 2818 1396 2898 Rebila,
1417 2810 1570 2899 philoso-

338 2930 443 3012 phiae
457 2927 649 3003 studiosus,
666 2924 727 3004 qui
740 2942 868 3005 parum
881 2928 1015 2991 utiliter
1029 2930 1104 2994 suis
1125 2927 1252 2992 studiis
1270 2928 1456 2990 consulere
1475 2935 1572 3007 pote·

337 3046 403 3101 rat.
418 3037 497 3116 lpse
512 3043 631 3097 autem
644 3030 683 3094 P.
700 3030 854 3097 Michael
867 3052 914 3098 ex
925 3036 1045 3100 nimiis
1059 3035 1240 3099 laboribus
1255 3035 1338 3098 dum
1353 3033 1423 3097 huc
1438 3042 1473 3097 et
1487 3032 1574 3096 illud

335 3143 516 3220 discurrit,
532 3150 567 3204 et
581 3138 821 3204 valetudinem
835 3157 963 3221 parum
978 3151 1093 3219 curat,
1109 3160 1151 3206 eo
1170 3141 1338 3206 redactus
1357 3152 1434 3204 erat
1453 3149 1492 3203 ut
1511 3140 1574 3203 vix

336 3248 415 3329 ejus
428 3246 635 3349 stpmachus
651 3246 768 3310 cibum
783 3248 894 3312 ullum
907 3250 1089 3328 retineret;
1104 3266 1209 3329 quem
1221 3258 1342 3313 tamen
1353 3248 1571 3312 commonuit

338 3356 375 3420 P.
392 3354 565 3431 Victoria,
582 3362 620 3416 ut
635 3355 797 3433 corporis
811 3354 984 3435 majorem
999 3359 1149 3423 haberet
1164 3357 1350 3421 rationem.

398 3461 490 3525 2634.
533 3459 631 3523 Idem
643 3459 764 3523 invisit
782 3460 976 3530 Dominum
998 3466 1174 3549 Joannem
1195 3460 1207 3493 ⁸
1228 3472 1263 3527 et
1282 3464 1392 3527 semel
1411 3463 1447 3526 in
1467 3461 1575 3525 domo

337 3571 496 3650 Loyolae
527 3566 760 3631 concionatus
790 3578 856 3632 est.
882 3569 1101 3636 Obseruauit
1123 3578 1242 3634 autem
1267 3570 1303 3633 in
1328 3570 1384 3633 his
1408 3567 1577 3648 Collegiis

337 3677 432 3741 idem
449 3674 553 3737 Pater
568 3670 766 3751 Ognateusi
779 3684 815 3739 et
829 3677 1018 3759 Burgensi,
1035 3686 1177 3747 nostros
1190 3676 1337 3740 nimium
1349 3672 1575 3757 poenitentiis

339 3800 383 3849 ac
401 3780 626 3863 potissimum
644 3779 842 3862 disciplinis
866 3783 1008 3850 deditos
1034 3800 1127 3863 esse,
1155 3783 1285 3864 partim
1310 3783 1346 3847 in
1371 3781 1574 3857 refectorio,

337 3887 520 3971 partimin
534 3886 707 3951 eubiculo.
723 3887 942 3957 observavit
963 3892 1071 3957 etiam
1091 3908 1164 3955 non
1183 3892 1299 3955 solum
1318 3891 1443 3970 culpas
1461 3889 1498 3953 in
1516 3906 1574 3969 ge·

337 4014 425 4062 nere
438 3995 510 4059 diei
522 3995 561 4058 in
573 3991 775 4076 refectorio,
790 3997 855 4062 sed
869 4017 950 4065 cum
966 4015 1085 4082 genua
1097 3998 1290 4075 flecterent,
1306 3996 1574 4077 interrogaban-

337 4110 397 4169 tur
411 4102 457 4167 de
471 4100 724 4167 tentationibus
738 4113 772 4167 et
788 4107 902 4185 culpis
917 4106 1097 4171 admissis
1114 4106 1198 4170 Post
1214 4104 1402 4186 prandium
1413 4103 1523 4169 etiam
1533 4121 1576 4167 ac

337 4224 500 4283 coenam,
516 4208 644 4287 gratiis
658 4208 750 4273 actis
765 4211 802 4275 in
817 4211 1020 4293 refectorio,
1038 4212 1084 4277 ad
1098 4213 1269 4278 sacellum
1280 4229 1319 4276 se
1330 4211 1577 4288 conferebant,

380 4382 390 4411 ¹
418 4375 487 4420 Vlde
497 4384 586 4429 cupra,
596 4383 616 4419 t.
628 4388 653 4425 v,
664 4389 725 4433 pag.
734 4378 785 4433 til,
795 4391 821 4423 n·
833 4381 896 4425 ttao.

380 4449 392 4480 ¹
419 4446 459 4491 Dc
469 4456 500 4490 eo
509 4456 589 4500 supra
600 4448 697 4492 dictum
707 4457 755 4503 ent,
765 4461 791 4495 n.
802 4452 883 4496 251⁶...

381 4518 394 4550 ⁸
419 4516 596 4563 undabant.

379 4591 392 4623 Α
418 4587 487 4633 Vide
496 4599 584 4644 supra,
595 4600 611 4633 n
630 4589 691 4640 2517.
703 4598 729 4636 et
739 4593 797 4638 loca
807 4594 843 4639 lbi
854 4597 977 4642 laudata.

380 4660 394 4693 ⁸
419 4658 757 4717 Joannemscli.deBorja.
