3642 5350
365 394 419 456 142
822 396 950 459 Canon,
970 393 1047 459 Soc.
1065 397 1136 473 Jus.

364 546 469 609 batur
479 540 489 625 ;¹
509 564 574 609 nec
600 546 831 626 poenitendus
858 556 935 610 erat
957 545 1100 609 omnino
1122 562 1226 626 quem
1249 563 1294 609 ex
1316 524 1516 609 christiana
1532 544 1590 608 do·

366 653 480 717 ctrina
497 653 675 734 capiebat;
692 662 790 717 tanta
807 654 900 717 enim
917 653 953 716 in
968 653 1177 733 quibusdam
1193 654 1395 732 ignorantia
1411 670 1528 716 rerum
1545 651 1590 716 ad

365 761 514 824 salutem
530 760 813 823 necessariarum
830 758 932 841 [erat]
952 770 991 824 ut
1013 760 1139 823 viduas
1159 760 1296 840 aliquas
1319 760 1590 841 deprehenderit

364 868 632 932 resurrectionis
648 868 834 931 articulum
849 868 1027 947 ignorare.

423 975 493 1039 520.
536 976 625 1039 Erat
638 993 680 1038 ea
695 975 823 1037 civitas
837 976 978 1038 ineunte
994 993 1088 1039 anno
1099 983 1320 1056 paupertate,
1333 976 1439 1040 immo
1451 984 1485 1039 et
1496 976 1589 1039 fame

363 1093 512 1164 vexata,
534 1096 569 1147 et
590 1102 662 1147 non
684 1100 810 1163 parum
830 1082 1009 1163 affligebat
1029 1084 1185 1147 animum
1207 1082 1244 1147 P.
1266 1083 1395 1147 Didaci
1414 1084 1507 1163 quod
1526 1101 1589 1164 per

363 1195 465 1257 vicos
479 1191 736 1255 multitudinem
751 1208 943 1271 puerorum
954 1208 997 1253 ac
1008 1192 1204 1271 puellarum
1216 1199 1251 1253 et
1265 1189 1448 1254 hominum
1463 1191 1588 1254 utrius·

362 1316 429 1381 que
448 1316 567 1378 sexus,
595 1298 724 1362 aetatis
741 1297 988 1378 provectioris,
1010 1298 1069 1378 qui
1085 1315 1123 1361 se
1142 1298 1236 1362 fame
1258 1307 1292 1361 et
1312 1296 1449 1378 frigore
1463 1297 1588 1362 confici

361 1407 573 1485 clamabant,
601 1416 639 1469 ut
664 1404 914 1483 Purgatorium
942 1405 1120 1486 quoddam
1149 1406 1217 1469 sibi
1245 1404 1366 1469 videre
1394 1406 1586 1484 videretur,

362 1514 526 1595 quamvis
540 1532 585 1577 ex
599 1513 668 1576 hac
683 1521 843 1592 egestate
857 1530 953 1575 nova
967 1521 1115 1593 peccata
1131 1524 1165 1577 et
1180 1512 1322 1593 quidem
1337 1513 1446 1575 multa
1468 1529 1586 1575 conse-

361 1622 420 1703 qui
434 1622 572 1685 audiret
588 1630 621 1684 et
636 1621 780 1685 doleret.

420 1729 491 1792 521.
535 1728 640 1792 Domi
656 1739 799 1791 nostrae
815 1728 1056 1792 confessiones
1071 1739 1105 1792 et
1125 1728 1391 1792 communiones
1412 1726 1486 1791 fere
1508 1744 1586 1790 cen-

361 1847 435 1900 tum
450 1836 599 1917 singulis
614 1828 801 1900 dominicis
817 1846 850 1899 et
865 1836 965 1899 festis
985 1824 1105 1916 erant3
1126 1836 1330 1899 scholastici
1349 1846 1468 1899 autem
1488 1834 1585 1914 quin·

360 1944 474 2007 decim
488 1960 596 2024 supra
612 1952 752 2007 centum
767 1946 845 2023 plus
860 1943 977 2006 minus
992 1944 1059 2006 hoc
1074 1960 1195 2006 mense
1208 1942 1369 2026 Januarii
1384 1942 1429 2005 ad
1445 1942 1585 2005 scholas

359 2052 558 2115 veniebant.

420 2158 491 2223 522.
535 2158 607 2223 Sub
628 2158 732 2223 finem
746 2158 919 2239 praedicti
933 2158 1065 2222 mensis
1085 2158 1240 2240 Joannes
1261 2158 1304 2222 de
1325 2158 1461 2222 Xavier
1483 2161 1505 2236 ¹,
1529 2160 1587 2221 cui

358 2266 463 2330 Pater
477 2267 571 2330 idem
585 2265 742 2330 Didacus
754 2266 953 2346 spiritualia
964 2266 1133 2330 exercitia
1145 2264 1301 2344 dederat,
1315 2264 1464 2330 Romam
1476 2266 1584 2344 venit,

358 2375 451 2455 quod
466 2374 505 2438 P.
521 2373 698 2455 ignatium
712 2374 834 2436 videre
850 2389 1065 2453 magnopere
1080 2374 1254 2453 cupiebat.
1276 2372 1321 2436 Et
1340 2374 1503 2453 quamvis
1519 2372 1586 2437 Dei

357 2482 503 2546 servitio
519 2500 557 2546 se
572 2491 684 2545 totum
699 2482 903 2561 mancipare
918 2479 1138 2558 decreverat,
1155 2482 1254 2561 prius
1264 2482 1464 2544 Lovanium
1478 2480 1586 2545 studii

360 2591 476 2670 gratia
506 2588 693 2670 proficisci,
723 2572 757 2651 et
785 2588 910 2652 deinde
936 2586 1150 2651 Societatem
1175 2587 1314 2667 ingredi
1339 2588 1584 2652 constituerat.

357 2698 423 2761 Vir
438 2706 514 2760 erat
526 2697 675 2760 honesto
686 2697 765 2760 loco
778 2707 882 2759 natus
894 2706 928 2758 et
940 2694 1093 2758 Domino
1105 2696 1289 2759 Ludovico
1300 2696 1344 2758 de
1355 2694 1502 2774 Tuledo,
1516 2694 1584 2759 fra·

356 2805 402 2867 tri
417 2803 591 2868 Ducissae
605 2804 805 2867 Florentiae
816 2800 837 2881 ⁸,
852 2804 909 2867 cui
924 2804 1113 2882 serviebat,
1130 2805 1272 2867 charus,
1289 2803 1450 2867 Habebat
1466 2812 1582 2867 autem

356 2912 493 2992 aliquos
519 2911 652 2974 reditus
679 2911 715 2975 in
744 2927 854 2990 regnu
883 2910 1108 2991 neapolitano
1137 2929 1182 2974 ex
1210 2911 1334 2991 quibus
1361 2919 1497 2990 partem
1526 2910 1584 2973 ali·

355 3037 461 3099 quam
475 3019 678 3082 Florentino
694 3018 851 3096 Collegio
867 3017 1077 3098 relinquere,
1093 3017 1208 3097 idest,
1225 3018 1352 3096 viginti
1371 3035 1500 3082 aureos
1516 3019 1584 3081 sin·

353 3125 446 3206 gulis
475 3127 597 3205 annis,
624 3125 858 3204 decreverat;
889 3142 972 3188 nam
1000 3132 1246 3204 paupertatem
1274 3124 1471 3204 Collegium
1500 3124 1583 3188 illud

356 3233 460 3296 valde
475 3233 684 3296 familiarem
698 3232 869 3308 habebat;
888 3232 1052 3312 quamvis
1066 3231 1236 3309 Ducissa,
1258 3239 1399 3312 praeter
1414 3231 1585 3295 ducentos

357 3357 485 3403 aureos
498 3357 636 3403 annuos
650 3337 677 3419 ³,
700 3339 817 3419 aliqua
837 3356 985 3402 munera
1006 3337 1183 3402 interdum
1203 3338 1381 3417 mittebat,
1401 3347 1440 3401 ut
1459 3356 1584 3419 aprum

357 3447 508 3527 aliquem
523 3447 713 3510 venatione
729 3453 872 3525 captum
887 3447 945 3508 vel
961 3445 1044 3524 quid
1059 3441 1271 3524 hujusmodi.

413 3553 483 3616 523.
528 3553 614 3617 Erat
632 3553 755 3633 primis
774 3553 953 3615 mensibus
973 3551 1076 3633 hujus
1101 3553 1184 3616 anni
1210 3552 1248 3616 Ρ.
1275 3552 1436 3632 Baptista
1460 3553 1584 3616 Firmi-

356 3661 446 3738 nius,
463 3672 501 3723 ut
516 3661 677 3740 superins
692 3659 873 3738 tetigimus
888 3657 910 3736 ⁴,
927 3658 1145 3738 Florentiae,
1167 3670 1202 3722 et
1221 3659 1384 3739 quamvis
1406 3659 1584 3722 ferventer

356 3777 390 3831 et
405 3785 475 3830 non
491 3767 567 3830 sine
581 3777 766 3831 venustate
784 3767 1071 3844 concionaretur,
1088 3765 1205 3830 studio
1228 3777 1347 3830 tamen
1369 3767 1475 3829 etiam
1496 3768 1584 3829 litte-

357 3893 477 3939 rarum
492 3875 738 3939 humaniorum
754 3875 953 3955 indigebat,
974 3891 1057 3938 nam
1076 3891 1157 3938 cum
1177 3875 1302 3938 citaret
1319 3873 1583 3955 scripturarum

397 4153 405 4185 Ι
435 4151 526 4208 HuJus,
539 4152 590 4207 qul,
601 4153 622 4195 si
633 4163 771 4206 cognomen
783 4151 830 4206 ipsi
842 4157 915 4194 certo
925 4156 983 4194 erat
993 4149 1101 4204 Xuvier,
1112 4149 1200 4193 Patris
1209 4149 1342 4194 Franclscl
1353 4149 1454 4194 anier
1464 4149 1585 4194 fortassis

331 4233 333 4246 ¹
355 4231 483 4280 cognatus
500 4231 565 4278 erat,
583 4225 681 4267 nullam
696 4223 780 4267 adhuc
796 4223 952 4267 mentionem
969 4223 1067 4266 factam
1082 4222 1239 4277 reperimus,
1261 4232 1343 4276 neque
1358 4222 1384 4265 ln
1404 4223 1500 4266 recenti
1517 4222 1584 4265 libro

355 4297 443 4342 Patris
453 4296 467 4350 J
472 4296 516 4340 ‚ln
527 4295 601 4350 Cnos,
613 4295 691 4338 Salat
699 4294 945 4348 Franpot'sXavr'er.
957 4293 1095 4337 Meminere
1104 4294 1207 4348 quidem
1214 4293 1340 4338 historiae
1349 4299 1453 4337 nostrae
1464 4295 1584 4349 plurium,

355 4369 397 4423 qui
413 4369 462 4412 boc
478 4367 577 4412 nomine
591 4367 711 4421 joannes
725 4371 751 4408 et
768 4364 918 4420 cognomine
936 4363 1039 4407 Xavr'er
1055 4363 1110 4407 noti
1124 4371 1192 4417 nunt;
1210 4364 1255 4408 sed
1273 4364 1313 4419 bl,
1328 4375 1391 4419 quos
1401 4365 1528 4420 novimus,
1540 4365 1584 4409 ulli

355 4441 460 4484 saeculo
471 4450 534 4490 xvir,
546 4439 589 4482 alii
601 4449 666 4482 xvru
676 4439 807 4481 vixerunt.

394 4510 406 4542 ἱ
434 4510 501 4553 Vide
511 4521 599 4564 supra,
610 4517 628 4554 t.
640 4520 666 4563 ιι,
679 4521 740 4564 pag.
750 4507 796 4561 182,
804 4519 828 4551 n.
839 4507 874 4550 35.

395 4583 406 4616 ³
434 4583 499 4628 Vide
510 4594 599 4638 supra,
608 4587 627 4626 t.
639 4591 666 4636 u,
677 4591 737 4635 pag.
750 4579 796 4634 178,
809 4589 832 4622 n.
844 4577 877 4622 28.

395 4657 407 4690 ⁴
435 4655 499 4712 Peg.
512 4657 557 4711 123,
569 4665 593 4696 n.
605 4651 653 4696 454.
