3642 5350
807 380 872 441 nn.
894 379 964 442 1556
1443 344 1500 441 aaa

268 538 371 589 suam
384 541 530 606 operam
544 527 736 590 navabant.
760 524 1028 589 Aedificationis
1049 526 1156 590 etiam
1176 542 1286 590 causa
1305 532 1382 590 erat
1401 526 1496 607 quod

269 631 382 695 nostri
396 633 584 698 dominicis
599 650 642 698 ac
656 632 755 698 festis
770 633 893 697 diebus
907 632 1083 713 hospitale
1097 650 1293 721 pauperum
1308 642 1496 712 aegrotan-

268 737 356 801 tium
370 739 536 820 invisere,
552 750 587 805 et
601 740 637 804 in
649 727 690 804 co
702 739 953 804 decumbentes
963 740 1151 819 consolari,
1165 749 1200 803 et
1212 742 1282 804 alia
1295 757 1404 821 opera
1415 739 1498 804 cha·
1556 760 1558 764 ·

269 844 384 908 ritatis
394 863 566 937 'exercere
581 847 827 911 cernebantur.
1127 842 1129 845 ’
1431 836 1433 840 ’

332 951 419 1016 1610.
464 952 634 1017 Germani
645 972 715 1018 non
727 955 833 1035 pauci
842 953 980 1033 Pragae
993 962 1193 1023 versantur:
1207 962 1241 1018 et
1253 973 1297 1019 ex
1308 954 1377 1018 illis
1389 956 1497 1020 etiam

269 1058 379 1140 aliqui
393 1060 438 1124 ad
452 1060 594 1125 scholas
608 1070 748 1125 nostras
763 1060 994 1141 accedebant;
1009 1069 1044 1124 et
1058 1060 1201 1141 quidem
1211 1060 1388 1125 lutherani
1403 1080 1497 1127 com·

267 1166 386 1245 plures
400 1168 446 1231 ad
462 1168 633 1232 videndas
646 1185 705 1231 res
716 1178 858 1232 nostras
873 1177 908 1231 et
920 1167 966 1230 ad
977 1168 1248 1248 colloquendum
1264 1168 1494 1234 accedebant.

267 1270 361 1337 Inter
385 1291 476 1353 quos
499 1274 626 1339 nobilis
649 1274 792 1355 quidam
812 1274 878 1337 fuit
899 1291 971 1337 non
996 1272 1137 1339 infimae
1158 1285 1276 1354 notae,
1293 1284 1328 1339 et
1350 1293 1431 1340 cum
1452 1276 1496 1341 de

268 1381 429 1445 omnibus
448 1380 573 1447 ritibus
595 1382 778 1447 Ecclesiae
800 1381 997 1475 catholicae
1019 1383 1246 1462 quaestiones
1266 1394 1440 1464 moveret,
1462 1393 1497 1447 et

267 1486 299 1551 ei
318 1488 475 1553 breviter
493 1490 692 1568 satisfieret,
714 1489 935 1569 obstupebat,
951 1505 1018 1551 nec
1029 1487 1104 1569 jam
1124 1490 1274 1568 amplius
1288 1491 1373 1571 quid
1390 1507 1496 1572 oppo-

267 1606 367 1659 neret
382 1596 545 1676 habebat;
562 1607 597 1660 et
616 1606 741 1678 optare
755 1614 793 1659 se
808 1594 1034 1675 significabat
1053 1605 1091 1658 ut
1111 1596 1237 1676 aliquis
1258 1598 1401 1661 tandem
1415 1598 1509 1690 finis

268 1702 382 1767 dubiis
397 1704 494 1768 circa
508 1703 612 1767 fidem
627 1706 878 1784 imponeretur.

330 1809 417 1876 1611.
462 1809 613 1875 Demum
627 1808 928 1875 catechismumP.
942 1808 1078 1873 Canisii
1088 1827 1126 1873 se
1138 1811 1311 1876 lecturum
1319 1814 1494 1893 promisit,

268 1926 303 1983 et
315 1935 405 1983 unus
417 1916 616 1999 hujusmodi
627 1918 715 1982 liber
727 1918 760 1981 ei
772 1908 876 1981 datus
889 1926 955 1996 est,
971 1934 1052 1980 eum
1066 1934 1104 1980 se
1119 1917 1306 1998 diligenter
1320 1922 1495 1985 lecturum

270 2027 492 2105 promittens,
519 2037 555 2089 et
579 2024 721 2089 Rectori
746 2042 877 2105 magna
897 2024 1002 2104 signa
1022 2025 1289 2089 benevolentiae
1310 2028 1493 2093 exhibens.

267 2132 466 2197 Ferebatur
477 2132 760 2213 quodPhilippus
772 2132 999 2195 Melancthon
1010 2132 1047 2194 in
1058 2132 1119 2195 illa
1130 2132 1221 2211 loca,
1234 2150 1365 2214 magno
1377 2135 1495 2201 studio

266 2239 436 2319 adhibito,
457 2240 579 2303 venire
595 2250 801 2317 curaverat,
818 2238 880 2302 sed
892 2236 1043 2316 jesuitae
1063 2255 1143 2301 eum
1158 2252 1429 2319 praevenerant.
1446 2241 1495 2307 Ut

266 2357 385 2411 autem
405 2346 592 2412 insolentia
607 2364 740 2425 eorum,
756 2347 816 2428 qui
832 2346 966 2426 aliquot
987 2362 1078 2409 saxa
1094 2345 1130 2408 in
1150 2346 1291 2411 scholas
1313 2358 1494 2415 contorse-

265 2443 357 2535 rant,
383 2456 646 2536 reprimeretur,
672 2453 861 2518 Archidux
885 2452 1142 2532 FerdinanduS,
1164 2463 1355 2535 antequam
1374 2455 1493 2538 Praga

265 2561 458 2641 recederet,
475 2562 662 2642 diligenter
683 2561 901 2643 providerat;
922 2576 1006 2622 narn
1028 2560 1167 2623 vocatis
1185 2564 1412 2640 generalibus
1432 2565 1495 2629 ad·

266 2668 564 2734 ministratoribus
585 2667 784 2733 husitarum
803 2677 838 2731 et
858 2666 938 2732 aliis
959 2666 1135 2731 nobilibus
1155 2668 1316 2734 bohemis
1335 2669 1493 2753 ejusdem

266 2786 401 2856 sectae,
422 2778 473 2842 eis
492 2774 643 2857 injunxit
664 2786 703 2840 ut
722 2775 956 2839 temeritatem
974 2772 1174 2854 hujusmodi
1194 2775 1376 2841 hominum
1400 2796 1492 2842 com·

266 2897 462 2965 pescerent;
479 2894 514 2948 et
527 2885 577 2947 ita
597 2883 645 2947 illi
665 2883 710 2947 ad
730 2881 927 2961 Collegium
947 2897 1055 2944 unum
1072 2898 1118 2944 ex
1138 2898 1202 2944 suo
1222 2900 1370 2947 numero
1391 2886 1492 2951 mise·

266 3001 360 3072 runt,
376 2993 436 3072 qui
451 2991 643 3072 praeterita
664 2999 852 3054 excusaret
871 2999 905 3052 et
926 2988 1146 3069 promitteret
1161 2990 1315 3071 aliquem
1331 3009 1376 3055 ex
1396 2994 1492 3057 nobi·

267 3099 357 3163 libus
371 3098 498 3162 husitis
512 3099 548 3162 in
567 3098 715 3178 singulis
734 3097 907 3161 classibus
922 3095 1137 3176 adiuturum,
1151 3107 1189 3160 ut
1209 3098 1360 3162 insultus
1375 3099 1494 3182 hujus·

265 3206 362 3269 modi
377 3208 494 3269 locum
506 3205 656 3286 amplius
668 3222 739 3268 non
754 3204 936 3280 haberent,
954 3212 989 3266 et
1008 3201 1154 3283 pacifice
1169 3205 1283 3268 nostri
1298 3205 1412 3270 officio
1427 3224 1492 3273 suo

262 3313 506 3393 fungerentur3
533 3322 568 3376 et
591 3313 642 3376 ita
667 3313 810 3376 scholae
837 3310 1057 3387 crescebant,
1082 3311 1244 3389 quamvis
1271 3330 1342 3377 non
1370 3331 1493 3380 omnes

264 3420 445 3484 auditores
459 3419 550 3484 firmi
566 3428 678 3494 erant,
695 3419 904 3500 praesertim
919 3418 956 3480 in
970 3417 1144 3480 classibus
1158 3417 1396 3485 inferioribus.

326 3526 412 3590 1612.
456 3525 743 3590 Renunciaverat
766 3524 942 3589 Dominus
964 3523 1192 3606 Praepositus
1217 3529 1405 3607 pragensis
1430 3547 1488 3593 no·

264 3636 346 3699 stris
361 3636 397 3699 in
408 3635 508 3698 initio
523 3635 697 3715 quosdam
711 3635 918 3698 lutheranos
932 3632 1079 3696 insidias
1095 3643 1298 3699 nostrorum
1310 3636 1406 3700 vitae
1418 3654 1490 3702 mo·

264 3743 331 3822 liri,
358 3753 393 3806 et
418 3743 449 3807 si
473 3743 651 3807 accideret
675 3753 712 3806 ut
736 3750 877 3823 pontem
900 3737 1116 3819 trajicerent,
1141 3742 1372 3820 (praeterfluit
1396 3745 1490 3809 enim

264 3851 416 3914 mediam
428 3851 551 3914 urbem
562 3849 691 3914 fluvius
704 3847 725 3928 ¹,
738 3859 777 3911 ut
787 3846 939 3911 Romam
953 3847 1128 3927 Tyberis),
1142 3849 1177 3911 in
1192 3847 1339 3913 fluvium
1350 3867 1389 3914 se
1400 3854 1492 3916 velle

259 3955 408 4037 jesuitas
415 3958 654 4039 praecipitari,
667 3967 702 4021 et
714 3956 839 4020 deinde
850 3955 975 4035 ingere
986 3955 1199 4036 fatebantur;
1210 3957 1273 4020 sed
1284 3960 1491 4025 nostrisoris

260 4077 368 4130 noctu
387 4085 456 4130 non
476 4067 724 4141 versabantur,
742 4064 894 4128 interdiu
909 4080 995 4126 vero
1012 4063 1232 4127 obedientiae
1252 4067 1398 4145 negotia
1419 4069 1491 4132 obi·

260 4174 357 4238 bant.

320 4282 408 4347 1613.
451 4281 488 4346 P.
506 4279 661 4345 Henrico
676 4280 854 4361 Blysemio
867 4279 1073 4360 singillatim
1090 4289 1239 4360 paratae
1250 4280 1391 4346 fuerant
1407 4283 1487 4348 insi·

258 4391 350 4470 diae,
365 4390 464 4455 seda
484 4390 638 4471 quodam
658 4406 703 4452 ex
721 4387 890 4452 fratribus
909 4387 1042 4450 nostris
1062 4386 1248 4452 insidiator
1263 4389 1362 4453 visus
1383 4399 1418 4455 et
1438 4409 1495 4462 rer

302 4640 310 4674 Ι
338 4635 470 4684 Moldava.
