3642 5350
361 463 417 524 684
822 459 949 523 Canon.
970 460 1046 522 Soc.
1067 460 1137 535 Jns.

361 610 523 674 vincialis
535 611 807 676 concionaretur
817 612 894 692 ipso
906 611 963 674 die
978 607 1037 674 su
1057 607 1244 689 Alphonsi,
1258 605 1387 670 mirum
1398 606 1434 671 in
1447 604 1590 669 modum

360 717 571 799 primoribus
585 717 661 799 ejus
675 719 784 798 urbis,
802 719 862 800 qui
876 735 1000 782 omnes
1014 717 1060 780 ad
1074 733 1155 780 eum
1169 713 1384 779 audiendum
1397 723 1584 793 venerant,

359 825 542 905 satisfecit,
558 836 594 890 et
610 826 772 891 omnibus
787 824 1021 890 aedificationi
1035 823 1111 888 fuit.

418 931 509 997 2952.
552 933 643 1013 Quia
658 951 745 998 vero
759 935 949 998 ecclesiam
967 932 1148 1012 propriam
1166 929 1281 995 nostri
1302 929 1459 994 nondum
1479 930 1587 994 habe·

357 1040 452 1120 bant,
469 1041 504 1104 in
520 1042 599 1106 aliis
614 1043 759 1107 verbum
776 1041 843 1106 Dei
858 1052 893 1105 et
907 1041 1138 1105 christianam
1161 1037 1268 1102 etiam
1286 1036 1485 1102 doctrinam
1504 1054 1584 1118 pro·

355 1149 543 1228 ponebant;
556 1149 592 1213 in
604 1150 757 1231 quadam
768 1159 886 1213 autem
902 1147 1071 1228 parochia
1086 1163 1197 1227 prope
1212 1145 1408 1224 Collegium
1420 1155 1582 1209 nostrum

358 1251 396 1316 P.
412 1253 534 1334 Plaza,
552 1256 633 1319 licet
648 1256 778 1336 alioqui
792 1256 880 1319 satis
894 1264 1089 1335 occupatus
1110 1253 1220 1332 domi,
1237 1252 1429 1317 conciones
1449 1253 1586 1333 aliquas

357 1360 402 1424 ad
417 1364 585 1442 populum
600 1381 680 1427 cum
695 1361 770 1442 ejus
784 1362 1029 1426 aedificatione
1046 1359 1207 1424 habebat.

415 1469 506 1533 2953.
548 1469 643 1534 Inter
657 1488 718 1534 eos
733 1471 792 1551 qui
807 1480 887 1550 post
907 1469 1078 1534 exercitia
1098 1468 1297 1548 spiritualia
1318 1485 1447 1531 nomeu
1468 1465 1584 1531 Socie-

356 1577 420 1640 tati
433 1576 615 1656 dederunt,
627 1594 719 1641 unus
729 1577 794 1641 suit
807 1577 965 1642 Didacus
973 1578 1017 1640 de
1029 1574 1303 1640 Brachamonte.
1314 1574 1453 1654 Hispali
1465 1583 1583 1638 autem

357 1683 499 1748 venitP.
510 1683 689 1765 Galiegos.
700 1683 851 1766 Quidam
864 1684 1057 1748 canonicus
1065 1681 1217 1763 juvenis,
1232 1683 1443 1760 cognomine
1456 1681 1582 1762 Figue·

354 1807 430 1871 roa,
447 1792 582 1856 amicus
597 1791 780 1856 Francisci
795 1793 838 1856 <le
852 1794 888 1856 la
901 1791 1013 1855 Torre
1031 1791 1051 1870 ¹,
1069 1807 1132 1871 per
1144 1789 1269 1853 eadem
1281 1790 1453 1854 exercitia
1467 1787 1582 1854 Socie-

355 1906 464 1962 tatem
478 1899 617 1978 ingredi
631 1899 806 1980 decrevit;
823 1900 886 1964 sed
900 1901 958 1963 ille
979 1900 1025 1963 ad
1044 1915 1145 1962 suam
1167 1897 1356 1962 ecclesiam
1374 1897 1504 1962 remitti
1525 1896 1581 1961 de·

355 2005 438 2069 bere
453 2005 623 2070 honestas
637 2008 681 2071 ob
696 2024 825 2071 causas
840 2008 939 2071 visus
955 2015 1019 2070 est.

413 2112 504 2178 2954.
548 2113 701 2193 Quidam
725 2113 800 2196 ejus
820 2132 930 2196 nepos
949 2131 1013 2196 per
1033 2115 1158 2178 eadem
1177 2111 1347 2178 exercitia
1367 2110 1581 2177 Societatem

353 2219 491 2300 ingredi
505 2221 675 2302 decrevit,
689 2230 724 2285 et
735 2222 766 2285 is
781 2230 940 2286 retentus
955 2231 1019 2302 est,
1032 2220 1174 2302 iuvenis
1187 2219 1384 2284 octodecim
1397 2237 1511 2284 annos
1522 2238 1581 2284 na-

352 2338 420 2407 tnS,
437 2329 497 2409 qui
511 2328 757 2411 philosophiae
772 2347 919 2410 operam
933 2329 1019 2393 dare
1035 2339 1213 2410 coeperat.

412 2434 503 2499 2955.
546 2436 629 2501 Fuit
643 2437 751 2500 etiam
766 2438 858 2501 inter
872 2437 954 2513 hoS,
978 2438 1038 2518 qui
1054 2453 1093 2500 se
1106 2445 1362 2516 exercuerunt,
1381 2434 1525 2516 quidam
1545 2435 1582 2498 in

349 2541 429 2623 J'ure
455 2544 627 2608 canonico
652 2545 866 2624 licentiatus,
893 2545 953 2626 qui
980 2561 1060 2608 curn
1088 2544 1213 2621 viginti
1240 2554 1315 2608 tres
1340 2561 1452 2607 annos
1477 2545 1581 2606 natus

352 2661 461 2732 esset,
478 2652 639 2734 publicus
653 2653 765 2716 lector
786 2653 925 2734 publice
947 2651 1098 2733 legebat,
1115 2660 1150 2716 et
1164 2652 1255 2716 inter
1276 2650 1579 2733 ingeniosissimos

352 2760 408 2823 sui
432 2760 600 2841 temporis
624 2760 838 2840 habebatur,
868 2770 904 2824 et
930 2762 1078 2824 multum
1103 2759 1359 2824 aedificationis
1383 2760 1414 2824 ei
1443 2757 1579 2823 civitati

353 2869 569 2950 praestabat:
585 2869 616 2932 is
631 2868 737 2937 etiam
752 2869 789 2932 in
804 2867 1019 2932 Societatem
1033 2878 1086 2932 est
1103 2868 1289 2933 admissus.

411 2974 503 3039 2956.
548 2975 707 3055 Quatuor
723 2976 794 3054 alii,
812 2993 962 3057 quorum
982 2992 1072 3040 unus
1092 2975 1335 3056 philosophus
1353 2977 1478 3057 reliqui
1490 2976 1579 3058 juris

353 3083 516 3147 canonici
537 3084 641 3164 periti
666 3094 783 3162 erant,
806 3100 844 3146 se
865 3083 974 3147 etiam
999 3084 1135 3147 admitti
1155 3085 1391 3164 postulabant.
1416 3084 1578 3167 Quinque

353 3187 495 3253 demum
508 3191 697 3271 postremis
715 3191 895 3254 mensibus
917 3190 1001 3253 anni
1022 3191 1206 3270 praeteriti
1220 3199 1253 3254 et
1269 3209 1339 3255 non
1355 3192 1505 3272 amplius
1521 3192 1578 3256 ad·

354 3296 451 3360 missi
465 3296 618 3361 fuerunt.

411 3403 503 3467 2957.
546 3404 623 3468 Hoc
650 3415 768 3469 autem
788 3422 882 3469 anno
904 3404 1082 3469 admissus
1104 3404 1182 3488 [est]
1198 3407 1256 3470 ille
1275 3406 1369 3486 Mag.
1395 3405 1576 3486 Martinez,

350 3528 453 3590 quem
469 3513 719 3575 consobrinum
737 3510 749 3542 ’
772 3512 1042 3593 Archiepiscopi
1058 3512 1213 3578 diximus
1233 3512 1256 3593 ⁵,
1272 3522 1307 3577 et
1325 3514 1414 3593 regii
1430 3514 1577 3595 Collegii

349 3617 550 3683 Rectorem.
566 3618 600 3682 Is
615 3635 746 3698 magna
762 3637 843 3683 cum
858 3619 1101 3684 satisfactione
1117 3621 1318 3686 auditorum
1334 3621 1576 3702 philosophiae

349 3742 493 3789 cursum
504 3727 738 3807 praelegeram
752 3736 787 3790 et
799 3744 884 3791 suos
896 3727 1076 3791 auditores
1088 3728 1449 3793 inbacchalaureatus
1460 3728 1575 3809 gradu

349 3834 561 3897 constitutos
589 3835 810 3916 relinquenS,
841 3852 922 3898 cum
950 3836 1106 3915 quodam
1136 3836 1324 3917 discipulo,
1355 3837 1574 3917 approbante

349 3940 648 4023 Archiepiscopo,
664 3940 878 4006 Societatem
894 3952 947 4005 est
962 3943 1163 4023 ingressus;
1180 3943 1344 4025 quamvis
1358 3944 1403 4007 ob
1417 3942 1492 4023 ejus
1506 3944 1574 4007 vir·

349 4056 460 4111 tutem
478 4059 512 4111 et
532 4048 765 4112 eruditionem
782 4049 827 4113 ad
842 4067 1012 4130 magnam
1027 4050 1236 4131 dignitatem
1262 4066 1340 4114 eum
1363 4068 1575 4132 promovere

388 4360 397 4393 ¹
425 4360 522 4406 Confer
537 4360 659 4407 Litterae
673 4363 905 4418 Quadrtrncstres,
921 4372 939 4410 t.
957 4376 994 4419 tu,
1011 4377 1071 4420 pag.
1087 4365 1125 4409 571
1147 4365 1186 4409 De
1201 4366 1250 4410 hoc
1267 4366 1324 4410 viro
1339 4367 1457 4422 aliisque,
1473 4368 1514 4422 qul
1530 4379 1576 4421 per

347 4432 410 4476 illud
422 4439 523 4487 tempus
535 4432 661 4478 Societatl
673 4446 762 4478 nomen
775 4436 869 4479 dedere
889 4438 944 4480 tuse
959 4438 1014 4491 agit
1031 4436 1208 4487 statumina,
1226 4436 1347 4480 Historia
1358 4448 1404 4481 rns.
1424 4438 1457 4481 da
1471 4438 1498 4481 la
1515 4437 1576 4481 Pro-

348 4505 440 4547 vincia
450 4505 483 4548 de
494 4505 656 4557 Attdulucla,
666 4507 709 4551 ttb.
719 4517 739 4554 1.
747 4518 804 4562 cap.
813 4510 841 4551 ‘28
850 4517 875 4552 ct
886 4510 913 4552 29

387 4576 399 4607 ¹
426 4575 511 4631 Supra
524 4588 613 4621 uocem
623 4580 812 4623 consobrinum
821 4581 873 4624 alla
884 4592 975 4624 manus
986 4582 1090 4635 scripsit
1101 4584 1202 4625 sotoris
1211 4582 1306 4635 littura.

388 4647 399 4679 ³
425 4647 464 4691 De
475 4646 553 4691 Petro
562 4647 687 4693 Martlnez
697 4658 724 4693 et
735 4653 790 4705 ejus
800 4656 928 4696 avunculo
945 4653 1023 4697 Petro
1038 4652 1176 4709 Guerrero,
1194 4654 1398 4710 Archiepiscopo
1412 4654 1571 4709 granatensi,

347 4719 443 4764 dictum
452 4726 494 4764 est
503 4730 591 4776 supra,
601 4732 625 4766 n.
636 4720 690 4765 wo?
699 4728 726 4766 et
736 4722 798 4768 2894.
