3642 5350
775 451 837 510 Au.
860 452 930 510 1556
1413 449 1465 508 491

296 600 387 664 2117.
431 598 577 680 Aliquot
593 598 798 663 meretrices
819 616 944 663 eorum
965 616 1076 680 opera
1095 615 1292 663 conversae
1310 598 1465 673 fuerant,

236 709 378 789 quasin
393 708 485 771 bono
500 708 694 787 proposito,
711 726 756 770 ne
774 707 991 787 reciderent,
1009 707 1157 771 consilio
1172 716 1207 770 et
1222 722 1288 787 ope
1302 705 1469 786 pecunia-

238 817 292 879 ria
314 815 453 895 piorum
473 814 655 878 hominum
673 814 828 889 fovebat;
852 824 886 877 et
905 813 981 895 ejus
1000 814 1107 878 studii
1126 813 1280 895 optimus
1298 811 1386 877 odor
1404 830 1470 893 per

239 922 363 987 urbem
391 938 539 1001 sparsus
569 930 633 985 est.
665 922 913 1001 Compluribus
944 932 1064 986 autem
1097 938 1307 1002 persuasum
1337 929 1391 984 est
1423 922 1471 982 ab

239 1029 377 1104 eodem,
393 1042 431 1092 ut
445 1030 594 1109 singulis
608 1030 787 1093 mensibus
807 1014 1044 1094 confessionis
1060 1028 1258 1093 antidotum
1278 1037 1403 1093 contra
1417 1028 1472 1089 vi-

240 1137 370 1201 tiorum
384 1152 561 1199 venenum
576 1146 767 1214 sumerent,
783 1146 926 1217 praeter
940 1153 1014 1215 eoa,
1031 1136 1171 1217 quibus,
1188 1145 1227 1199 ut
1242 1143 1372 1200 octavo
1386 1152 1470 1215 quo

240 1262 308 1325 que
334 1242 390 1308 die
414 1242 450 1306 id
474 1242 644 1322 facerent,
671 1244 858 1307 consilium
882 1243 1039 1308 dederat.
1066 1244 1121 1307 Ex
1146 1260 1296 1324 quorum
1322 1258 1472 1306 numero

241 1353 406 1433 opulenta
422 1350 596 1429 quaedam
611 1351 719 1414 vidua
735 1360 958 1414 mercaturae
972 1351 1196 1429 exercitium,
1213 1353 1272 1415 cui
1289 1351 1389 1431 prius
1409 1366 1472 1411 va·

238 1458 357 1535 cabat,
375 1458 520 1520 omnino
535 1457 676 1537 reliquit
696 1468 734 1521 nt
753 1458 897 1522 liberius
913 1456 991 1521 Deo
1006 1459 1168 1522 serviret.
1185 1458 1229 1521 Et
1244 1459 1333 1521 haec
1347 1455 1475 1538 primis

242 1564 421 1629 mensibus
436 1563 541 1644 hujus
556 1565 639 1626 anni
655 1572 735 1627 acta
754 1564 907 1642 fuerunt,
925 1573 1007 1627 ante
1027 1565 1220 1628 adventum
1235 1564 1273 1627 P.
1289 1564 1475 1645 Baptistae

242 1672 382 1736 Violaei
397 1688 478 1734 cum
492 1672 615 1749 sociis,
632 1671 692 1751 qui
708 1681 791 1735 ante
806 1671 934 1735 festum
949 1670 1035 1734 Divi
1048 1670 1196 1754 Joannis
1211 1671 1394 1751 Baptistae
1414 1688 1472 1734 ex-

243 1759 476 1859 pectabantur
498 1776 522 1857 ¹3
545 1795 614 1858 quo
634 1787 794 1857 tempore
813 1778 1053 1857 professoreS,
1075 1779 1134 1858 qui
1152 1778 1305 1841 Billiomi
1325 1786 1476 1840 eatenus

241 1885 462 1965 juventutem
476 1884 687 1963 docuerant,
705 1866 788 1947 eam*
798 1885 979 1948 civitatem
995 1885 1152 1948 relicturi
1167 1893 1283 1962 erant,
1300 1891 1335 1947 et
1356 1902 1398 1948 eo
1412 1901 1474 1946 no·

245 1992 310 2056 stri
324 1990 465 2055 avidius
479 1991 776 2071 expectabantur,
793 1991 920 2072 quibus
940 1990 1159 2071 excipiendis
1177 1990 1394 2055 domicilium
1413 2007 1475 2069 pa·

245 2099 403 2163 rabatur.

304 2204 395 2267 2118.
440 2203 524 2268 Post
535 2203 675 2267 Pascha
686 2204 1475 2285 venitP.HieronymusBassiusBigliomum,

244 2311 305 2374 ubi
319 2312 563 2390 concionatus
576 2328 647 2374 non
659 2328 786 2392 parum
798 2311 1020 2376 auditoribus
1033 2313 1177 2393 placuit.
1191 2312 1297 2375 Pater
1311 2330 1399 2376 vero
1409 2312 1477 2376 Ro·

244 2421 377 2497 bertus,
392 2418 532 2482 octavis
544 2417 715 2496 Paschae,
729 2418 766 2480 in
778 2419 875 2498 urbe,
890 2436 996 2498 quam
1008 2419 1294 2500 Curtampetram
1305 2428 1437 2483 vocant
1448 2418 1476 2497 ³,

243 2528 478 2589 concionatus
493 2534 557 2589 est.

306 2632 397 2698 2119.
442 2632 617 2697 Postridie
636 2650 743 2712 ver0,
765 2632 937 2696 concione
956 2633 1096 2698 funebri
1115 2634 1245 2698 ibidem
1265 2633 1406 2712 habita,
1423 2633 1480 2697 sic

246 2741 385 2805 animos
400 2741 531 2804 civium
545 2741 612 2803 sibi
626 2739 802 2818 devinxit,
820 2750 857 2805 ut
873 2741 918 2804 ad
939 2742 1141 2821 proximum
1162 2741 1368 2805 Adventum
1383 2758 1478 2804 eum·

246 2847 327 2912 dem
344 2848 502 2911 obtinere
517 2847 806 2911 concionatorem
821 2848 1037 2928 curaverint,
1055 2848 1219 2929 quamvis
1233 2848 1269 2912 id
1284 2867 1355 2912 non
1371 2850 1477 2929 impe·

248 2957 433 3030 traverint;
448 2972 542 3018 nova
557 2971 674 3018 rerum
686 2955 842 3018 omnium
853 2953 970 3018 forma
982 2955 1149 3034 Bigliomi
1159 2964 1239 3037 post
1253 2954 1400 3019 Parrum
1410 2952 1480 3018 Ro-

247 3063 338 3127 berti
353 3072 387 3125 et
402 3062 612 3143 Hieronymi
627 3062 820 3125 adventurn
834 3063 1061 3126 cernebatur.

308 3169 400 3234 2120.
443 3168 653 3233 Recesserat
673 3167 847 3250 Bigliomo
869 3187 985 3234 novus
999 3169 1169 3235 sacerdos
1184 3171 1279 3251 Mag.
1297 3170 1481 3250 ChanaliS,

246 3291 322 3342 tum
337 3286 376 3342 ut
394 3278 633 3341 valetudinem
648 3278 684 3340 in
699 3277 833 3358 patria,
851 3295 942 3358 quae
956 3295 1028 3340 non
1043 3280 1167 3359 procul
1189 3277 1360 3358 distabat,
1380 3296 1480 3342 cura·

246 3395 312 3466 ret,
329 3394 404 3448 tum
418 3385 536 3463 etiam,
552 3394 590 3447 ut
604 3400 731 3448 versus
746 3384 904 3448 Parisios
921 3385 966 3449 ad
980 3386 1157 3466 quaedam
1171 3385 1231 3467 pia
1251 3386 1396 3465 negotia
1411 3394 1480 3449 tra·

249 3493 382 3557 ctanda
398 3493 595 3556 accederet.

308 3599 399 3664 2121.
442 3599 580 3663 Invenit
606 3608 725 3663 autem
750 3599 1010 3663 febricitantem
1035 3600 1073 3663 P.
1101 3600 1336 3665 Paschasium
1361 3616 1485 3662 mense

250 3707 356 3789 Majo.
373 3707 546 3788 Cupiebat
560 3716 678 3770 autem
694 3707 892 3787 intelligere
907 3708 1048 3788 quando
1063 3709 1193 3787 nostri,
1211 3707 1325 3772 Roma
1344 3706 1483 3770 mitten-

247 3816 296 3894 di,
314 3814 521 3896 perventuri
535 3822 649 3893 erant,
665 3825 700 3878 et
721 3831 800 3879 curn
821 3815 966 3878 eosdem
985 3832 1098 3896 prope
1113 3813 1188 3894 jam
1207 3831 1285 3878 esse
1305 3810 1481 3892 conjecta-

251 3932 317 4000 ret,
334 3921 548 4001 Blgliomum
558 3921 674 3984 rediit.

310 4027 401 4092 2122.
444 4028 642 4108 Episcopus
658 4037 777 4092 autem
790 4028 1105 4109 claromontensis,
1127 4029 1187 4110 qni
1206 4027 1354 4091 Parisiis
1373 4026 1486 4090 etiam

246 4147 338 4215 erat,
355 4135 533 4201 commisit
548 4134 695 4199 Vicario
711 4153 776 4199 suo
792 4147 826 4199 et
843 4135 1065 4200 Cancellario
1080 4146 1119 4200 ut
1138 4135 1303 4215 Bigliomi
1322 4150 1485 4198 necessa-

249 4245 303 4308 ria
315 4243 389 4323 Jam
400 4241 475 4323 jam
490 4241 664 4306 adfuturis
680 4243 866 4322 diligenter
881 4252 1128 4324 praepararet.

309 4349 400 4415 2123.
445 4350 534 4414 Cum
560 4360 679 4414 autem
703 4349 879 4429 Lugduno
900 4351 1069 4414 transiret
1094 4350 1239 4431 quidam
1265 4349 1321 4413 vir
1346 4348 1426 4429 pius
1450 4356 1488 4410 et

292 4559 300 4593 ¹
329 4558 397 4604 Vide
408 4569 495 4614 snpra,
506 4569 566 4614 paz.
576 4557 611 4610 ³0,
620 4569 645 4602 n.
656 4557 690 4601 7⁹.

294 4629 306 4662 ἱ
332 4631 483 4686 Courpiere,
497 4631 528 4674 de
544 4641 594 4684 qno
609 4629 702 4684 oppido
718 4627 747 4674 fit
761 4629 857 4674 mentio
873 4629 899 4672 ln
921 4627 1043 4673 Litterae
1057 4628 1289 4682 Quadrimestres,
1301 4635 1320 4672 t.
1336 4639 1373 4683 rv,
1389 4637 1449 4682 pat.
1460 4625 1491 4671 14

252 4701 339 4747 erato.
646 4705 654 4720 ·
