3642 5350
225 452 234 471 ,
323 400 377 460 tii
781 398 913 461 Chaos.
934 400 1011 461 Soc.
1032 406 1102 475 jas.

322 548 482 613 rentinos
507 549 706 627 instabant;
733 549 795 615 sed
810 566 891 612 cum
905 550 1172 631 quatuordecim
1191 567 1303 613 annos
1316 568 1388 613 non
1407 550 1556 615 excede·

322 668 410 735 rent,
427 656 573 721 admissi
587 674 659 720 non
673 668 766 720 sunt.

380 762 451 827 569.
494 764 582 828 Erat
609 765 678 827 hac
710 774 845 828 aestate
881 764 1081 828 Florentiae
1113 765 1257 845 quidam
1283 766 1340 829 vir
1368 766 1481 829 bonus
1508 783 1551 829 ac

321 871 411 951 pius,
427 872 487 951 qui
502 872 658 954 Joannes
672 871 740 935 Dei
754 872 965 951 vocabatur,
979 873 1123 937 natione
1137 872 1319 952 hispanus,
1335 873 1396 953 qui
1411 874 1551 953 insigne

320 979 493 1057 hospitale
521 977 701 1043 Granatae
728 978 959 1060 fundaverat,
985 998 1089 1060 quem
1114 978 1267 1044 Ducissa
1295 981 1481 1060 retinebat,
1513 991 1549 1044 et

320 1086 451 1149 nostris
471 1095 548 1149 erat
569 1086 732 1151 assiduus
752 1087 925 1165 conviva,
951 1088 1052 1169 cujus
1077 1104 1187 1151 causa
1208 1087 1377 1166 Ducissa,
1399 1088 1458 1152 cui
1478 1089 1546 1152 hoc

320 1201 524 1274 pergratum
536 1204 623 1272 erat,
641 1204 675 1257 et
691 1195 808 1258 missis
819 1196 978 1275 pecuniis
992 1204 1027 1258 et
1041 1195 1147 1258 rebus
1157 1195 1203 1258 ad
1215 1212 1317 1258 usum
1331 1196 1545 1259 necessariis

318 1302 422 1364 solito
440 1300 657 1382 frequentius
675 1314 817 1365 nostros
840 1303 1061 1381 sublevabat;
1082 1313 1118 1366 et
1137 1312 1210 1365 tarn
1229 1302 1308 1382 ipsa
1331 1319 1438 1383 quam
1460 1302 1545 1366 Dux

319 1426 399 1471 curn
417 1408 496 1489 ipso
515 1410 658 1488 saepius
676 1408 720 1471 de
740 1410 847 1473 rebus
856 1394 1053 1473 'Societatis
1073 1410 1327 1489 loquebantur,
1347 1419 1383 1473 et
1406 1410 1547 1491 quidem

320 1532 400 1580 cum
419 1517 574 1597 ipsorum
594 1515 839 1580 aedificatione
866 1515 887 1577 ¹.
914 1518 960 1580 Et
979 1518 1166 1581 videbatur
1191 1516 1283 1580 affici
1307 1517 1411 1581 solito
1431 1518 1548 1597 magis

319 1626 413 1700 Dux;
431 1641 511 1688 cum
526 1624 620 1687 enim
641 1622 678 1686 P.
700 1623 905 1687 Ludovicus
926 1626 1030 1688 simul
1048 1642 1130 1688 cum
1150 1624 1408 1704 christophoro
1428 1624 1547 1689 Trusi·

318 1722 390 1812 glio
410 1730 599 1795 Ducissam
626 1732 783 1810 adiisset,
801 1742 846 1795 ,ut
868 1732 1072 1796 facultatem
1097 1730 1142 1795 ad
1167 1731 1458 1812 christophorum
1481 1732 1547 1796 Ro·

318 1856 414 1903 mam
428 1839 637 1903 mittendum
652 1841 868 1919 impetraret,
885 1840 1091 1920 supervenit
1104 1856 1169 1919 pro
1183 1856 1281 1903 more
1296 1856 1361 1903 suo
1376 1838 1470 1918 Dux,
1487 1841 1546 1904 cui

318 1948 356 2012 P.
373 1947 577 2011 Ludovicus
592 1947 746 2009 libellum
759 1948 906 2030 Joannis
922 1946 1094 2011 Gersonis
1114 1947 1158 2009 de
1180 1947 1388 2010 imitatione
1410 1947 1546 2010 Christi

318 2057 499 2135 eleganter
526 2063 749 2134 compactum
776 2054 915 2132 obtulit,
947 2072 1050 2134 quem
1076 2054 1181 2118 hilari
1204 2056 1305 2118 vultu
1330 2056 1481 2135 accepit,
1511 2065 1545 2118 et

317 2161 479 2242 promisit
492 2160 648 2241 quotidie
663 2177 700 2222 se
715 2160 847 2240 aliquid
861 2178 906 2223 ex
922 2177 964 2222 eo
980 2163 1152 2224 lecturum
1167 2173 1201 2224 et
1222 2160 1317 2241 quod
1334 2162 1381 2225 ad
1398 2161 1545 2225 faculta-

317 2281 388 2333 tem
402 2269 616 2349 postulatam
631 2284 695 2347 pro
710 2284 853 2330 recessu
869 2266 1118 2348 Christophori
1132 2268 1285 2332 Ducissa
1300 2286 1380 2332 eam
1401 2286 1544 2333 conces·

317 2376 374 2453 sit,
391 2375 580 2439 dummodo
595 2373 670 2455 ejus
684 2383 849 2454 parentes
869 2377 1026 2438 contenti
1045 2384 1174 2439 essent.
1198 2374 1371 2439 Hortatus
1389 2384 1444 2439 est
1464 2394 1544 2439 eam

318 2478 356 2547 Ρ.
372 2482 575 2548 Ludovicus
588 2493 628 2545 ut
648 2480 847 2545 aedificium
870 2480 1019 2561 Collegii
1038 2492 1265 2563 promoveret
1280 2501 1324 2547 ac
1338 2483 1477 2548 dotaret
1498 2483 1543 2546 ad

318 2697 528 2708 ——u-——n

356 2865 364 2895 1
394 2863 492 2906 Gravis
508 2863 549 2906 hic
566 2867 604 2904 est
620 2862 770 2915 difficultas,
783 2863 823 2905 cui
838 2861 981 2904 solvendae
996 2867 1041 2905 aut
1060 2860 1229 2915 explicandae
1248 2863 1360 2917 impares
1375 2875 1422 2908 nos
1439 2866 1540 2909 omnino

315 2937 437 2979 fatemur.
448 2933 513 2978 Nam
528 2943 627 2978 certum
642 2941 682 2978 eat
698 2933 823 2986 Joannem
834 2933 880 2998 Dei
896 2934 951 2984 (vel
960 2933 991 2976 de
1003 2933 1065 2984 Deo,
1076 2933 1208 2986 hispanice
1217 2934 1292 2989 Juan
1302 2936 1336 2979 de
1346 2935 1430 2990 Dios),
1440 2937 1497 2991 ‘qul
1506 2938 1543 2980 in·

315 3009 388 3062 signe
404 3007 530 3062 hospitale
547 3007 681 3050 Gradatae
697 3006 875 3058 fundaverat„
890 3006 958 3049 dictu
968 3016 1115 3060 supremum
1129 3005 1223 3049 obiisse
1238 3006 1274 3048 8.·
1289 3005 1386 3060 Martii,
1400 3019 1468 3052 auno
1483 3007 1535 3052 1550

315 3079 362 3124 aa.
372 3079 439 3132 Juns
454 3089 488 3122 oa
499 3077 604 3131 Salaros,
623 3077 794 3130 Chrouologia
812 3075 1005 3131 hospitalario,
1022 3088 1078 3131 cap.
1089 3077 1124 3119 31.
1143 3075 1237 3130 Quare,
1247 3079 1290 3120 vel
1309 3078 1401 3123 fefellit
1420 3081 1544 3124 memoria

316 3151 462 3202 Polancum.
472 3151 513 3193 vel
523 3149 614 3194 fefellit
625 3149 775 3193 Florentiae
786 3149 871 3192 Duces
882 3161 1020 3203 eorumque
1027 3149 1127 3193 curiam
1136 3151 1266 3203 impostor
1275 3151 1377 3205 aliquis,
1388 3153 1431 3196 rel
1440 3153 1543 3197 taudem

314 3225 344 3278 is,
356 3224 398 3278 qui
411 3223 459 3266 hoc
469 3233 536 3274 auno
547 3221 600 3265 1556
611 3222 641 3265 “a
651 3221 760 3265 Ducissa
770 3223 933 3264 retinebatur
942 3223 1089 3276 nostrisque
1099 3222 1337 3266 assiduusconviva
1347 3229 1483 3277 erat„noa
1492 3226 1540 3269 fult

315 3295 426 3348 joannes
441 3295 484 3337 ille
496 3293 551 3345 Dei,
568 3293 625 3348 “qul
641 3294 741 3344 insigne
756 3293 884 3345 hospitale
900 3293 1035 3337 Gradatae
1051 3294 1229 3347 fundaverat„
1242 3295 1287 3337 sed
1299 3295 1366 3338 alius
1376 3296 1496 3340 fortassis
1510 3309 1543 3340 ex

314 3369 370 3422 ejus
384 3365 524 3420 discipulis.
540 3366 582 3419 qui
597 3366 620 3408 ei
634 3366 788 3418 superstites
802 3365 881 3408 fuere.
896 3364 994 3408 Verum
1009 3365 1127 3418 primum,
1140 3365 1249 3419 scilieet,
1264 3366 1387 3410 fefellisse
1401 3367 1542 3414 Polancuru

315 3437 474 3487 memoriam.
486 3437 608 3480 credibile
619 3437 664 3480 vix
675 3442 723 3488 eat,
734 3446 791 3478 cum
802 3446 853 3478 non
862 3446 894 3478 ex
904 3436 1029 3478 memoria
1043 3436 1088 3479 sed
1105 3447 1138 3478 ex
1152 3437 1257 3489 scriptis
1273 3439 1443 3482 monumentis
1457 3441 1541 3494 ipsum

315 3522 380 3564 quae
390 3509 449 3552 huic
461 3508 587 3552 calonico
597 3508 736 3558 inserebat,
748 3519 837 3550 eruere
849 3508 953 3551 solitum
964 3514 1063 3550 certum
1073 3507 1116 3550 sit.
1128 3507 1252 3559 Quamvis
1260 3515 1286 3551 et
1297 3509 1359 3552 illud
1370 3511 1451 3554 otiam
1461 3512 1541 3555 incre·

314 3581 391 3626 dibile
399 3591 463 3635 pene
477 3585 517 3623 est
526 3579 661 3634 ignorasse
672 3579 821 3624 Polancum.
830 3579 889 3622 dum
899 3579 948 3622 boc
964 3577 1109 3623 chronicon
1124 3579 1315 3633 compingebat.
1331 3581 1461 3634 videlieet,
1477 3591 1540 3627 tem·

313 3665 435 3709 pureque
444 3653 499 3708 lam
510 3651 676 3704 Praepositus
688 3650 824 3694 Generalis
834 3650 974 3695 Societatis
982 3657 1041 3694 erat
1052 3650 1078 3694 Ρ.
1091 3649 1277 3698 Mercuriauus.
1294 3663 1388 3695 annum
1403 3665 1452 3707 quo
1468 3654 1543 3707 joan·

313 3737 359 3768 nes
368 3724 416 3768 Dei
426 3728 536 3766 mortem
546 3723 655 3766 obierat.
667 3721 809 3766 Secundum
821 3729 916 3773 autem,
927 3723 1131 3776 quodimposior
1141 3723 1243 3776 aliquis,
1254 3735 1282 3766 se
1293 3723 1417 3775 Joannem
1428 3725 1476 3769 Dei
1484 3739 1540 3770 esse

313 3797 445 3847 simulans,
462 3793 548 3838 Duces
564 3792 712 3836 Florentiae
728 3804 867 3849 eorumque
882 3795 979 3837 curiam
994 3795 1146 3848 decepisset,
1160 3795 1244 3837 minus
1259 3795 1345 3838 adhue
1361 3796 1431 3839 credi
1445 3804 1540 3851 potest,

313 3879 370 3912 cum
381 3875 420 3911 tot
430 3875 515 3910 essent
526 3865 676 3909 Florentiae
685 3871 745 3908 tunc
757 3867 880 3921 temporis
891 3866 1001 3920 hispani:
1013 3867 1089 3909 immo
1097 3873 1123 3908 et
1134 3865 1219 3910 Duces
1228 3873 1274 3910 aut
1283 3867 1409 3920 sanguiue
1421 3877 1466 3912 aut
1480 3871 1542 3914 ami·

312 3939 376 3983 eltia
385 3939 515 3994 coniuncti
525 3943 600 3980 eraut
611 3939 728 3991 pluribus
743 3949 775 3980 ex
791 3938 832 3980 his
845 3938 1017 3991 magnatibus,
1034 3939 1076 3990 qui
1087 3936 1257 4004 Joaunispei
1270 3939 1345 3981 funus
1360 3939 1540 3986 honestarunt.

313 4011 358 4054 Fu.
370 4009 436 4063 Jusn
445 4009 808 4064 ursimus,i.c..cap.se;1².
823 4008 933 4052 Manum.
944 4009 1112 4060 Tamcnaala,
1126 4007 1194 4052 Vida
1209 4009 1243 4052 de
1258 4009 1314 4052 San
1328 4009 1403 4063 Juan
1418 4011 1451 4054 de
1466 4013 1541 4067 Dios,

313 4093 369 4137 cup.
381 4081 414 4134 1ος
425 4082 584 4126 Faaucrscus
593 4092 627 4124 uu
637 4079 747 4136 cisano,
764 4081 823 4124 Vita
835 4081 860 4124 S.
873 4081 991 4136 Joannis
1001 4082 1034 4123 de
1044 4079 1110 4134 Deo,
1120 4092 1177 4136 cap.
1193 4092 1247 4134 x111,
1262 4081 1288 4124 in
1303 4093 1380 4136 opere
1395 4084 1461 4127 Actu
1474 4083 1540 4128 Sun-

313 4158 425 4204 ciorum,
434 4165 520 4197 mense
530 4153 633 4204 Martio,
645 4163 663 4196 t.
674 4165 692 4206 ι,
703 4165 763 4208 pag.
774 4153 822 4196 833.
833 4153 925 4196 Restat
937 4153 1019 4206 igitur
1029 4153 1143 4205 tertium,
1155 4155 1221 4207 quod
1232 4154 1335 4208 quidem
1344 4156 1483 4200 verisimile
1494 4158 1538 4200 ad·

312 4227 413 4270 niodum
421 4233 470 4270 est.
480 4225 546 4269 Nam
555 4227 640 4280 potuit
651 4225 746 4280 aliquis
756 4237 788 4268 ex
798 4224 904 4277 joannis
915 4225 1047 4278 discipulis
1054 4235 1104 4268 nou
1114 4227 1196 4268 solum
1206 4237 1252 4279 per
1260 4225 1423 4279 Hispaniam,
1432 4230 1498 4282 quod
1506 4231 1539 4272 ab

313 4299 368 4354 ipso
379 4298 458 4341 etlam
468 4297 565 4350 Joanue
576 4298 674 4341 factum
686 4303 734 4349 est,
743 4297 787 4340 sed
799 4305 824 4340 et
836 4308 881 4351 per
892 4297 1006 4352 italiam,
1017 4298 1059 4340 ubi
1069 4303 1109 4340 tot
1124 4299 1298 4341 versabantur
1312 4298 1422 4352 hispani,
1433 4302 1477 4344 uei
1488 4302 1539 4344 eie·

312 4380 494 4427 emosynarum
509 4369 713 4422 colligendarum
729 4380 807 4412 causa
823 4369 930 4422 vagari,
947 4369 990 4411 vei
1004 4377 1033 4412 ut
1049 4380 1065 4411 a
1076 4367 1142 4411 Sede
1159 4370 1311 4422 Apostolica
1326 4371 1539 4424 approbationem

313 4442 465 4496 impetraret
481 4441 600 4494 regulae,
614 4443 655 4485 cui
672 4442 719 4484 hoc
735 4441 839 4484 tandem
854 4452 921 4484 anno
935 4439 988 4483 1556
1000 4441 1091 4484 ultima
1101 4451 1193 4484 manus
1203 4440 1323 4492 imposita
1334 4447 1382 4486 est.
1393 4440 1445 4486 Las
1454 4454 1539 4487 rarus

312 4512 511 4566 Bouuanmsras,
528 4511 589 4556 Vles
603 4513 651 4556 des
663 4512 765 4565 Satiris,
776 4517 794 4556 t.
804 4522 842 4562 ιιι,
857 4523 917 4566 pag.
929 4512 1077 4564 {89.-Quae
1092 4523 1150 4555 eum
1165 4512 1203 4556 ita
1217 4513 1279 4564 siut,
1295 4513 1395 4556 librarii
1410 4525 1481 4567 paee,
1497 4517 1539 4568 qul

312 4584 390 4630 101111Ι
406 4584 431 4627 1ιι
445 4582 573 4628 similibus
589 4585 678 4638 lapsus
692 4590 740 4636 est,
756 4584 841 4626 dicere
855 4583 1009 4627 auderemus
1021 4583 1160 4628 Polancum
1175 4584 1288 4628 dictasse
1305 4584 1349 4628 hic
1365 4585 1420 4627 “vir
1433 4585 1491 4639 plus
1507 4598 1539 4630 ac

311 4657 400 4710 honus,
405 4655 546 4710 discipulus
553 4654 630 4708 lilius,
639 4656 730 4711 qui..·„
737 4655 781 4699 sed
789 4666 868 4699 voees
875 4655 1027 4710 disciputus
1035 4654 1112 4699 iilius
1118 4656 1166 4698 auh
1173 4655 1275 4707 librarii
1283 4657 1385 4700 cahiuo
1392 4658 1538 4702 evanuisse·
