3642 5350
770 410 833 469 Art.
856 410 925 469 1556
1409 410 1459 470 691

231 558 345 638 loqui;
362 574 444 621 nam
460 566 493 621 et
508 556 634 637 ipsein
649 556 801 636 privatis
814 554 999 635 colloquiis
1012 572 1115 620 suum
1130 556 1288 622 animum
1302 558 1457 639 explica·

233 664 304 728 bat.
327 663 506 729 Curarunt
527 662 667 743 quidem
688 662 798 727 nostri
818 678 899 727 eum
920 663 1107 726 certiorem
1126 662 1245 728 facere
1265 663 1309 728 de
1327 666 1460 743 multia,

233 788 323 854 quae
337 770 427 835 falso
443 771 573 834 nostris
594 769 903 845 adscribebantur3
926 779 960 832 et
980 769 1130 834 orabant
1148 787 1213 851 pro
1233 788 1276 835 eo
1295 788 1404 853 saepe
1426 781 1462 836 et

234 878 518 961 reprehensionis
526 875 642 957 justae
653 877 879 942 occasionem
890 878 1077 941 cavebant.
1091 877 1185 942 Nihil
1195 888 1315 944 tamen
1323 880 1462 960 publice

234 987 339 1051 dictis
353 983 430 1065 ejus
444 984 718 1066 respondebant;
735 1001 802 1048 nec
816 984 958 1048 interim
979 996 1150 1049 consueta
1174 986 1367 1051 ministeria
1388 989 1461 1052 ulla

234 1112 280 1157 ex
294 1103 394 1175 parte
408 1093 628 1171 omittebant,
641 1092 786 1173 perinde
798 1101 903 1173 atque
914 1092 946 1155 si
957 1092 1044 1157 nihil
1058 1093 1143 1157 novi
1157 1093 1356 1159 accidisset.
1370 1094 1460 1159 Con·

235 1200 359 1265 citavit
373 1200 514 1265 interim
533 1198 653 1263 divina
673 1198 814 1263 bonitas
829 1199 865 1261 in
880 1198 978 1263 illum
996 1200 1286 1267 concionatorem
1305 1202 1463 1266 omnium

234 1308 487 1387 magistrorum
512 1315 547 1371 et
566 1305 853 1387 praedicatorum
877 1304 1036 1388 ejusdem
1063 1306 1198 1371 ordinis
1225 1308 1375 1385 animos,
1402 1310 1464 1391 qui

236 1416 324 1481 satis
343 1414 480 1495 Hispali
498 1412 745 1492 versabantur,
764 1414 824 1496 qui
842 1413 983 1495 publice
1002 1422 1036 1477 et
1055 1414 1224 1495 privatim
1249 1433 1316 1480 nec
1336 1434 1464 1497 parum

235 1524 414 1588 ferventer
428 1521 607 1587 infaciem
621 1521 671 1586 illi
685 1521 917 1601 resistebant,
933 1531 1140 1602 tantumque
1158 1523 1191 1587 ei
1212 1525 1347 1603 negotii
1366 1523 1463 1588 exbi-

235 1633 397 1710 buerunt,
413 1640 451 1695 ut
466 1627 540 1693 fere
554 1646 678 1693 omnes
692 1628 1020 1709 quadragesimales
1035 1630 1226 1695 conciones
1238 1631 1273 1695 in
1289 1631 1465 1712 apologiis

236 1754 446 1803 consumere
462 1736 632 1801 debuerit.

296 1844 388 1909 2984.
431 1844 636 1909 Timuerant
652 1842 761 1925 aliqui
775 1860 820 1907 ne
835 1844 901 1907 iste
916 1842 1045 1924 Aquilo
1060 1862 1175 1909 novas
1197 1847 1354 1926 plantas,
1374 1862 1466 1926 quae

238 1972 259 2017 a
273 1951 406 2017 nostris
420 1952 457 2015 in
471 1951 597 2032 spiritu
609 1949 727 2033 juvari
742 1958 946 2031 coeperant,
962 1952 1190 2031 convelleret;
1211 1953 1275 2017 sed
1293 1954 1466 2034 pauculos

236 2075 356 2125 ramos
371 2058 558 2137 confregit,
575 2076 618 2122 ac
632 2057 802 2138 nobilium
817 2058 1028 2139 praesertim
1042 2059 1288 2140 quorumdam,
1302 2060 1405 2141 quisi
1420 2060 1467 2125 ad

237 2175 380 2231 nostros
404 2165 656 2243 accessissent,
683 2163 816 2245 aliquid
840 2161 1004 2229 fortassis
1029 2174 1135 2229 notae
1157 2165 1368 2231 timuissent.
1394 2166 1467 2232 Alii

238 2283 356 2338 tamen
371 2271 547 2338 firmiores
561 2271 774 2337 videbantur
789 2270 929 2335 radices
951 2272 1085 2352 egisse,
1102 2281 1224 2338 ettam
1245 2276 1346 2339 multi
1366 2291 1466 2355 prae·

237 2391 334 2445 terea
350 2388 590 2459 accesserunt,
604 2387 641 2442 ut
655 2378 717 2443 vix
731 2379 768 2443 in
783 2378 1044 2444 confessionum
1056 2388 1091 2443 et
1102 2380 1389 2445 communionum
1403 2383 1466 2447 mi·

238 2488 383 2553 nisterio
398 2488 451 2552 eis
466 2494 586 2568 posset
601 2486 782 2565 satisfieri;
797 2495 917 2567 etqua
937 2487 1075 2551 ratione
1089 2484 1199 2553 Satan
1216 2488 1467 2553 auctoritatem

239 2595 445 2661 imminuere
461 2594 673 2676 conabatur,
695 2592 819 2659 eadem
832 2572 1015 2658 ¹Dominus
1029 2595 1124 2676 apud
1138 2595 1270 2676 probos
1289 2603 1325 2659 et
1343 2596 1468 2661 doctos

239 2704 348 2782 viros,
364 2713 437 2767 tam
452 2703 639 2783 religiosos
653 2718 760 2782 quam
773 2703 989 2779 saeculares,
1006 2703 1118 2766 auxit.

299 2809 389 2876 2985.
432 2810 589 2875 Excitati
603 2826 691 2890 ergo
705 2809 820 2874 nostri
840 2807 1040 2888 hujusmodi
1061 2810 1224 2889 stimulis,
1241 2818 1276 2875 et
1291 2811 1467 2874 concioni·

239 2918 305 2982 bus
329 2927 364 2983 et
389 2917 669 2982 confessionibus
692 2917 889 2980 ferventius
913 2933 1060 2998 operam
1084 2916 1170 2981 dare
1195 2928 1407 2998 coeperunt,
1435 2927 1471 2982 et

240 3025 472 3090 christianam
488 3025 688 3089 doctrinam
703 3025 739 3088 in
754 3023 867 3088 tribus
887 3023 1069 3104 parochiis
1091 3023 1288 3089 docendam
1308 3042 1471 3107 suscepe-

239 3141 333 3212 runt,
349 3133 385 3196 in
400 3148 552 3214 quarum
566 3149 637 3196 una
653 3129 961 3212 frequentissimus
975 3132 1129 3212 populus
1142 3130 1219 3196 fuit.

299 3238 391 3304 2986.
434 3238 523 3303 Cum
539 3246 658 3302 autem
673 3256 714 3302 ea
730 3237 915 3318 provincia
935 3253 1066 3318 magna
1083 3255 1247 3304 annonae
1261 3241 1412 3306 caritate
1427 3242 1474 3306 la·

240 3349 400 3425 boraret,
417 3345 632 3427 usqueadeo
647 3355 685 3411 ut
700 3346 861 3410 nonnulli
875 3353 978 3410 extra
993 3345 1170 3426 Hispalim
1185 3347 1385 3412 hordeaceo
1403 3348 1475 3414 fur·

242 3457 318 3522 fure
334 3473 399 3538 pro
414 3472 518 3538 pane,
535 3465 570 3520 et
586 3455 697 3519 coctis
712 3455 842 3518 malvis
856 3453 933 3518 sine
948 3454 1027 3518 oleo
1042 3471 1107 3534 pro
1120 3454 1267 3520 obsonio
1279 3465 1474 3537 uterentur,

243 3582 324 3629 cum
338 3565 406 3629 boc
421 3582 442 3628 a
458 3563 613 3644 quodam
627 3579 672 3626 ex
691 3562 824 3626 nostris
844 3559 969 3626 suisset
987 3560 1128 3642 Hispali
1149 3561 1406 3642 significatum,
1423 3566 1475 3629 sic

244 3673 290 3737 ad
309 3669 654 3737 commiserationem
676 3669 838 3733 homines
858 3668 1000 3733 fuerunt
1019 3670 1176 3748 excitati,
1198 3679 1237 3734 ut
1259 3671 1303 3735 ab
1324 3672 1369 3735 iis
1390 3673 1475 3737 mul·

245 3789 319 3844 tum
344 3778 466 3860 panis,
487 3777 532 3840 ab
554 3777 624 3841 illis
641 3777 790 3841 multum
808 3776 982 3858 pecuniae
1001 3775 1037 3840 in
1059 3793 1256 3857 pauperum
1278 3778 1477 3844 subsidium

245 3886 462 3966 mitteretur;
482 3893 517 3949 et
536 3885 701 3948 mulieres
723 3886 875 3949 annulos
889 3901 935 3949 ex
950 3883 1084 3964 digitis,
1101 3885 1245 3949 inaures
1259 3888 1304 3949 ab
1319 3887 1476 3966 auribus,

245 3994 404 4058 armillas
425 4011 447 4056 a
462 3991 634 4056 brachiis:
656 3991 716 4055 alii
731 3999 850 4055 autem
873 3999 1084 4055 ornamenta
1107 3992 1235 4070 capitis
1249 4003 1284 4057 et
1307 4002 1426 4058 vestes
1442 3995 1478 4058 in

246 4101 519 4165 subventionem
537 4115 734 4180 pauperum
754 4097 973 4178 conferrent;
996 4115 1064 4162 nec
1083 4099 1198 4162 solum
1219 4099 1479 4180 hispalensibus

246 4208 309 4272 sed
324 4208 379 4272 his
395 4208 501 4271 etiam
515 4205 741 4287 pauperibus,
754 4206 816 4286 qui
827 4205 864 4268 in
875 4205 980 4286 pagis
992 4205 1122 4268 vicinis
1136 4206 1383 4288 versabantur,
1400 4208 1479 4272 sub·

244 4324 390 4380 ventum
406 4323 459 4378 est
479 4322 501 4378 ¹.

304 4421 396 4487 2987.
440 4421 498 4487 Ad
519 4421 730 4502 prostitutas
755 4421 923 4484 mulieres
945 4418 1068 4483 habita
1087 4421 1260 4486 concione
1280 4441 1301 4486 a
1327 4421 1481 4504 quodam

252 4583 461 4597 ———·-¹-

288 4666 296 4698 ⁸
330 4661 452 4709 Litterae
462 4663 694 4718 Quadrimestres,
704 4669 723 4707 t.
735 4673 770 4718 rr,
781 4673 842 4718 pag.
853 4661 901 4706 164.
