3642 5350
801 449 865 513 An.
888 448 957 512 1556
1440 446 1495 513 Μ

263 606 431 675 magnam
445 608 589 663 nostrae
603 592 683 663 fidei
698 597 938 677 cognitionem
956 604 1168 661 consecutus
1188 595 1384 661 videbatur.
1410 596 1492 663 Mis·

264 720 325 767 sus
345 703 410 767 luit
430 722 452 767 a
471 704 607 784 Legato
629 711 639 745 ¹
659 705 704 768 ad
729 704 926 785 Collegium
945 712 1122 784 nostrum,
1143 712 1181 767 ut
1196 703 1414 769 catechismo
1442 706 1492 769 in·

264 820 470 888 strueretur,
486 811 587 876 brevi
602 812 826 893 postmodum
840 811 1088 892 baptizandus.

323 916 394 981 828.
439 917 614 998 Quamdiu
629 919 758 983 absens
770 918 836 983 iuit
851 918 889 982 P.
905 918 1055 998 Caesar,
1072 920 1106 983 in
1122 918 1428 984 exhortationibus
1446 919 1493 984 nd

264 1024 498 1092 scholasticos
512 1025 569 1091 die
585 1026 727 1091 veneris
748 1026 921 1091 habendis
940 1034 976 1091 et
995 1028 1030 1091 in
1052 1026 1330 1091 confessionibus
1350 1026 1492 1092 audien·

264 1132 319 1197 dis
333 1133 492 1200 sedulam
512 1150 659 1214 operam
672 1132 711 1197 P.
728 1132 895 1197 Albertus
918 1134 1081 1213 navavit,
1102 1143 1136 1199 et
1157 1136 1192 1198 in
1214 1132 1339 1198 diebus
1360 1134 1492 1199 carnis·

264 1240 369 1321 privii
398 1258 419 1304 a
448 1241 707 1308 mundanorum
734 1232 942 1305 confusione
970 1242 1070 1305 multi
1103 1241 1304 1322 spirituales
1331 1242 1493 1307 homines

264 1348 445 1429 utriusque
460 1364 568 1411 sexus
583 1347 628 1411 ad
642 1358 866 1412 sacramenta
881 1348 1109 1428 percipienda
1120 1348 1321 1429 veniebant,
1338 1364 1381 1413 ac
1392 1366 1492 1430 prae·

264 1456 368 1535 cipue
382 1455 519 1521 nobiles
534 1455 668 1536 aliquot
681 1464 879 1521 matronae.

320 1561 393 1627 829.
435 1562 570 1629 Eodem
584 1572 758 1643 tempore,
769 1579 840 1643 quo
854 1563 982 1627 absens
1002 1572 1077 1628 erat
1092 1561 1239 1643 Rector,
1260 1564 1492 1645 congregatio

262 1670 436 1750 quaedam
450 1670 589 1752 piorum
603 1670 784 1735 hominum
798 1670 965 1735 inchoata
980 1680 1052 1750 est,
1070 1670 1128 1752 qui
1143 1687 1224 1735 cum
1242 1671 1289 1735 ad
1303 1670 1491 1737 ecclesiam

263 1788 422 1843 nostram
433 1776 667 1843 consessionis
680 1778 799 1857 gratia
818 1778 989 1844 venirent
1001 1778 1136 1858 aliquot
1151 1778 1275 1843 diebus
1294 1788 1377 1845 ante
1398 1779 1490 1858 Qua·

262 1884 502 1965 dragesimam
515 1896 552 1952 et
565 1886 806 1951 consessiones
821 1886 1007 1966 generales
1025 1883 1123 1950 Patri
1144 1886 1290 1951 Alberto
1309 1886 1489 1968 iecissent,

262 1993 352 2059 alios
368 2001 473 2074 atque
492 1994 583 2058 alios
603 1993 651 2057 ad
670 1993 738 2057 boc
756 1992 825 2057 Dei
847 1991 1056 2057 beneficium
1077 1994 1343 2074 percipiendum
1362 1994 1491 2059 invita·

262 2099 357 2179 bant,
370 2101 465 2181 quod
475 2100 543 2181 ipsi
553 2110 799 2181 perceperant;
811 2116 895 2163 nam
905 2100 973 2164 sibi
985 2100 1197 2167 videbantur
1206 2110 1289 2164 ante
1304 2099 1339 2165 id
1350 2110 1490 2183 tempus

261 2206 377 2275 Deum
390 2225 463 2271 non
475 2208 700 2287 cognovisse.
717 2207 761 2271 Et
783 2208 833 2271 ita
846 2206 962 2270 crevit
977 2224 1099 2271 eorum
1121 2224 1304 2287 numerus,
1321 2209 1381 2290 qui
1396 2208 1490 2273 bona

260 2322 421 2396 exparte
433 2312 584 2394 juvenes
596 2324 711 2394 eraut,
730 2322 765 2378 et
778 2314 825 2379 ad
835 2324 978 2378 centum
989 2314 1382 2396 quinquagintapaucis
1396 2333 1490 2381 men·

264 2423 361 2487 sibus
376 2423 547 2504 pervenit.

320 2528 393 2593 830.
436 2530 619 2609 Quaedam
643 2530 751 2596 etiam
778 2537 983 2608 matronae,
1013 2547 1058 2594 ex
1086 2531 1320 2611 quorumdam
1345 2549 1489 2597 suorum

261 2646 375 2705 morte
389 2637 577 2706 occasione
597 2648 763 2720 accepta,
784 2655 807 2702 a
827 2636 982 2703 Domino
1005 2646 1203 2704 commotae
1225 2638 1369 2705 luerunt
1391 2648 1428 2704 ut
1450 2658 1490 2704 se

261 2754 356 2809 totas
369 2743 489 2809 divino
503 2746 652 2810 servitio
666 2745 929 2826 manciparent,
949 2755 985 2808 et
1003 2745 1048 2808 ad
1063 2746 1226 2810 eumdem
1243 2746 1279 2811 Ρ.
1302 2746 1488 2812 Albertum

261 2851 494 2918 confessionis
507 2863 543 2917 et
552 2853 796 2918 instructionis
810 2852 930 2932 gratia
946 2861 1183 2917 accesserunt.

319 2959 392 3025 831.
434 2959 568 3025 Nobilis
593 2959 778 3041 cujusdam
804 2959 872 3024 viri
891 2959 984 3023 iilius
1004 2957 1269 3026 insacietatem
1288 2979 1326 3026 sc
1348 2961 1486 3028 admitti

259 3068 473 3150 postulabat,
490 3078 606 3132 aetate
617 3065 691 3148 J'am
711 3067 823 3147 virili;
837 3067 899 3131 sed
919 3067 1021 3136 Patri
1036 3065 1184 3131 Alberto
1204 3085 1339 3150 parum·
1352 3069 1488 3133 stabilis

259 3173 458 3253 videbatur,
474 3186 509 3241 et
522 3174 602 3241 ideo
618 3176 795 3240 admissus
813 3191 885 3238 non
901 3172 966 3238 est'.

317 3282 389 3348 832.
433 3283 520 3348 Cum
543 3284 742 3347 autemhac
757 3281 1039 3362 Quadragesima
1062 3279 1135 3346 iere
1156 3290 1232 3345 tota
1255 3282 1383 3348 absens
1405 3283 1487 3348 luis·
1520 3311 1531 3336 ·

259 3401 314 3455 set
326 3389 365 3455 Ρ.
382 3389 528 3468 Caesar,
545 3401 715 3454 evocatus
736 3389 800 3453 iuit
820 3407 866 3454 ex
887 3388 972 3452 villa
992 3385 1004 3416 ¹
1028 3387 1169 3454 Astiani
1189 3387 1226 3452 Ρ.
1251 3387 1429 3456 Sanctus³
1450 3400 1488 3454 ut

258 3497 355 3562 Patri
370 3497 517 3562 Alberto
531 3496 688 3562 subsidio
702 3504 806 3575 esset;
822 3504 992 3559 ettamen
1008 3503 1081 3559 tam
1098 3497 1230 3560 multae
1246 3496 1488 3562 consessiones

190 3581 198 3606 ⁶
258 3616 360 3670 erant
375 3603 581 3684 audiendae,
598 3615 637 3669 ut
650 3603 908 3668 existimaverit
924 3601 1039 3668 dictus
1061 3602 1228 3668 Albertus
1243 3603 1486 3673 consessiones

299 3923 308 3956 ¹
336 3922 407 3976 Seli..
427 3921 580 3976 Apostolico
596 3919 714 3968 Veneriis
730 3926 791 3964 tnnc
812 3917 1095 3974 agente-Sermonem
1117 3917 1159 3964 laic
1178 3917 1233 3962 lieri
1260 3918 1437 3966 existimamur
1455 3919 1488 3964 de

258 3994 355 4048 joanne
364 3994 484 4049 Baptista
495 3991 789 4048 autumnitanorum
799 4002 830 4035 ac
841 3991 874 4034 ad
885 3991 1016 4036 Summum
1028 3989 1210 4034 Pontificatum
1220 3999 1327 4035 evectus
1337 3999 1386 4042 est.
1402 3989 1487 4042 Lm·

258 4077 313 4116 1111
322 4067 355 4113 ad
365 4067 511 4114 nonnam
520 4067 650 4112 Venetam
658 4065 728 4110 misit
738 4064 836 4108 Paulus
845 4061 891 4115 lv.
902 4073 969 4106 anno
981 4062 1041 4106 lobi.
1054 4060 1214 4114 linuaocsm,
1231 4061 1417 4108 Historiarum
1441 4062 1485 4108 Ve-

258 4143 394 4191 numm,
408 4140 453 4186 lib.
469 4149 515 4190 vu.
533 4138 565 4182 ad
580 4149 640 4182 ana.
658 4135 802 4181 libbe-Hoc
813 4142 901 4179 tamen
919 4145 986 4178 anno
1006 4133 1057 4177 1536
1066 4133 1193 4188 speciales
1209 4134 1242 4178 nd
1260 4133 1326 4180 idem
1339 4133 1487 4180 Domialum

257 4224 273 4256 a
284 4210 407 4256 Pontiflce
415 4210 512 4266 laetati
519 4210 590 4256 nissi
599 4215 668 4256 sunt.
678 4210 761 4262 primo
773 4207 876 4263 quidem
885 4208 933 4250 rub
948 4207 1008 4250 anni
1022 4205 1123 4250 initium
1140 4206 1269 4250 Antonius
1289 4205 1406 4259 Caralis,
1422 4205 1492 4252 liar·

256 4284 316 4329 citio
325 4283 357 4326 de
364 4282 528 4338 Montebeth,
542 4281 633 4328 delude
647 4291 711 4324 vero
725 4282 773 4325 sub
787 4278 848 4324 anni
863 4277 939 4322 linem
954 4277 1081 4329 *loannes
1099 4275 1255 4321 anclscus
1271 4275 1488 4328 Conmendonus.

256 4355 384 4412 Zacynthi
399 4353 557 4411 Episcopus.
571 4353 615 4409 qni
631 4354 666 4398 ab
680 4351 778 4398 Senatu
792 4361 869 4406 opem
883 4357 963 4404 atque
983 4349 1107 4393 auxilium
1117 4354 1293 4403 exposceret...
1303 4349 1348 4404 ln,
1360 4349 1436 4402 ibid„
1452 4351 1487 4396 td

256 4439 317 4529 ..τ’
329 4426 452 4544 126111.
467 4499 506 4544 ci.
524 4507 610 4544 tamen
625 4507 713 4554 supra,
725 4503 744 4542 1.
755 4507 793 4551 ιν,
801 4506 861 4552 paz.
873 4494 921 4548 12⁹,
931 4505 956 4538 n.
966 4493 1019 4545 256;
1034 4499 1060 4537 et
1077 4498 1095 4536 t.
1108 4505 1134 4547 v,
1145 4503 1205 4547 pag.
1218 4491 1264 4546 170,
1274 4503 1291 4536 n
1313 4492 1363 4548 ⁴⁹¹i
1374 4501 1400 4538 cr
1411 4493 1487 4549 inira.

258 4569 284 4612 ln
369 4597 376 4615 .
476 4603 482 4616 .

190 4683 194 4690 .
295 4569 375 4688 ²⁰²Dte
382 4571 506 4690 Ἰζῖΐὴιί
516 4645 585 4689 aliud
597 4656 614 4689 a
623 4644 736 4691 Polanco
751 4643 907 4699 accepimus,
920 4642 969 4686 nisi
983 4641 1048 4696 quod
1059 4635 1221 4684 bononiensis
1239 4643 1306 4684 erat.
1323 4637 1415 4698 Supra,
1431 4645 1449 4685 t.
1461 4651 1487 4698 v,

258 4727 319 4772 pap.
331 4715 380 4771 iili,
390 4727 415 4761 n.
425 4716 475 4762 191.
