3642 5350
767 462 831 525 ΑΝ.
852 463 924 525 1556
1406 458 1460 520 795

229 612 287 679 vel
307 614 511 679 necessaria
531 614 578 679 ad
603 613 715 679 vitam
733 612 991 679 traducendam
1009 608 1271 677 subministrati
1287 606 1405 689 jussit,
1427 607 1461 671 si

229 737 284 800 ea,
302 738 393 803 quae
407 738 529 787 secum
543 722 724 787 deserebat
736 720 948 803 Episcopus,
963 737 1035 784 non
1047 716 1259 783 sufficerent.

289 827 381 895 3412.
423 827 501 909 His,
528 847 619 912 quae
644 829 820 910 pertinent
841 828 887 891 ad
907 826 1145 909 aethiopicam
1166 824 1384 904 missionem,
1405 823 1460 889 sic

229 936 431 1016 transactis,
448 934 486 1003 P.
502 937 675 1002 Melchior
690 936 846 1003 Carnero
862 934 1061 1002 Cochinum
1073 935 1203 999 missus
1214 942 1280 1014 est,
1295 931 1392 1015 quod
1406 949 1462 998 re·

233 1044 368 1126 liquum
381 1044 447 1111 luit
465 1042 568 1125 hujus
588 1044 682 1124 anni,
699 1030 761 1108 sed
783 1043 905 1108 invisit
927 1043 1035 1108 etiam
1048 1040 1274 1121 christianos,
1291 1057 1380 1123 quos
1399 1057 1461 1105 vo·

229 1162 313 1217 cant
329 1149 389 1216 83¹
406 1150 566 1217 Thomae
577 1148 599 1230 ⁸,
613 1151 673 1233 qui
685 1169 705 1215 a
718 1150 830 1216 tribus
841 1150 952 1215 leucis
963 1148 1124 1215 Cochino
1137 1165 1248 1230 usque
1260 1148 1305 1213 ad
1317 1141 1458 1229 viginti,

229 1274 309 1324 sese
320 1258 356 1324 in
366 1258 477 1323 variis
487 1258 627 1341 populis
636 1257 884 1336 extendebam
894 1266 929 1322 et
940 1257 1039 1347 initio
1050 1257 1230 1339 sequentis
1240 1256 1324 1320 anni
1334 1256 1460 1321 eodem

230 1352 346 1432 redire
366 1366 610 1445 constituerat,
634 1374 668 1431 et
692 1380 861 1445 magnam
885 1365 1057 1446 temporis
1078 1374 1217 1445 partem
1238 1362 1367 1429 ibidem
1388 1362 1461 1427 exi-

231 1489 329 1555 gere;
348 1472 491 1555 quidam
505 1472 601 1538 enim
618 1471 818 1554 Episcopus
836 1470 1028 1537 Armenius
1048 1470 1250 1537 haereticus
1263 1470 1300 1534 in
1313 1484 1460 1551 gregem

227 1580 337 1660 illum,
353 1588 495 1662 pastore
510 1597 597 1646 vero
611 1578 827 1659 destitutum,
844 1596 883 1644 se
894 1579 1105 1657 contulerat,
1120 1577 1179 1660 qui
1204 1576 1462 1643 confessionem

229 1688 469 1753 necessariam
484 1704 563 1752 esse
578 1687 734 1768 negabat
749 1696 784 1751 et
799 1686 890 1753 alios
904 1702 1047 1751 errores
1061 1686 1224 1751 docebat.
1240 1684 1329 1751 Cum
1344 1693 1462 1750 autem

233 1792 271 1859 P.
286 1794 457 1861 Melchior
467 1792 626 1861 Carneto
638 1802 799 1859 amanter
810 1810 892 1859 cum
903 1811 946 1858 eo
957 1809 1065 1875 agere
1076 1801 1258 1873 tentasset,
1267 1801 1307 1856 ut
1317 1808 1463 1857 suorum

231 1918 392 1967 errorum
418 1918 498 1967 eum
519 1900 851 1981 commonefaceret,
876 1899 1056 1965 recusavit
1076 1900 1274 1982 Episcopus
1296 1898 1372 1981 eius
1393 1899 1463 1963 col·

231 2009 399 2091 loquium,
411 2019 446 2075 et
457 2009 549 2075 inter
560 2009 733 2104 quosdam
744 2008 862 2091 Reges
872 2009 1025 2090 gentiles
1036 2006 1300 2087 habitabat,ubi
1311 2024 1332 2071 a
1344 2006 1461 2073 lusita-

231 2116 287 2181 nis
300 2133 447 2182 securus
461 2126 550 2197 erat;
566 2126 691 2197 gratus
705 2117 798 2183 enim
813 2124 890 2181 erat
903 2117 975 2181 illis
990 2114 1224 2198 Principibus,
1239 2130 1330 2197 quos
1344 2133 1365 2181 a
1386 2114 1461 2180 suis

230 2224 386 2291 tenebris
400 2232 435 2289 et
456 2224 580 2309 pravis
598 2224 756 2290 moribus
772 2222 948 2288 abducere
970 2240 1041 2287 non
1061 2223 1221 2304 curabat,
1241 2222 1327 2304 quin
1346 2222 1463 2305 potius

230 2330 347 2397 inillis
361 2347 423 2396 eos
437 2330 682 2411 confirmatam
706 2330 785 2396 ideo
807 2330 854 2394 ad
877 2346 1027 2411 regnum
1042 2330 1149 2405 aliud,
1172 2330 1233 2395 ubi
1246 2330 1346 2395 multi
1361 2338 1463 2395 erant

230 2436 430 2519 hujusmodi
441 2438 641 2517 christiani,
657 2438 709 2503 ire
721 2438 967 2517 constitueram
980 2437 1025 2502 ad
1036 2452 1126 2520 quos
1135 2437 1333 2520 Episcopus
1344 2437 1402 2503 ille
1411 2437 1463 2503 lit·

231 2554 328 2611 teras
346 2546 508 2627 miserat,
530 2545 658 2629 quibus
676 2563 697 2611 a
717 2544 939 2611 consessione
966 2554 1001 2610 et
1019 2545 1215 2627 imaginum
1233 2545 1463 2637 veneratione

232 2670 293 2718 eos
307 2652 574 2721 dehortabatur.

289 2759 380 2826 3413.
424 2761 482 2827 Ad
501 2779 623 2828 eorum
644 2772 762 2829 autem
781 2763 934 2845 Regem,
958 2781 1062 2847 quem
1080 2762 1223 2828 lusitani
1244 2760 1380 2844 Piperis
1398 2779 1460 2828 vo·

236 2877 320 2933 cant
334 2868 440 2950 (quod
454 2887 499 2933 ex
514 2867 589 2951 ejus
603 2887 714 2952 regno
732 2887 863 2951 magna
884 2871 947 2936 vix
967 2871 1099 2955 piperis
1115 2869 1349 2952 extrahatur),
1369 2861 1461 2934 mit'ti

230 2975 367 3040 litteras
378 2984 569 3042 curaverat
579 2975 619 3040 P.
631 2975 858 3057 Melchior,et
869 2995 1080 3060 responsum
1090 2988 1290 3059 acceperat,
1303 2987 1342 3042 ut
1351 2973 1459 3043 intra·

230 3092 284 3148 ret
298 3101 444 3149 securus
459 3084 495 3148 in
509 3083 584 3165 eius
604 3101 771 3166 regnum3
793 3095 828 3150 et
848 3085 884 3150 in
903 3104 945 3160 eo
965 3103 1077 3167 regno
1098 3101 1267 3166 magnam
1286 3084 1458 3166 temporis

232 3199 370 3272 partem
384 3191 585 3273 expendere
598 3193 842 3274 constituerat,
865 3210 946 3259 cum
961 3193 1109 3259 Cochini
1123 3201 1242 3258 essent
1256 3192 1328 3273 alii,
1344 3191 1405 3274 qui
1423 3201 1459 3256 et
1493 3239 1496 3244 -

230 3298 496 3376 praedicatione
510 3307 545 3364 et
559 3309 864 3366 sacramentorum
879 3300 1075 3366 ministerio
1097 3301 1277 3365 civitatem
1298 3299 1396 3365 illam
1406 3296 1458 3381 ju·

231 3421 319 3470 vare
332 3413 488 3485 possent.

291 3509 383 3576 3414.
426 3511 504 3576 Non
519 3521 596 3577 erat
614 3511 763 3578 Cochini
780 3513 973 3580 formatum
992 3514 1199 3595 Collegium,
1216 3524 1252 3580 et
1272 3514 1459 3582 videbatur

227 3615 446 3683 Provinciuli
470 3637 513 3684 ea
539 3620 667 3685 civitas
690 3633 907 3704 opportuna,
929 3635 968 3687 ut
990 3622 1118 3688 domus
1142 3621 1383 3704 professorum
1409 3621 1458 3686 ibi

230 3726 515 3803 constitueretur;
532 3728 632 3793 multi
646 3729 738 3794 enim
750 3729 823 3811 jam
839 3731 875 3794 in
886 3730 986 3796 India
1000 3729 1151 3813 professi
1160 3739 1274 3810 erant,
1287 3739 1322 3795 et
1337 3740 1456 3795 tamen

233 3831 269 3895 in
284 3830 383 3898 India
397 3834 492 3898 nulla
507 3835 543 3898 in
557 3851 681 3900 eorum
695 3853 799 3901 usum
812 3836 939 3901 domus
951 3837 1068 3902 luerat
1082 3837 1260 3916 instituta3
1281 3847 1317 3902 et
1336 3854 1455 3918 quam·

228 3938 284 4004 vis
298 3957 413 4021 capax
428 3951 521 4008 esset
537 3940 735 4008 Cochinum
750 3943 909 4025 Collegii,
927 3946 1021 4027 quod
1035 3961 1167 4027 magna
1182 3954 1217 4010 et
1227 3947 1393 4026 opulenta
1404 3961 1455 4009 cs·

226 4055 281 4110 set
307 4047 446 4128 civitas
467 4059 667 4132 opportuna
686 4060 805 4116 tamen
823 4051 953 4117 ibidem
971 4051 1089 4118 lutura
1112 4053 1238 4118 domus
1255 4052 1453 4130 videbatur,

229 4154 322 4219 etad
339 4154 423 4219 illud
438 4173 549 4238 usque
564 4166 702 4239 tempus
715 4169 952 4224 consueverat
965 4161 1039 4224 suis
1059 4159 1294 4242 eleemosynis
1313 4173 1456 4226 nostros

230 4272 441 4342 sustentate,
458 4281 544 4345 erga
556 4282 645 4347 quos
655 4282 807 4346 magnae
819 4266 1019 4332 devotionis
1029 4267 1194 4334 affectum
1204 4267 1364 4348 gerebat.
1376 4265 1454 4332 Rex

224 4369 317 4435 idem
332 4369 572 4453 portugalliae
584 4372 743 4454 Cochini,
757 4383 795 4439 ut
805 4375 914 4441 etiam
925 4376 1004 4441 aliis
1016 4376 1163 4457 inlocls,
1177 4375 1311 4457 aliquid
1320 4377 1454 4441 nostris

223 4479 471 4560 eleemosynae
488 4479 674 4562 assignare
689 4479 865 4563 jusserat3
885 4482 950 4548 sed
968 4483 1014 4548 ad
1033 4483 1278 4548 executionem
1296 4481 1453 4550 nondum

266 4721 274 4754 Ι
303 4719 342 4765 De
353 4720 394 4766 hle
403 4721 554 4767 christianis
564 4721 669 4769 uberim
678 4721 747 4769 lnlra
756 4723 854 4782 agitur.
