3642 5350
769 463 833 526 Art.
854 464 926 526 1556
985 485 987 488 ·
1408 460 1462 522 795

232 614 289 679 vel
310 615 513 680 necessaria
534 615 580 681 ad
604 615 718 680 vitam
735 613 993 679 traducendam
1012 610 1274 677 subministrari
1290 607 1407 691 iussit,
1429 609 1464 674 si

231 738 286 802 ea,
304 739 395 804 quae
409 740 530 788 secum
545 721 726 789 deferebat
739 721 950 803 Episcopus
966 738 1038 786 non
1049 718 1262 786 sufficerent.

291 828 383 895 3412.
426 829 503 911 His,
529 849 621 913 quae
646 830 823 911 pertinent
843 830 888 894 ad
909 828 1147 911 aethiopicam
1168 826 1386 905 missionem,
1407 826 1462 891 sic

232 938 433 1017 transactis,
450 935 487 1003 P.
505 938 677 1003 Melchior
692 937 849 1004 Carnero
865 936 1063 1002 Cochinum
1075 936 1206 1001 missus
1216 944 1283 1015 est,
1298 934 1394 1017 quod
1409 951 1465 999 re·

235 1045 370 1128 liquum
383 1044 449 1112 iuit
467 1043 570 1127 huJus
590 1045 684 1125 auni,
701 1043 764 1110 sed
785 1028 908 1109 invisit
929 1045 1037 1110 etiam
1050 1042 1276 1122 christianos,
1294 1058 1383 1125 quos
1402 1059 1464 1107 vo·

232 1162 315 1217 cant
330 1150 391 1217 S.¹¹
408 1151 568 1218 Thomae
579 1150 601 1231 ⁸,
615 1152 675 1234 qui
687 1170 708 1217 a
720 1152 833 1216 tribus
844 1152 954 1217 leucis
965 1150 1126 1217 Cochino
1139 1167 1250 1232 usque
1262 1149 1308 1215 ad
1319 1148 1461 1230 viginti,

231 1260 359 1327 seseiu
368 1259 479 1324 variis
488 1261 629 1342 populis
638 1259 886 1339 extendebant;
897 1269 931 1324 et
942 1258 1041 1349 initio
1052 1258 1234 1341 sequentis
1243 1257 1326 1323 anni
1337 1257 1463 1322 eodem

232 1366 348 1433 redire
368 1366 612 1447 constituerat,
636 1376 671 1433 et
694 1383 864 1447 magnam
888 1366 1059 1448 temporis
1080 1375 1219 1447 partem
1240 1364 1370 1430 ibidem
1391 1364 1463 1429 exi·

233 1490 331 1556 gere;
350 1473 493 1557 quidam
507 1473 602 1539 enim
621 1472 821 1556 Episcopus
838 1472 1030 1539 Armenius
1050 1472 1252 1539 haereticus
1265 1473 1303 1537 in
1315 1487 1464 1553 gregem
1554 1550 1557 1557 Ι

229 1582 339 1662 illum,
354 1590 497 1663 pastore
512 1598 599 1647 vero
613 1580 830 1661 destitutum,
846 1598 885 1645 se
897 1582 1107 1659 contulerat,
1122 1580 1181 1662 qui
1206 1578 1464 1645 consessionem

231 1689 471 1755 necessariam
486 1706 565 1755 esse
580 1689 735 1769 negabat
751 1698 786 1753 et
802 1688 892 1753 alios
906 1704 1049 1753 errores
1063 1688 1226 1753 docebat.
1242 1686 1331 1753 Cum
1345 1696 1464 1753 autem

235 1794 273 1862 Ρ.
288 1796 460 1861 Melchior
469 1794 628 1863 Carnero
640 1805 801 1862 amanter
812 1812 893 1862 cum
905 1813 948 1860 eo
959 1811 1068 1877 agere
1077 1802 1260 1875 tentasset,
1270 1805 1309 1860 ut
1320 1810 1465 1859 suorum

232 1920 394 1969 errorum
420 1920 500 1969 eum
521 1902 853 1983 commonefaceret,
877 1902 1058 1967 recusavit
1078 1902 1276 1985 Episcopus
1297 1900 1374 1983 eius
1395 1901 1465 1965 col-

233 2010 401 2093 loquium,
413 2020 448 2077 et
459 2011 551 2076 inter
562 2010 735 2106 quosdam
746 2010 864 2092 Reges
875 2010 1027 2092 gentiles
1038 2008 1302 2089 habitabat,ubi
1313 2027 1334 2073 a
1347 2008 1463 2075 lusita-

233 2118 289 2183 nis
302 2134 449 2185 securus
463 2128 552 2199 erat;
568 2128 693 2200 gratus
708 2118 801 2185 enim
815 2126 892 2183 erat
906 2118 977 2183 illis
992 2116 1225 2199 Principibus,
1242 2132 1332 2200 quos
1346 2135 1367 2182 a
1388 2116 1463 2181 suis

232 2226 389 2292 tenebris
402 2234 437 2291 et
458 2226 582 2311 pravis
600 2226 758 2291 moribus
774 2224 950 2290 abducere
972 2242 1044 2289 non
1063 2224 1223 2305 curabat,
1244 2224 1330 2306 quin
1348 2224 1465 2307 potius

232 2332 349 2399 inillis
363 2349 425 2398 eos
439 2332 684 2412 confirmabat;
708 2332 787 2398 ideo
809 2332 855 2397 ad
879 2348 1029 2413 regnum
1044 2332 1151 2407 aliud,
1174 2332 1236 2407 ubi
1248 2332 1348 2397 multi
1363 2340 1465 2397 erant

232 2438 433 2521 hujusmodi
443 2440 643 2518 christiani,
659 2440 711 2505 ire
723 2440 969 2521 constituerat;
982 2439 1027 2504 ad
1038 2454 1128 2521 quos
1137 2439 1336 2522 Episcopus
1347 2440 1404 2505 ille
1413 2440 1466 2505 lit·

233 2556 330 2613 teras
348 2548 510 2628 miserat,
532 2548 660 2630 quibus
678 2565 699 2613 a
719 2546 941 2612 consessione
967 2556 1003 2611 et
1021 2547 1217 2628 imaginum
1235 2548 1465 2639 veneratione

234 2671 295 2720 eos
308 2654 576 2722 dehortabatur.

291 2761 382 2828 3413.
425 2762 483 2830 Ad
503 2778 626 2831 eorum
646 2774 765 2830 autem
783 2765 936 2847 Regem,
959 2783 1064 2848 quem
1082 2765 1226 2831 lusitani
1246 2761 1383 2846 Piperis
1400 2781 1462 2830 vo·

238 2880 321 2935 cant
336 2870 441 2952 (quod
456 2888 501 2935 ex
515 2870 591 2953 ejus
605 2889 716 2953 regno
734 2889 865 2954 magna
885 2873 949 2938 vix
968 2873 1101 2956 piperis
1117 2871 1351 2954 extrahatur),
1371 2864 1463 2937 mitti

232 2977 369 3042 litteras
380 2987 570 3043 curaverat
582 2977 621 3042 P.
633 2977 859 3059 Melchior,et
870 2997 1081 3062 responsum
1092 2990 1293 3061 acceperat,
1305 2975 1461 3046 utintra·

232 3093 286 3150 ret
299 3101 446 3152 securus
461 3085 497 3150 in
511 3084 586 3167 ejus
606 3103 773 3168 regnum;
795 3097 830 3152 et
849 3089 886 3152 in
905 3106 947 3162 eo
968 3105 1080 3170 regno
1100 3103 1269 3168 magnam
1288 3087 1460 3169 temporis

234 3203 371 3274 partem
386 3193 587 3274 expendere
600 3195 844 3275 constituerat,
867 3212 948 3261 cum
963 3194 1112 3261 Cochini
1125 3203 1244 3260 essent
1258 3195 1330 3275 alii,
1346 3193 1406 3276 qui
1426 3204 1461 3259 et

231 3299 498 3379 praedicatione
511 3309 547 3366 et
561 3311 867 3367 sacramentorum
881 3302 1077 3368 ministerio
1099 3303 1279 3367 civitatem
1299 3303 1398 3368 illam
1408 3299 1460 3382 ju·

233 3422 320 3471 vare
334 3416 489 3488 possent.

293 3511 384 3578 3414.
428 3513 506 3579 Non
521 3523 597 3579 erat
616 3513 765 3580 Cochini
782 3515 974 3582 formatum
994 3517 1201 3597 Collegium,
1218 3526 1254 3582 et
1274 3516 1461 3585 videbatur

229 3618 447 3685 Provinciali
472 3639 515 3686 ea
541 3621 669 3687 civitas
692 3633 908 3706 opportuna,
931 3634 971 3690 ut
991 3624 1119 3690 domus
1144 3624 1385 3708 professorum
1411 3624 1460 3689 ibi

232 3728 516 3806 constitueretur;
533 3729 634 3796 multi
648 3731 740 3796 enim
752 3731 825 3813 jam
841 3732 877 3796 in
888 3732 988 3797 India
1002 3731 1153 3816 professi
1163 3742 1276 3814 erant,
1289 3741 1323 3798 et
1339 3741 1458 3797 tamen

235 3834 271 3897 in
285 3831 385 3900 India
399 3837 495 3901 nulla
508 3837 544 3900 in
559 3854 682 3902 eorum
696 3855 799 3903 usum
814 3837 940 3904 domus
953 3839 1070 3905 iuerat
1084 3839 1262 3919 instituta;
1283 3849 1319 3905 et
1338 3856 1457 3921 quam·

230 3940 286 4006 vis
299 3957 415 4024 capax
430 3954 523 4011 esset
539 3942 737 4011 Cochinum
752 3945 912 4028 Collegii,
929 3946 1024 4028 quod
1037 3963 1169 4029 magna
1183 3957 1218 4012 et
1229 3950 1394 4029 opulenta
1406 3965 1458 4011 es·

228 4057 283 4112 set
308 4049 448 4130 civitas,
469 4062 668 4134 opportuna
688 4061 807 4118 tamen
825 4054 955 4119 ibidem
973 4053 1091 4119 sutura
1114 4055 1240 4121 domus
1257 4054 1455 4133 videbatur,

231 4165 265 4219 et
280 4156 324 4221 ad
341 4156 425 4222 illud
440 4175 550 4241 usque
565 4169 703 4241 tempus
717 4170 954 4226 consueverat
966 4162 1040 4226 suis
1061 4162 1297 4244 eleemosynis
1314 4175 1457 4228 nostros

231 4271 443 4344 sustentare,
459 4283 546 4347 erga
558 4283 647 4349 quos
657 4284 810 4349 magnae
820 4269 1021 4336 devotionis
1031 4269 1196 4336 affectum
1206 4270 1366 4351 gerebat.
1378 4267 1456 4334 Rex

226 4371 319 4438 idem
333 4372 574 4455 Portugalliae
586 4375 745 4457 Cochini,
759 4385 797 4442 ut
807 4377 915 4442 etiam
926 4379 1007 4442 aliis
1017 4379 1053 4443 in
1064 4378 1164 4459 iocis,
1179 4377 1311 4459 aliquid
1322 4379 1456 4443 nostris

225 4481 472 4562 eleemosynae
490 4483 675 4564 assignare
691 4481 866 4566 Jusserat;
887 4484 952 4550 secl
970 4486 1016 4551 ad
1034 4485 1280 4551 executionem
1298 4483 1455 4552 nondum

267 4723 276 4756 ί
305 4721 344 4767 De
354 4722 395 4768 iti·
405 4723 555 4770 christianin
565 4723 671 4771 uberim
680 4723 749 4771 inira
755 4725 856 4784 'agita
