3642 5350
783 414 849 474 Au.
871 413 942 474 1556
1422 411 1475 472 601

242 562 374 642 fuerat,
395 561 432 625 id
456 577 528 624 non
552 559 645 624 ferre
670 559 902 639 existimaret,
925 576 970 623 ne
990 558 1153 622 nuntium
1174 558 1270 623 illum
1295 558 1475 622 mitterent

206 690 218 716 ⁸
244 669 409 734 obtinuit.
426 667 515 749 Quis
529 677 648 731 autem
662 666 799 731 fructus
813 684 859 730 ex
872 666 942 729 illis
956 665 1094 730 duabus
1108 665 1337 730 concionibus
1350 682 1474 746 perve-

243 777 350 855 nerit,
366 793 412 839 ex
428 792 469 839 eo
485 774 582 838 cerni
597 775 721 855 potuit,
738 773 833 855 quod
847 782 921 837 tam
936 773 1036 837 multi
1050 773 1095 836 ad
1107 772 1366 838 confessionem
1377 771 1477 838 insti-

243 882 412 948 tuendam
426 890 666 962 accesserunt,
683 890 737 960 ut,
759 891 902 962 praeter
921 878 1047 944 Patres
1061 879 1285 961 Alphonsum
1300 879 1419 961 Lopez
1440 891 1475 944 et

241 989 445 1068 Pertusam,
462 987 501 1052 P.
517 986 708 1052 Baithasar
722 987 829 1068 Diaz,
842 988 903 1068 qui
918 987 1053 1068 aliquot
1068 1004 1208 1052 menses
1219 987 1386 1053 Conchae
1396 988 1473 1067 fuit,

240 1114 314 1162 non
328 1105 474 1177 possent
495 1103 570 1158 tam
593 1096 713 1159 multis
734 1093 995 1176 poenitentibus
1015 1093 1222 1158 satisfacere
1242 1091 1263 1158 ¹.
1277 1094 1476 1174 Ipseetiam

242 1205 444 1268 licentiatus
470 1201 677 1284 Alphonsus
699 1200 818 1284 Lopez
836 1219 960 1266 coram
986 1201 1141 1279 capitulo
1166 1210 1200 1265 et
1215 1201 1397 1266 canonicis
1422 1201 1477 1265 bis

241 1321 401 1391 tempore
424 1309 662 1390 rogationum,
690 1319 725 1374 et
752 1309 857 1374 tertio
885 1309 922 1372 in
951 1308 1028 1388 ipso
1053 1306 1281 1374 Pentecostes
1306 1309 1413 1388 festo,
1439 1309 1476 1372 in

237 1417 393 1482 ecclesia
418 1415 623 1480 Cathedrali
644 1417 697 1480 sic
722 1416 957 1480 concionatus
982 1426 1047 1496 est,
1072 1428 1201 1482 utnon
1220 1418 1336 1482 solum
1355 1415 1474 1494 amici,

243 1522 377 1588 addicti
390 1521 560 1587 Societati
575 1532 732 1602 nostrae,
748 1523 811 1588 sed
825 1523 876 1587 illi
890 1525 1014 1609 etiam,
1027 1525 1215 1606 quialieno
1227 1524 1361 1605 abipso
1373 1531 1476 1587 erant

242 1631 374 1710 animo,
391 1630 540 1694 multum
553 1629 809 1696 satisfactionis
825 1649 870 1695 ex
884 1632 938 1695 eis
952 1632 1192 1713 conceperint.

301 1736 394 1802 2592.
437 1737 477 1801 In
498 1748 621 1801 nostro
636 1749 755 1802 autem
771 1739 914 1819 templo,
936 1741 994 1803 vel
1013 1740 1131 1820 potius
1153 1739 1301 1817 sacello,
1321 1739 1403 1803 licet
1422 1757 1474 1802 re·

242 1854 350 1924 moto,
367 1844 519 1925 singulis
534 1843 722 1908 dominicis
733 1845 856 1910 diebus
868 1864 890 1909 a
901 1845 1052 1927 prandio
1064 1846 1279 1910 christianae
1290 1845 1475 1910 doctrinae

239 1968 424 2016 sermones
439 1951 570 2015 habere
585 1951 711 2016 solitus
730 1961 824 2031 erat,
841 1963 875 2015 et
897 1952 968 2017 alia
988 1955 1171 2033 complura
1187 1953 1374 2034 colloquia.
1391 1950 1474 2016 Sae-

187 2121 193 2128 .
241 2059 321 2140 pius
345 2058 452 2122 etiam
476 2057 522 2122 ad
547 2059 741 2123 morituros
762 2058 943 2139 juvandos
968 2070 1003 2123 et
1033 2061 1185 2125 aliorum
1210 2059 1474 2140 aegrotantium

242 2165 484 2230 confessiones
498 2165 694 2230 audiendas
708 2166 918 2246 vocabatur,
935 2175 970 2230 et
985 2167 1021 2229 in
1036 2167 1198 2232 omnibus
1214 2167 1270 2230 his
1288 2166 1474 2232 functioni·

239 2273 307 2338 bus
321 2289 394 2336 non
413 2273 665 2354 poenitendum
687 2272 840 2337 fructum
862 2273 1044 2354 capiebat,
1068 2283 1102 2337 et
1121 2274 1318 2353 augebatur
1340 2273 1474 2338 indies

239 2379 539 2460 frequentantium
554 2389 779 2444 sacramenta
801 2380 1005 2460 multitud0;
1029 2390 1063 2445 et
1077 2381 1145 2444 nisi
1161 2392 1336 2446 remotum
1349 2379 1475 2444 fuisset
1535 2455 1539 2463 ,

242 2487 435 2550 admodum
449 2505 470 2550 a
485 2487 684 2567 frequentia
700 2489 886 2567 sacellum,
908 2498 943 2551 et
964 2489 1000 2551 in
1023 2471 1158 2569 [pa'rte]
1180 2487 1275 2552 edita
1295 2487 1403 2566 urbiS,
1429 2487 1476 2550 ad

242 2610 351 2676 quam
365 2610 471 2676 asper
481 2593 672 2658 admodum
685 2607 761 2659 erat
773 2611 955 2670 ascensus
969 2595 1065 2659 haud
1080 2595 1185 2658 dubie
1196 2612 1268 2658 non
1279 2594 1476 2676 potuissent

244 2710 319 2766 tarn
333 2703 453 2767 multis
468 2703 579 2766 nostri
596 2703 803 2767 sacerdotes
817 2702 1038 2782 satisfacere,
1060 2702 1246 2767 dominicis
1265 2702 1475 2783 praesertim

245 2809 368 2873 diebus
392 2826 435 2874 ac
458 2808 560 2873 sestis
585 2810 869 2886 solemnioribus,
896 2819 935 2873 ut
950 2809 1214 2889 Assumptionis
1239 2808 1278 2873 B.
1299 2808 1475 2889 Virginis

243 2933 318 2997 quo
346 2916 403 2980 die
432 2916 552 2980 multis
579 2916 645 2981 S.¹¹²
669 2916 918 2981 Eucharistiae
947 2926 1211 2981 sacramentum
1237 2916 1303 2981 fuit
1331 2915 1479 2979 admini-

245 3032 415 3102 stratum;
430 3034 465 3087 et
480 3024 541 3088 alii
557 3035 637 3104 post
651 3024 910 3089 confessionem
926 3025 1005 3088 aliis
1020 3024 1055 3088 in
1067 3024 1227 3088 ecclesiis
1239 3022 1477 3087 communica·

248 3140 340 3195 runt.
356 3130 479 3211 ltaque
493 3131 608 3195 bonus
623 3131 709 3196 odor
724 3132 761 3194 in
776 3132 852 3195 dies
866 3131 983 3212 magis
997 3141 1103 3211 atque
1118 3131 1235 3209 magis
1249 3148 1313 3211 per
1326 3147 1406 3194 eam
1421 3148 1478 3193 ur·

245 3237 326 3301 bem
341 3237 587 3317 spargebatur.

306 3344 398 3408 2593.
442 3342 676 3424 Rogabantur
691 3354 810 3409 autern
823 3346 949 3410 crebro
961 3346 1007 3409 ab
1022 3346 1115 3410 illius
1129 3344 1353 3409 Cathedralis
1367 3346 1479 3409 eccle·

247 3452 323 3516 siae
337 3451 533 3530 canonicis,
548 3460 588 3515 ut
602 3452 649 3515 ad
663 3451 956 3532 circumjacentes
981 3455 1129 3535 populos
1147 3470 1185 3517 se
1207 3450 1424 3531 conferrent,
1441 3460 1479 3515 et

243 3559 282 3622 in
295 3557 486 3639 pascendis
500 3559 644 3639 ovibus,
660 3576 752 3641 quae
778 3560 865 3640 ipsis
888 3569 991 3632 erant
1016 3560 1244 3638 commissae,
1267 3576 1369 3623 suam
1390 3558 1477 3640 ipsis

241 3682 392 3745 operam
406 3674 590 3729 navarent.
611 3664 783 3730 Omnibus
803 3677 924 3730 tamen
943 3666 1108 3731 satisfieri
1127 3684 1199 3730 non
1219 3674 1373 3747 poterat,
1395 3682 1475 3745 pro·

242 3781 324 3850 pter
351 3772 579 3838 sacerdotum
611 3774 840 3853 paucitatem.
881 3772 984 3838 Initio
1024 3784 1143 3837 tamen
1171 3771 1476 3853 Quadragesimae

244 3877 284 3941 Ρ.
300 3875 450 3943 Pertusa
464 3877 510 3943 ad
531 3878 601 3943 duo
623 3880 799 3960 quaedam
817 3882 914 3960 loca,
936 3898 1027 3962 quae
1050 3880 1192 3945 cuidam
1213 3878 1383 3943 beneficio
1406 3877 1475 3943 Do·

242 3986 353 4050 ctoris
368 3984 555 4067 Vergarae
569 4004 710 4051 annexa
725 3997 839 4065 erant,
860 3988 1041 4067 profectus
1056 3989 1135 4067 (nec
1150 3988 1243 4051 enim
1257 3986 1308 4050 illi
1322 3987 1390 4050 hoc
1406 3985 1476 4050 offi-

242 4093 339 4156 cium
353 4093 540 4158 charitatis
554 4094 680 4173 negari
699 4095 866 4176 poterat),
888 4095 1045 4159 omnium
1064 4096 1131 4159 sibi
1151 4093 1374 4158 subditorum
1394 4111 1476 4157 con·

243 4198 416 4263 sessiones
435 4198 571 4264 audivit
590 4198 613 4260 ¹.
639 4198 777 4264 Deinde
797 4201 844 4264 ad
862 4202 980 4266 locum
1003 4201 1164 4266 beneficii
1186 4200 1417 4282 praecipuum
1436 4218 1477 4264 se

243 4306 435 4385 transtulit,
450 4314 490 4370 ut
506 4308 679 4371 vicarium
696 4308 733 4371 in
749 4307 1032 4372 confessionibus
1052 4308 1237 4372 audiendis
1260 4306 1416 4389 juvaret,
1440 4316 1477 4371 et

285 4511 294 4544 ¹
323 4509 396 4555 llaec
411 4516 546 4556 mutuatus
562 4519 602 4557 est
619 4512 749 4558 Polancus
766 4512 896 4557 alitteris
913 4514 941 4558 P.
958 4508 1120 4557 Baltbass'ris
1137 4512 1212 4567 Dlaz,
1228 4524 1293 4567 quas
1309 4512 1391 4557 habea
1406 4513 1477 4559 inter

243 4582 479 4637 Quaanmesrm,
489 4591 507 4627 a
518 4594 556 4636 tv,
566 4595 627 4639 pac.
637 4584 686 4628 425.

284 4654 296 4687 ¹
323 4654 446 4701 Litterae
455 4655 692 4711 Quaartmesrm,
702 4663 721 4701 t.
733 4668 768 4712 rr,
778 4668 840 4713 pag.
854 4656 905 4702 202.
