3642 5350
789 421 852 481 Aa.
874 421 945 484 1556
1429 415 1485 478 539

250 578 344 648 erat,
365 587 447 634 cum
464 569 531 648 illi,
554 569 613 650 qui
632 579 777 634 nostros
796 570 903 650 paulo
924 577 1007 633 ante
1026 577 1102 632 tam
1121 584 1251 632 exosos
1268 566 1483 644 habuerant,

251 687 351 742 tanto
365 676 483 742 studio
498 676 702 742 eorumdem
719 693 828 758 opera
843 685 986 741 nostros
1001 675 1123 757 juvari
1136 677 1319 763 cuperent,

311 783 403 848 2330.
446 781 680 850 vocabantur
694 785 814 863 etiam,
831 793 869 848 ut
883 782 1033 848 infirmis
1051 791 1086 847 et
1105 783 1287 847 morituris
1302 781 1483 860 adessent,

253 899 340 956 utet
358 893 639 958 consolationem
658 901 693 956 et
713 892 883 958 auxilium
902 892 950 956 ad
971 892 1199 972 migrandum
1212 908 1258 954 ex
1279 889 1348 954 hac
1366 889 1441 953 vita
1461 905 1485 951 a

253 999 386 1064 nostris
413 1001 617 1080 acciperent
632 995 642 1063 ε’
668 1001 861 1066 multorum
888 999 995 1063 etiarn
1019 999 1254 1078 indigentium
1277 997 1489 1061 necessitati

253 1107 451 1188 temporali,
468 1108 600 1188 partim
614 1107 864 1188 eleemosynis
880 1106 1012 1188 partim
1026 1124 1072 1170 ex
1089 1106 1228 1170 liberali
1247 1115 1368 1170 mutuo
1383 1104 1483 1169 ditio·

253 1229 332 1278 rum
353 1214 626 1295 subveniebant;
642 1223 677 1278 et
696 1214 779 1280 dum
804 1214 1071 1278 misericordiae
1096 1230 1185 1294 opus
1210 1214 1246 1276 in
1270 1211 1490 1276 necessariis

251 1321 394 1402 corpori
416 1321 642 1402 exhibebant,
662 1322 712 1386 ita
731 1332 766 1386 et
786 1322 972 1402 spirituale
985 1321 1022 1384 in
1036 1319 1264 1384 conscientiis
1278 1319 1487 1384 eorumdem

252 1445 448 1510 pauperum
466 1427 634 1508 juvandis
653 1428 920 1511 impendebant3
937 1436 972 1492 et
992 1427 1072 1491 allis
1091 1427 1276 1508 permultis
1297 1427 1490 1492 charitatis

252 1536 491 1600 functionibus
506 1553 571 1616 pro
586 1553 625 1605 re
640 1547 726 1602 nata
745 1537 860 1602 nostri
879 1553 917 1601 se
935 1539 1167 1616 exercebant,
1184 1544 1220 1598 et
1239 1535 1382 1616 quidem
1404 1551 1487 1600 cum

252 1642 370 1708 fructu
384 1661 456 1707 non
471 1643 652 1708 mediocri.

312 1749 404 1814 2331.
447 1749 624 1815 Sacellum
639 1760 757 1816 autem
768 1762 930 1816 nostrum
940 1750 1016 1832 jam
1029 1751 1068 1816 P.
1082 1752 1308 1817 Santanderii
1326 1751 1334 1785 ¹
1350 1750 1488 1815 audito·

254 1873 311 1922 res
326 1875 454 1940 capere
469 1875 540 1921 non
555 1867 707 1940 poterat;
724 1877 769 1924 ex
785 1860 912 1941 quibus
926 1861 1027 1924 multi
1042 1861 1213 1924 stimulati
1232 1859 1277 1923 ad
1299 1859 1415 1923 Deum
1440 1877 1487 1924 ex

254 1965 373 2030 animo
398 1965 572 2029 redibant.
602 1967 643 2030 ln
668 1967 932 2048 parochialibus
956 1968 1064 2032 etiam
1090 1967 1300 2049 quibusdam
1323 1967 1490 2032 ecclesiis

254 2072 369 2156 coepit
385 2073 602 2152 concionari,
618 2072 681 2138 sed
696 2091 777 2137 cum
790 2075 981 2156 inquisitor
995 2075 1185 2156 pravitatis
1196 2075 1411 2154 haereticae,
1424 2092 1486 2138 no-

254 2179 319 2246 stri
344 2180 631 2257 amantissimuS,
658 2181 813 2246 invisere
839 2182 908 2246 hac
933 2181 1216 2263 Quadragesima
1238 2181 1383 2246 deberet
1407 2183 1487 2246 loca

252 2288 429 2368 quaedam
451 2287 729 2369 neophytorum,
751 2291 812 2370 qui
831 2307 877 2354 ex
895 2291 1079 2354 saracenis
1098 2289 1283 2353 christiani
1303 2289 1389 2354 iacti
1412 2287 1489 2369 iam

254 2394 392 2474 pridem
406 2393 557 2475 fuerant,
574 2394 716 2460 Patrem
731 2396 932 2461 Santander
946 2414 1068 2462 secum
1080 2398 1255 2461 deducere
1267 2413 1491 2477 magnopere

254 2503 402 2584 optavit,
420 2513 454 2567 et
470 2521 491 2566 a
506 2501 611 2567 Patre
626 2503 765 2568 Roman
780 2504 945 2568 obtinuit.

314 2608 405 2675 2332.
450 2609 515 2673 His
540 2620 659 2675 autem
684 2610 721 2675 in
741 2610 957 2677 christianae
981 2611 1165 2677 doctrinae
1191 2612 1401 2677 rudimentis
1424 2627 1490 2675 eos

256 2718 475 2797 instruendo,
502 2727 536 2781 et
561 2719 705 2783 crebras
730 2721 768 2784 in
792 2736 917 2784 eorum
936 2721 1075 2802 populis
1096 2720 1287 2784 conciones
1309 2719 1487 2796 habendo,

255 2824 410 2890 fructum
435 2842 480 2889 ex
505 2826 573 2889 hac
592 2827 699 2891 vinea
718 2827 873 2907 Domini,
895 2844 987 2907 quae
1006 2827 1154 2892 nimium
1173 2828 1313 2892 deserta
1334 2826 1487 2890 habeba·

255 2943 323 3013 tur,
341 2950 411 2996 non
426 2933 676 3015 poenitendum
691 2935 822 3014 retulit;
839 2952 921 2999 cum
940 2935 1034 2998 enim
1054 2936 1153 3015 prius
1172 2933 1382 3016 tepidissimi
1401 2945 1436 2997 et
1452 2934 1490 2997 in

254 3040 426 3121 religione
449 3040 644 3105 christiana
664 3059 792 3123 parum
812 3041 1004 3106 admodum
1018 3042 1163 3106 stabiles
1182 3041 1488 3123 deprehenderen-

253 3156 322 3227 tur,
339 3164 382 3211 ea
398 3156 483 3212 tunc
497 3148 601 3229 signa
616 3149 898 3230 compunctionis
913 3161 948 3213 et
963 3150 1232 3232 resipiscentiae
1248 3150 1432 3229 dederunt,
1450 3160 1491 3211 ut

253 3256 456 3336 Inquisitor,
473 3265 507 3319 et
522 3256 582 3336 qui
597 3273 677 3320 eum
691 3256 966 3338 comitabantur,
983 3274 1154 3337 magnam
1172 3256 1216 3321 de
1235 3258 1395 3337 ipsorum
1411 3275 1488 3321 cor·

253 3362 412 3427 rectione
430 3379 530 3444 spem
555 3363 795 3444 conciperent3
822 3365 926 3429 etita
952 3366 998 3429 ad
1022 3364 1221 3450 hujusmodi
1246 3364 1487 3429 visitationem

254 3468 372 3533 denuo
388 3468 550 3535 eumdem
565 3469 707 3537 Patrem
723 3472 882 3536 obtinere
897 3471 1091 3554 Inquisitor
1103 3472 1303 3554 expetebat.

315 3576 406 3641 2333.
450 3578 551 3643 Alter
566 3578 675 3643 etlam
690 3578 892 3660 Inquisitor,
915 3580 1090 3662 praedicti
1110 3581 1265 3661 collega,
1282 3588 1492 3643 nostrorum

203 3658 214 3681 ’
255 3684 548 3765 studiosissimus
565 3684 719 3767 Gaspar,
735 3688 949 3767 cognomine
961 3687 1160 3753 Cervantes
1173 3688 1196 3767 ¹,
1214 3686 1286 3769 qui,
1300 3704 1382 3751 cum
1394 3694 1492 3749 esset

242 3791 395 3873 'Hispali
409 3792 600 3874 Inquisitor
615 3804 650 3856 et
673 3793 948 3877 Archiepiscopi
967 3794 1137 3860 Vicarius
1157 3794 1349 3875 generalis,
1366 3793 1410 3856 de
1428 3810 1491 3856 no·

257 3897 340 3962 stris
355 3900 486 3980 optime
501 3900 647 3963 meritus
661 3908 750 3980 erat,
767 3910 802 3965 et
818 3900 1131 3982 Caesaraugustae
1146 3902 1183 3965 in
1198 3902 1324 3965 cadem
1338 3899 1491 3963 benevo-

258 4006 366 4069 lentia
381 4006 647 4087 perseverabat3
663 4004 733 4086 (hic
748 4017 872 4089 postea
895 4007 1202 4089 Archiepiscopus
1217 4007 1493 4071 Tarrachonen-

294 4244 302 4279 Ι
331 4244 370 4289 De
382 4244 409 4289 P.
420 4246 553 4291 Ludovlco
565 4245 713 4291 Sentander
724 4248 784 4292 ride
794 4258 883 4303 supra,
892 4256 912 4293 t.
925 4258 961 4304 tv,
971 4260 1032 4304 pag.
1042 4249 1091 4305 343,
1102 4262 1128 4294 n.
1138 4248 1189 4305 tata
1199 4260 1261 4304 pag.
1270 4248 1319 4303 371,
1330 4260 1355 4293 ιι.
1365 4247 1416 4302 tat,
1426 4253 1448 4291 t.
1463 4260 1495 4300 v,

254 4326 318 4371 pag.
328 4316 377 4367 370,
389 4328 413 4363 ιι.
422 4317 470 4371 996;
479 4325 506 4362 et
516 4330 595 4373 saepe
604 4320 680 4367 allas,

293 4390 305 4421 ¹
332 4388 400 4434 Vide
415 4391 446 4434 de
457 4390 504 4435 hoc
516 4392 728 4447 praeclarissimo
739 4392 797 4437 viro
808 4392 931 4437 Litterae
940 4393 1173 4447 modrimem,
1182 4401 1201 4438 t.
1209 4404 1248 4448 ιιι,
1258 4404 1319 4450 pag.
1329 4394 1364 4448 57,
1372 4399 1461 4439 annot.
1469 4393 1494 4447 5,

253 4471 316 4515 pag.
326 4460 420 4505 551551
429 4468 455 4507 et
466 4472 526 4517 pag.
536 4462 638 4518 tas-760,
647 4474 680 4507 ex
690 4464 781 4520 qulbus
792 4465 847 4519 ejus
857 4466 943 4520 pietas
953 4474 980 4511 et
990 4467 1059 4512 allae
1069 4467 1183 4511 virtutes
1197 4467 1309 4511 elucent.
1324 4465 1354 4511 ln
1370 4466 1420 4510 hoc
1434 4464 1494 4520 ipso

254 4543 333 4587 opere
345 4532 414 4577 little
425 4544 455 4579 eo
465 4535 570 4591 mentio,
582 4536 650 4581 inter
661 4536 714 4581 alia
725 4538 791 4591 loca,
802 4548 890 4591 supra,
902 4544 921 4582 t.
932 4548 970 4591 rv,
979 4550 1040 4593 pag.
1049 4538 1098 4593 165,
1109 4550 1135 4582 ιι.
1143 4538 1185 4581 ast
1194 4545 1221 4582 et
1230 4550 1291 4593 pag.
1301 4538 1351 4593 595,
1361 4553 1388 4583 ιι.
1403 4537 1492 4583 1251.-

256 4603 339 4649 Ροιιο
350 4613 457 4651 erectus
468 4613 508 4652 eat
519 4607 649 4653 adsedem
660 4614 872 4654 terraconensem
883 4621 952 4654 anno
964 4610 1024 4663 1553,
1035 4609 1183 4656 Cardlnalls
1196 4616 1302 4656 creatus
1312 4611 1339 4656 17
1350 4610 1413 4668 ldaJl
1429 4610 1493 4665 157ος

254 4676 322 4720 obiit
333 4676 358 4721 17
369 4676 488 4723 Octobris
500 4678 552 4723 1575
571 4680 654 4725 Gatrs.
