3642 5350
801 422 865 484 Aa.
887 420 957 485 1556
1437 419 1489 483 147

261 566 340 651 [est]
362 569 412 634 ibi
431 571 685 652 aliquantulum
705 572 799 651 apud
819 589 892 653 eos,
908 590 1048 637 summa
1065 588 1144 635 cum
1159 570 1329 635 aviditate
1341 570 1488 634 verbum

260 676 328 741 Dei
343 678 538 758 audientes
556 679 616 759 qui
629 679 673 742 ob
685 679 904 760 spiritualem
917 678 1195 745 consolationem
1207 687 1392 758 acceptam
1402 678 1489 741 mul·

260 784 307 848 tis
321 802 400 849 eum
415 784 719 850 benedictionibus
733 796 816 851 sunt
832 788 1023 867 prosecuti.

320 892 391 956 547.
435 892 474 957 ln
489 894 661 973 parochia
677 904 794 957 autem
810 894 977 959 Bibienae
992 894 1048 959 die
1063 894 1241 959 dominica
1255 911 1336 958 cum
1357 910 1487 973 magna

262 1000 463 1064 auditorum
477 1000 721 1065 satisfactione
738 1002 969 1065 concionatus
985 1010 1057 1079 est,
1074 1010 1108 1065 et
1123 1000 1286 1082 quamvis
1307 1018 1388 1065 eum
1408 1001 1488 1063 reti·

262 1125 346 1171 nere
367 1108 501 1189 aliquot
520 1108 643 1172 diebus
667 1108 867 1189 cupiebant,
892 1109 973 1172 inde
993 1118 1112 1174 tamen
1131 1110 1251 1173 statim
1269 1107 1432 1186 recessit;
1453 1117 1489 1171 et

262 1232 344 1279 cum
372 1224 508 1296 septem
536 1215 688 1279 millibus
716 1232 885 1296 passuum
914 1216 1166 1280 monasterium
1194 1214 1488 1279 Chamaldulense

261 1321 343 1385 inde
357 1322 491 1386 distare
506 1322 747 1401 intellexisset,
764 1323 888 1386 eadem
902 1322 959 1386 die
970 1322 1148 1387 dominica
1160 1333 1239 1403 post
1251 1322 1438 1403 prandium
1450 1337 1489 1385 se

262 1430 420 1510 contulit,
438 1438 472 1493 et
487 1429 543 1494 die
562 1431 666 1493 lunae
688 1430 849 1509 sequenti
868 1440 1042 1509 rogarunt
1061 1448 1141 1493 eum
1159 1439 1198 1494 ut
1217 1430 1427 1493 concionem
1446 1428 1490 1493 de

258 1537 390 1618 jeiunio
405 1547 439 1601 et
453 1537 722 1618 perseverantia
738 1537 773 1599 in
795 1554 914 1601 eremo
933 1537 980 1601 ad
999 1538 1195 1601 monachos
1213 1537 1375 1618 baberet,
1395 1537 1490 1618 quod

262 1644 410 1708 libenter
424 1644 590 1725 perstitit,
606 1654 641 1706 et
660 1660 828 1723 magnam
851 1644 1135 1709 benevolentiam
1156 1646 1320 1710 monachi
1341 1646 1373 1708 ei
1392 1645 1489 1707 exhi·

262 1751 430 1830 buerunt;
447 1759 481 1814 et
497 1751 552 1813 die
568 1750 692 1813 martis
703 1749 901 1830 jumentum
916 1760 951 1815 et
966 1752 1092 1815 ducem
1107 1752 1243 1817 itineris
1258 1752 1292 1815 ei
1303 1753 1488 1831 dederunt;

263 1861 361 1924 etita
376 1861 432 1923 die
448 1862 624 1937 mercurii,
641 1862 701 1941 qui
716 1860 850 1939 primus
866 1868 943 1923 erat
957 1857 1272 1939 Quadragesimae,
1286 1860 1489 1925 cumfratre

263 1978 386 2032 nostro
402 1968 592 2049 Clemente,
609 1968 745 2032 itineris
760 1968 870 2047 soci0,
887 1967 947 2046 qui
958 1968 1119 2048 exemplo
1131 1968 1324 2031 modestiae
1336 1976 1371 2031 et
1383 1968 1490 2031 devo·

263 2076 369 2140 tionis
384 2076 620 2141 aedificationi
635 2076 753 2140 multis
768 2075 895 2155 luerat,
912 2076 1129 2139 Florentiam
1145 2076 1318 2155 pervenit.

322 2182 393 2247 548.
436 2184 583 2267 Juvenis
600 2184 755 2263 quidam,
773 2182 1050 2262 christophorus
1060 2181 1238 2263 Trusiglio
1251 2185 1402 2265 nomine,
1413 2182 1488 2263 jam

264 2291 309 2355 ab
324 2308 418 2354 anno
434 2290 624 2371 praeterito
640 2288 854 2353 Societatem
870 2290 1010 2369 ingredi
1024 2290 1189 2369 cupiebat
1203 2290 1229 2369 ¹;
1245 2290 1325 2355 ideo
1339 2309 1410 2354 non
1430 2291 1491 2355 ad·

264 2398 470 2463 mittebatur
488 2398 582 2478 quod
602 2396 808 2460 facultatem
827 2416 848 2459 a
869 2396 1024 2461 Ducissa
1044 2415 1116 2461 non
1134 2397 1291 2476 haberet,
1318 2398 1376 2461 cui
1399 2399 1487 2478 ipse,

263 2504 557 2588 quemadmodum
572 2514 674 2586 pater
689 2514 723 2567 et
737 2514 852 2568 mater
866 2502 953 2584 ejus,
970 2505 1006 2569 in
1021 2504 1205 2569 honoratis
1219 2505 1424 2569 ministeriis
1439 2506 1491 2569 in·

263 2612 453 2678 serviebat.
470 2612 530 2677 Ille
544 2622 663 2676 autem
678 2612 770 2676 bane
785 2611 862 2676 iniit
875 2611 1062 2691 rationem,
1080 2620 1118 2676 ut
1132 2611 1307 2676 Ducissae
1318 2612 1487 2677 scriberet

263 2722 411 2801 litteraS,
428 2722 554 2802 quibus
576 2730 611 2784 et
630 2738 733 2784 suum
753 2721 861 2784 animi
880 2719 1100 2801 propositum
1122 2720 1316 2800 explicaret
1337 2729 1372 2784 et
1393 2720 1487 2801 quod

261 2829 377 2910 prima
393 2829 448 2892 die
463 2826 565 2908 hujus
581 2824 883 2907 Quadragcsimae
902 2826 946 2890 de
967 2827 1131 2906 ingressu
1146 2827 1182 2890 in
1197 2825 1413 2891 Societatem
1427 2845 1488 2890 vo·

264 2945 338 3000 tum
352 2935 536 2999 emisisset.
553 2935 615 3000 Illa
630 2951 727 3014 vero,
745 2945 784 2998 ut
799 2953 879 2998 cum
895 2932 971 3013 eJ'us
990 2934 1194 3014 parentibus
1209 2951 1285 2997 rem
1301 2934 1487 3013 conferret,

264 3043 468 3106 facultatem
480 3043 536 3105 vel
549 3043 694 3120 negavit
705 3043 762 3105 vel
774 3042 899 3106 saltem
911 3040 1055 3104 distulit.
1069 3041 1213 3104 Interim
1224 3039 1299 3120 ejus
1310 3051 1488 3121 parenteS,

265 3151 335 3231 qui,
352 3160 390 3212 ut
405 3149 454 3228 fit,
471 3160 591 3212 tenere
602 3148 769 3228 iuvenem
790 3148 996 3228 diligebant,
1020 3149 1190 3229 impedire
1210 3165 1291 3212 eum
1310 3166 1375 3230 pro
1395 3149 1489 3212 virili

263 3257 476 3320 nitebantur.
493 3256 542 3320 At
558 3255 699 3336 juvenis
713 3255 762 3319 6!
777 3255 833 3319 die
848 3255 966 3318 Martii
981 3273 1062 3319 cum
1077 3255 1114 3318 in
1127 3256 1258 3337 templo
1273 3265 1396 3319 nostro
1412 3273 1489 3320 ora-

263 3375 327 3442 ret,
345 3363 503 3427 decrevit
515 3380 661 3444 prorsus
672 3363 859 3426 ecclesiam
870 3372 903 3426 et
919 3361 1064 3426 domum
1078 3372 1237 3426 nostram
1248 3381 1318 3426 non
1330 3363 1488 3444 eggredi,

263 3472 332 3535 nisi
356 3472 499 3536 omnino
521 3480 667 3534 coactus
692 3469 773 3533 inde
788 3469 955 3549 expulsus
980 3477 1090 3547 esset;
1117 3479 1151 3532 et
1177 3470 1213 3533 id
1236 3471 1330 3550 patri
1348 3488 1412 3533 suo
1427 3488 1489 3551 per

263 3580 449 3661 epistolam
464 3578 688 3660 significavit,
706 3587 740 3641 et
758 3577 889 3642 nostris
914 3593 1016 3642 suam
1036 3577 1186 3641 salutem
1206 3579 1488 3641 commendabat.

322 3687 393 3751 549.
437 3687 611 3751 Adierunt
627 3684 816 3748 Ducissam
830 3685 955 3748 Patres
969 3683 1174 3748 Ludovicus
1188 3694 1223 3747 et
1238 3683 1397 3748 Didacus
1411 3692 1433 3764 ¹,
1451 3695 1490 3748 ut

264 3795 347 3877 quid
362 3795 421 3858 illa
439 3795 546 3857 vellet
570 3791 646 3856 lieri
667 3791 912 3871 intelligerent3
930 3808 1011 3856 narn
1033 3789 1070 3855 P.
1095 3791 1254 3872 ignatius
1275 3809 1338 3872 per
1353 3792 1489 3856 litteras

264 3901 529 3982 significaverat
554 3901 644 3963 velle
666 3917 705 3963 se
730 3901 903 3962 rationem
928 3899 1050 3962 haberi
1075 3897 1262 3978 Ducissae;
1289 3907 1327 3962 at
1349 3900 1425 3977 illa,
1451 3909 1490 3963 ut

264 4011 492 4074 christianam
525 4007 722 4089 principem
750 4007 907 4084 decebat,
935 4003 1076 4085 juvenis
1105 4024 1176 4069 non
1206 4005 1322 4070 minus
1351 4006 1489 4071 virilem

264 4133 370 4199 quam
383 4118 479 4197 pium
494 4116 650 4180 animum
676 4114 947 4192 commendavit,
966 4123 1000 4177 et
1019 4113 1050 4177 si
1069 4113 1188 4177 multis
1213 4114 1366 4177 millibus
1386 4115 1491 4178 duca·

262 4234 379 4290 torum
393 4233 513 4305 posset
527 4223 604 4304 ipsa
623 4225 730 4287 talem
748 4223 925 4286 fervorem
945 4221 1011 4284 sibi
1034 4222 1230 4302 acquirere,
1256 4239 1318 4285 eos
1344 4222 1490 4286 libenter

262 4333 512 4414 impensuram;
529 4331 733 4411 addiditque
748 4329 843 4411 quod
857 4330 887 4392 si
902 4346 992 4393 unus
1011 4345 1057 4391 ex
1076 4326 1156 4390 liliis
1170 4329 1282 4408 ipsius
1304 4330 1410 4393 vellet
1430 4329 1491 4393 So-

307 4613 315 4646 t
345 4611 412 4656 Vlde
422 4622 509 4668 snpra,
520 4618 539 4656 t.
547 4621 572 4664 v,
580 4623 640 4666 pag.
650 4611 686 4666 at,
697 4623 720 4655 n.
729 4611 779 4654 246.

307 4685 319 4718 ⁸
346 4685 438 4730 Patres
448 4683 595 4729 Ludovicus
605 4684 635 4727 dc
646 4683 776 4730 Coudreto
787 4687 813 4726 et
825 4681 940 4728 Didacut
950 4682 982 4726 de
994 4681 1120 4726 anman.
