3642 5350
330 398 385 457 aaa
790 404 918 463 Cimon.
939 404 1017 464 Soc.
1037 407 1108 478 jas.

330 544 486 607 nendum
502 562 579 609 esse
594 547 786 614 Dominum
799 548 974 632 Joannem
989 550 1025 613 in
1040 548 1228 629 Societate,
1245 567 1310 613 nec
1326 549 1434 613 alium
1453 549 1562 629 Regis

330 666 544 716 consensum
557 656 817 735 expectandum
832 674 922 735 esse,
936 667 1122 739 postquam
1136 656 1397 738 praefecturam
1409 655 1561 722 Domino

330 756 467 823 Alvaro
485 757 587 842 [Rex]
604 775 833 828 concesserat
849 768 870 824 ¹.

393 864 480 930 1901.
525 866 613 932 Cum
634 882 753 934 autem
772 870 866 948 Rex,
884 872 1009 955 relicta
1028 870 1245 954 Antuerpia,
1266 872 1452 936 Bruxellas
1465 870 1559 944 ‚redi-

328 978 430 1035 turus
446 976 692 1054 esset,·statuit
707 976 744 1039 Ρ.
763 977 1013 1059 Ribadeneyra
1027 979 1190 1044 Lovanio
1205 979 1369 1057 transire,
1386 988 1420 1051 et
1431 977 1485 1041 bis
1499 986 1560 1042 aut

327 1084 383 1140 ter
397 1078 444 1142 ibi
460 1083 676 1147 concionari.
692 1082 890 1149 Putabatur
901 1092 1021 1149 autem
1032 1104 1054 1151 a
1065 1087 1276 1167 quibusdam
1287 1086 1469 1165 negotium
1484 1084 1558 1147 sun·

327 1183 481 1250 dationis
500 1190 732 1269 collegiorum
752 1192 1018 1257 lovaniensibus
1040 1211 1118 1265 esse
1141 1193 1443 1272 committendum,
1463 1189 1557 1272 quod

326 1292 415 1354 satis
431 1304 574 1371 gratum
590 1299 723 1361 nostris
742 1298 884 1363 fuisset:
906 1300 1011 1364 ia'cile
1031 1300 1183 1364 enimin
1202 1300 1340 1365 Decani
1358 1310 1393 1362 et
1412 1298 1558 1373 Cancel-

325 1397 407 1461 larii
423 1396 586 1483 [manus],
608 1404 710 1467 nobis
729 1406 952 1485 amicissimi,
978 1424 1037 1471 res
1051 1407 1263 1471 devenisset.
1286 1405 1356 1471 Sed
1376 1406 1483 1469 aliter·
1497 1420 1555 1468 res

323 1512 406 1569 acta
421 1515 497 1587 est;
524 1526 606 1573 nam
624 1511 693 1575 duo
716 1512 871 1578 Comites
890 1513 1065 1593 praedicti
1086 1524 1252 1579 urserunt
1266 1513 1554 1577 Attrebatensem

323 1607 557 1695 Episcopum,
581 1625 615 1679 et
636 1618 686 1682 ita
709 1637 771 1699 per
792 1620 987 1685 Consilium
1001 1624 1140 1701 regium
1161 1636 1219 1685 res
1240 1633 1294 1685 est
1308 1618 1471 1684 conlecta
1484 1627 1553 1698 ;‚et

323 1716 498 1784 adventus
513 1721 672 1803 Reginae
686 1726 876 1791 Bohemiae
892 1744 974 1791 curn
987 1726 1086 1809 Rege
1097 1728 1341 1793 Maximiliano
1355 1727 1402 1790 ad
1416 1726 1552 1789 curiam

322 1820 587 1893 Bruxellensem
601 1832 649 1910 (ut
660 1834 823 1914 superius
835 1834 968 1899 dictum
979 1845 1033 1899 est
1043 1832 1066 1915 ¹)
1078 1834 1211 1916 aliquid
1225 1835 1372 1900 contulit
1387 1833 1433 1897 ad
1448 1832 1551 1913 hujus

320 1932 463 2013 collegii
478 1922 749 2016 promotionem}

382 2038 470 2104 1902.
514 2042 699 2111 Concessit
727 2064 814 2129 ergo
838 2048 917 2114 Rex
945 2052 1142 2132 Philippus,
1171 2060 1211 2115 ut
1238 2048 1399 2115 Societas
1426 2058 1549 2113 nostra

318 2145 471 2225 collegia
494 2149 530 2212 in
553 2151 746 2218 ditionibus
768 2156 836 2221 sibi
857 2157 1025 2239 subjectis
1046 2159 1082 2222 in
1102 2157 1227 2239 Belgio
1242 2158 1372 2221 habere
1387 2154 1399 2187 ⁸
1414 2165 1545 2237 posset,

316 2262 422 2331 prout
438 2264 598 2334 patentes
618 2259 756 2327 litterae
777 2249 978 2343 hujusmodi
999 2266 1240 2331 concessionis
1262 2273 1437 2331 testantur
1452 2261 1485 2343 ⁸3
1512 2273 1547 2328 et

317 2360 481 2437 quamvis
496 2366 717 2431 conditiones
731 2370 871 2451 aliquae
886 2383 922 2435 et
936 2372 1179 2437 restrictiones
1194 2372 1377 2455 appositae
1392 2371 1544 2450 fuerunt,

315 2462 346 2527 is
361 2474 479 2531 tamen
495 2481 572 2535 erat
587 2482 702 2539 status
717 2493 836 2543 rerum
852 2488 887 2543 et
902 2496 1149 2561 personarum,
1166 2498 1248 2545 cum
1262 2481 1389 2561 quibus
1403 2480 1473 2543 hoc
1488 2496 1545 2542 ne·

314 2573 453 2649 gotium
468 2581 693 2645 tractandum
709 2593 796 2665 erat,
815 2595 852 2650 ut
866 2587 1007 2652 admitti
1020 2589 1165 2653 omnino
1185 2589 1267 2653 talis
1288 2587 1473 2653 concessio
1487 2586 1545 2651 de·

313 2678 439 2760 buerit,
456 2685 646 2766 aliquando
661 2692 805 2758 liberius
820 2697 1059 2762 concedenda.

375 2787 462 2854 1903.
506 2792 682 2873 Quamdiu
698 2803 879 2880 negotium
895 2804 965 2868 hoc
985 2801 1219 2884 tractabatur,
1239 2821 1311 2870 non
1325 2805 1463 2870 censuit
1477 2803 1541 2868 Co·

312 2909 387 2958 mes
398 2896 524 2963 Feriae
536 2905 772 2972 recedendum
784 2927 862 2972 esse
874 2928 895 2974 a
907 2911 1019 2991 curia;
1032 2920 1067 2975 et
1081 2929 1164 2976 cum
1178 2912 1224 2975 ad
1238 2912 1543 2992 praedicationem

311 2999 463 3068 Lovanii
478 3013 760 3091 prosequendam
776 3033 974 3110 propensus
988 3029 1081 3084 esset
1096 3018 1134 3083 P.
1150 3019 1411 3100 Ribadeneyra,
1429 3028 1539 3083 tenta·

310 3106 443 3173 tionem
458 3130 537 3177 eam
553 3133 630 3180 esse
642 3117 770 3184 Comes
782 3123 933 3189 dicebat.

373 3215 460 3281 1904.
505 3219 690 3289 Proiectus
712 3237 766 3292 est
788 3239 907 3296 autem
932 3233 971 3297 P.
995 3235 1199 3300 Bernardus
1220 3236 1438 3313 Turnacum,
1459 3244 1498 3298 ut
1517 3253 1540 3300 a

309 3325 442 3387 nostris
462 3327 594 3407 aliquid
619 3332 766 3398 subsidii
788 3341 994 3419 temporalis
1014 3341 1177 3422 haberet,
1203 3361 1250 3408 ex
1274 3361 1344 3424 quo
1365 3343 1478 3407 nostri
1503 3343 1540 3407 in

306 3429 408 3493 curia
428 3433 627 3502 alerentur:
654 3457 719 3504 nec
739 3445 834 3507 enim
853 3463 1006 3528 aequum
1024 3467 1103 3515 esse
1117 3451 1315 3529 videbatur,
1338 3459 1376 3513 ut
1394 3449 1539 3530 negotia

308 3534 402 3600 illius
428 3537 650 3624 Provinciae,
678 3551 843 3630 expensis
868 3549 1051 3622 Romanae
1073 3555 1261 3622 Societatis
1285 3567 1535 3634 tractarentur;

306 3647 472 3722 quamvis
497 3648 534 3713 P.
562 3651 721 3730 ignatius
744 3655 788 3720 de
812 3671 1021 3743 paupertate
1045 3664 1190 3745 domuS,
1215 3665 1384 3746 quidquid
1413 3681 1537 3728 neces·

305 3751 440 3816 sarium
455 3765 549 3820 esset
563 3758 607 3822 ad
623 3778 745 3826 eorum
760 3783 947 3850 expensaS,
964 3773 1055 3835 solvi
1069 3774 1250 3838 voluisset.

368 3856 454 3923 1905.
498 3863 616 3945 Aliqui
631 3869 767 3934 nobiles
781 3879 985 3942 necessaria
1004 3881 1136 3945 nostris
1155 3881 1368 3965 offerebant,
1385 3885 1535 3951 sednon

302 3963 454 4030 audebat
467 3967 504 4030 P.
521 3969 770 4057 Ribadeneyra
786 3981 978 4064 quidquam
992 3987 1038 4050 ab
1052 3989 1104 4052 eis
1117 3990 1318 4072 admittere,
1333 3994 1452 4058 donec
1459 4012 1532 4059 ma·

302 4068 358 4146 gis
373 4071 531 4138 charitas
548 4076 696 4145 Comitis
710 4084 836 4152 Feriae
852 4101 1039 4170 perspecta
1054 4094 1122 4175 ipsi
1136 4096 1212 4163 suit.

365 4177 451 4241 1906.
497 4181 535 4244 P.
552 4182 747 4270 Salmeron,
765 4195 824 4274 qui
840 4213 920 4261 cum
935 4198 1072 4282 Legato
1086 4202 1269 4272 Cardinali
1283 4207 1472 4276 Motulensi
1488 4213 1534 4279 ad

303 4299 500 4314 --..—

343 4343 350 4376 ¹
380 4345 427 4391 Ma.
438 4355 582 4406 postquam
591 4357 797 4414 praefecturam
809 4363 834 4408 D
851 4365 951 4411 Alvaro
961 4375 1227 4429 concessumsaerat.

337 4413 350 4448 ¹
378 4417 471 4473 Maria,
485 4422 584 4479 Regina
596 4427 742 4487 bohemiae,
753 4434 923 4484 Maxlmlltanl
933 4440 958 4484 11
968 4453 1041 4498 uxor,
1052 4443 1140 4491 Caroli
1151 4447 1176 4490 V
1185 4448 1239 4494 filla
1249 4457 1276 4495 et
1286 4451 1398 4508 Philippi
1409 4453 1434 4498 11
1447 4467 1530 4509 soror,

298 4487 331 4531 de
341 4499 393 4544 qna
404 4493 462 4536 ride
474 4493 616 4550 Epistulae
626 4501 738 4556 Mutae,
748 4512 766 4554 t.
778 4518 794 4561 r,
806 4519 866 4563 pat.
877 4511 926 4563 m,
935 4513 984 4567 m,
993 4515 1042 4569 229,
1051 4515 1147 4569 abanet
1158 4526 1183 4564 et
1195 4532 1282 4576 snpra,
1292 4535 1317 4567 n.
1329 4525 1383 4569 1⁴5⁶
1390 4531 1418 4570 et
1428 4527 1490 4572 ¹³⁶8.

338 4557 350 4591 ὅ
377 4559 423 4605 lis.
436 4565 475 4608 bia
484 4570 581 4622 repetit
592 4575 699 4618 verbum
709 4575 820 4632 trabem
828 4581 877 4634 hle,
889 4583 954 4638 scil,
964 4591 990 4628 et
1000 4593 1059 4640 post
1068 4599 1159 4634 nornen
1171 4593 1291 4646 cautela.

338 4630 350 4663 ⁴
378 4631 433 4678 Hae
443 4639 558 4691 reperies
568 4642 594 4686 ln
605 4642 700 4690 Cartas
709 4649 744 4692 de
753 4649 809 4694 San
816 4651 934 4708 Ignacio,
944 4663 963 4700 t.
974 4667 1011 4709 vt,
1021 4669 1081 4713 pag.
1091 4661 1133 4704 575
1142 4669 1168 4706 et
1179 4675 1232 4719 seq.
