3642 5350
359 412 414 497 tua
516 481 521 489 .
815 412 1040 495 enacmfsoc.
1059 430 1131 507 Jas.

360 598 438 647 cem
452 571 599 645 Paulum
613 561 659 645 ex
671 559 794 643 nostra
814 576 991 644 Societate
1010 593 1088 643 esse
1103 559 1307 658 credebant,
1324 584 1359 642 et
1381 577 1426 641 ab
1446 574 1526 659 ipso
1545 590 1585 641 se

360 684 568 755 scandalum
583 684 764 769 accepisse
777 685 952 767 dicebant,
969 694 1004 750 et
1018 702 1040 751 a
1056 684 1189 751 nostris
1201 668 1239 750 se
1250 684 1389 750 delatos
1402 691 1586 767 tamquam

360 795 567 889 lutheranos
581 792 675 876 apud
693 792 830 859 Ducem
850 793 1100 876 querebantur.
1121 791 1167 857 Et
1187 792 1317 875 partim
1336 794 1440 857 exea
1462 808 1583 873 causa,

361 903 493 987 partim
516 899 691 967 obsitum
714 884 813 965 illum
832 900 950 965 fossae
975 900 1135 983 publicae
1158 917 1179 963 a
1204 898 1305 965 Duce
1325 900 1458 965 nostris
1477 898 1586 965 dona·

361 1021 436 1076 tum
450 1010 460 1047 ¹
475 1008 771 1092 exasperatam
787 1007 823 1071 in
838 1006 986 1072 consilio
1000 1024 1072 1071 non
1086 1007 1200 1071 solum
1217 1012 1440 1089 negaverunt
1454 988 1548 1089 quod
1563 1024 1585 1092 a

361 1115 539 1183 Societate
553 1114 770 1197 postulatum
785 1100 912 1195 suerat,
929 1125 967 1179 ut
979 1114 1125 1193 scilicet,
1138 1112 1327 1196 quemdam
1341 1112 1463 1179 locuni
1473 1110 1586 1195 ipsius

361 1222 634 1291 communitatis
659 1238 742 1287 cum
766 1237 884 1286 annuo
910 1237 1019 1286 censu
1040 1221 1171 1285 nostris
1194 1220 1583 1299 habitandumdarent,

360 1331 424 1397 sed
438 1314 568 1397 contra?
576 1328 790 1394 Societatem
805 1330 842 1393 in
856 1326 981 1394 eodem
1000 1327 1149 1393 consilio
1167 1328 1402 1409 gravissimas
1422 1342 1585 1411 quorum·

360 1436 442 1505 dam
457 1435 653 1502 calumnias
667 1435 865 1515 audierunt,
886 1444 921 1500 et
936 1450 1043 1500 unam
1056 1452 1102 1499 ex
1120 1433 1313 1500 Conversis
1331 1434 1428 1501 domi
1441 1444 1587 1502 nostrae

360 1529 499 1612 uersari
513 1527 679 1609 diaerunt
695 1528 815 1625 aliqui,
831 1551 867 1607 et
880 1526 1096 1624 Episcopum
1109 1540 1203 1607 Duci
1218 1542 1403 1624 scripsisse
1417 1552 1457 1607 ut
1467 1558 1585 1625 quem·

361 1655 444 1722 dam
462 1670 509 1719 ex
522 1651 654 1716 nostris
672 1649 941 1728 Mutinensibus,
957 1645 1160 1715 Ferrariam
1178 1659 1331 1730 euntem,
1347 1650 1387 1714 in‘
1404 1656 1585 1716 carcerem
1630 1636 1634 1646 '

361 1867 554 1934 hisdiebus
569 1862 607 1931 P.
624 1848 1023 1947 Philippus'Ferrariam
1037 1866 1163 1945 iverat,
1184 1863 1247 1929 sed
1265 1881 1308 1929 eo
1326 1856 1507 1947 redeunte,
1522 1866 1586 1929 im·

361 1974 528 2059 pudentia
552 1972 809 2038 maledicorum
831 1972 898 2038 suit
924 1972 1108 2050 convicta,
1135 1981 1170 2036 et
1198 1972 1361 2054 quamvis
1388 1970 1585 2056 Episcopus

361 2098 434 2151 non
448 2098 529 2147 cum
542 2096 675 2161 magno
689 2082 767 2145 zelo
780 2079 995 2145 calumniam
1014 2080 1107 2143 hanc
1127 2078 1335 2163 persecutus
1352 2078 1479 2160 luerat,
1500 2080 1586 2147 illud

363 2187 551 2271 Evangelii
565 2188 693 2267 citans,
709 2186 754 2251 sa·
764 2184 819 2250 tite
832 2186 1018 2268 persecuti
1032 2192 1136 2266 sunt,
1155 2190 1189 2251 et
1203 2203 1270 2251 vos
1285 2192 1549 2269 persequentur
1560 2186 1584 2269 ';

364 2296 517 2380 aliquem
541 2305 661 2361 tamen
680 2310 726 2358 ex
750 2293 1062 2359 conservatoribus
1080 2293 1254 2359 allocutus
1275 2300 1341 2374 est,
1362 2295 1424 2376 qui
1444 2295 1586 2361 nomine

363 2405 476 2489 ipsius
491 2404 527 2468 in
541 2402 683 2485 publico
703 2401 852 2466 consilio
872 2400 962 2466 dixit
982 2400 1178 2466 calumnias
1200 2401 1310 2467 salsas
1328 2400 1437 2468 fuisse
1455 2412 1490 2468 et
1510 2403 1586 2468 sine

361 2514 432 2578 ulla
448 2510 637 2577 occasione
651 2524 893 2591 quaecumque
908 2520 1039 2579 contra
1048 2516 1190 2575 nostros
1204 2509 1299 2573 dicta
1315 2508 1465 2588 fuerunt
1479 2510 1586 2593 quod·

362 2636 431 2704 que
445 2618 537 2685 male
550 2617 686 2683 factum
699 2615 824 2682 suisset
838 2625 877 2682 ut
891 2624 964 2682 tam
983 2616 1112 2698 gravia
1131 2625 1166 2682 et
1183 2600 1383 2700 perniciosa
1401 2616 1585 2684 mendacia

362 2729 399 2794 ln
413 2725 561 2792 consilio
576 2725 647 2790 dici
660 2725 959 2806 permitterentur,
975 2724 1082 2807 aliqui
1093 2741 1139 2791 ex
1154 2725 1278 2790 amicis
1288 2725 1494 2807 praedictae
1506 2741 1589 2792 con·w

361 2833 565 2918 gregationi
579 2831 836 2913 significarunt.
848 2830 949 2898 Dixit
961 2831 1067 2896 etiarn
1078 2831 1275 2913 Episcopus
1290 2841 1472 2899 auctorem
1482 2831 1586 2915 hujus

360 2941 513 3008 rumoris
529 2937 593 3023 [se]
608 2925 779 3016 invenire,
801 2939 966 3021 quamvis
980 2938 1047 3003 sibi
1065 2939 1188 3004 deesse
1203 2940 1389 3005 brachium
1403 2940 1586 3006 saeculare

361 3050 407 3114 ad
429 3066 489 3115 res
508 3045 710 3128 bujnsmodi
734 3045 974 3127 significabat3
998 3045 1060 3110 sed
1082 3047 1202 3111 statim
1223 3047 1350 3113 cecidit
1372 3059 1407 3113 et
1429 3051 1592 3132 sepultus·-

359 3157 426 3222 suit
439 3172 562 3221 rumor
576 3154 646 3219 ille.

419 3262 490 3329 770.
533 3261 756 3328 Curaverant
774 3261 888 3327 nostri
903 3271 940 3326 ut
955 3261 1080 3327 mulier
1094 3263 1281 3345 quaedam,
1295 3265 1424 3332 marito
1439 3281 1586 3332 consen·

360 3373 469 3438 tiente
490 3370 635 3435 alterius
654 3368 749 3434 iacta
768 3367 982 3449 concubina,
1003 3367 1049 3434 ad
1063 3367 1267 3436 Conversas
1281 3371 1526 3456 deduceretur,
1534 3389 1588 3442 ‘ue

361 3478 406 3569 ad
421 3477 592 3572 vomitum
607 3475 749 3541 rediret.
765 3474 835 3541 Sed
850 3493 931 3541 cum
945 3476 1056 3541 variis
1069 3477 1268 3566 rationibus,
1283 3481 1432 3546 maritus
1446 3481 1586 3548 restitui

360 3586 427 3651 sibi
445 3601 548 3677 suam
563 3600 710 3648 uxorem
725 3592 902 3664 curasset,
924 3593 958 3648 et
977 3583 1054 3665 ipsa
1073 3586 1197 3666 etiam,
1221 3603 1312 3670 quae
1323 3587 1585 3672 poenitentiam

360 3710 469 3777 agere
484 3688 664 3770 debuerat,
680 3690 726 3755 ad
742 3689 911 3772 pristinae
926 3692 1022 3756 vitae
1036 3692 1234 3759 libertatem
1255 3693 1373 3760 redire
1392 3695 1515 3778 vellet,
1533 3694 1586 3778 jn·

360 3811 417 3866 sto
431 3799 499 3866 Dei
510 3797 643 3879 judicio
657 3797 790 3864 iactum
805 3809 858 3863 est
873 3807 922 3879 ut,
939 3798 999 3862 illa
1015 3800 1061 3863 ad
1080 3802 1252 3866 vomitum
1267 3801 1447 3884 redeunte,
1469 3804 1587 3870 novis·

361 3907 453 3973 sima
473 3903 551 3988 ejus.
567 3901 689 3987 pejora
711 3903 890 3986 prioribus
908 3904 1049 3986 fierent;
1072 3917 1106 3972 et
1128 3925 1208 3972 cum
1230 3908 1352 3974 infelix
1373 3911 1521 3976 maritus
1539 3909 1590 3976 ad

360 4013 439 4098 ejus
452 4013 596 4079 domum
610 4029 649 4076 sa
663 4011 853 4092 conferret,
869 4012 928 4076 cui
942 4027 1091 4078 uxorem
1108 4030 1211 4080 suam
1224 4016 1263 4079 in
1275 4017 1509 4082 concubinam
1529 4018 1586 4083 de·

361 4121 474 4202 derat,
486 4119 523 4185 in
535 4117 613 4202 ipso
628 4117 753 4184 itinere
767 4119 897 4184 misere
912 4119 1118 4186 vulneribus
1132 4121 1319 4188 confossus
1333 4122 1411 4204 suit,
1427 4130 1461 4189 et
1475 4121 1586 4206 ipsius

359 4245 451 4294 uxor
466 4224 503 4292 in
517 4241 700 4292 carcerem
714 4223 888 4307 conjecta,
904 4242 987 4291 cunt
997 4227 1214 4308 gravissima
1223 4228 1300 4312 ejus
1313 4229 1462 4297 crimina
1473 4241 1588 4297 morte
1619 4263 1622 4268 ·

360 4335 470 4428 digna
488 4333 628 4399 detecta
642 4332 803 4399 luissent.

361 4500 573 4516 -ῌ

401 4613 412 4650 ¹
438 4610 506 4657 Vide
518 4622 606 4668 snpra,
615 4617 635 4657 t.
645 4623 681 4670 vt,
691 4623 752 4671 pag.
763 4613 810 4671 187,
821 4627 846 4660 n.
855 4612 905 4663 88⁹.

398 4685 411 4720 ¹
438 4683 512 4740 Jortn.
522 4695 567 4738 xv,
577 4683 613 4728 20.
