3642 5350
537 729 625 841 'na
645 777 877 842 contacto
900 775 1198 852 ammonaria

326 990 419 1057 2097.
462 991 656 1074 Postquam
676 1010 770 1056 anno
791 993 985 1072 praeterito
1004 990 1043 1058 P.
1060 991 1302 1072 Hieronymus
1320 991 1467 1054 Bassius
1486 989 1496 1022 ¹

265 1116 310 1163 ac
321 1098 417 1180 Mag.
434 1098 560 1163 Petrus
572 1099 741 1164 Chanalis
752 1100 787 1162 in
798 1098 1009 1163 Alverniam
1022 1106 1206 1176 venerunt,
1219 1098 1340 1162 statim
1351 1097 1496 1177 Episco-

267 1223 333 1287 pus
355 1205 398 1270 de
420 1207 590 1287 Collegio,
613 1207 728 1288 primo
747 1225 832 1270 vere
851 1206 1033 1287 sequentis
1047 1206 1132 1269 anni
1145 1205 1373 1284 instituendo,
1389 1219 1498 1284 agere

266 1315 398 1394 coepit;
415 1322 450 1377 et
463 1314 627 1394 quamvis
641 1312 680 1382 P.
701 1313 879 1379 Robertus
894 1313 1119 1394 ClaysoniuS,
1136 1315 1233 1376 solus
1247 1314 1291 1377 de
1305 1312 1496 1382 Societate,

266 1419 405 1500 pondus
420 1421 490 1484 diei
505 1430 539 1484 et
553 1431 674 1485 aestus
687 1409 817 1496 fer'ens,
831 1421 1000 1485 auxilium
1014 1437 1036 1484 a
1051 1419 1088 1483 P.
1105 1419 1230 1484 Bassio
1240 1430 1413 1500 speraret3
1425 1426 1497 1482 nou

266 1536 321 1590 est
335 1535 455 1591 tamen
469 1528 536 1592 hoc
552 1545 646 1592 anno
662 1527 697 1592 id
712 1537 937 1593 consecutus.
955 1527 1047 1608 Quia
1063 1529 1157 1591 enim
1172 1530 1332 1608 supellex
1347 1528 1393 1591 ad
1406 1527 1496 1591 futu·
1532 1614 1534 1618 ι

268 1651 348 1698 rum
364 1634 561 1714 Collegium
576 1636 748 1714 paulatim
763 1619 1006 1716 comparanda
1021 1642 1110 1714 erat,
1127 1644 1162 1698 et
1177 1651 1289 1715 usque
1305 1635 1351 1698 ad
1371 1636 1496 1698 nativi·

268 1751 377 1805 tatem
401 1739 461 1806 §.²¹
487 1741 634 1823 Joannis
660 1741 763 1822 copia
787 1752 1061 1822 praeceptorum
1079 1751 1308 1805 externorum
1332 1742 1499 1821 Bigliomi

270 1850 490 1929 suppetebat,
508 1849 783 1913 claramontensi
795 1849 932 1912 civitati
947 1848 985 1912 P.
998 1848 1256 1929 Hieronymum
1268 1848 1432 1913 Bassium
1447 1866 1500 1912 as-

269 1957 445 2036 signavit,
468 1967 506 2019 ut
524 1955 747 2020 xenodochio
769 1957 900 2020 labenti
923 1956 1105 2037 suppetias
1130 1954 1254 2033 serret;
1270 1967 1305 2019 et
1320 1953 1415 2035 Mag.
1436 1956 1497 2019 Pe·

269 2070 363 2126 trum
378 2061 573 2126 Chanalem
587 2062 786 2143 Euscopiae
800 2062 868 2140 (sic
884 2071 1027 2126 vertunt
1042 2062 1136 2142 quod
1150 2062 1279 2140 gallice
1294 2061 1500 2141 Beoregard

267 2168 398 2233 dicitur
412 2169 438 2246 ¹)
454 2169 513 2232 ubi
528 2168 726 2249 Episcopus
741 2169 939 2246 habitabat,
957 2168 1052 2249 apud
1065 2185 1104 2231 se
1119 2168 1315 2248 detinebat,
1336 2180 1374 2232 ut
1389 2169 1426 2232 in
1440 2170 1499 2232 illo

268 2284 351 2340 aere
367 2276 593 2340 serenissimo
608 2285 643 2339 et
658 2277 909 2339 amoenissimo
926 2274 1165 2339 valetudinem
1185 2287 1425 2356 recuperaret:
1442 2277 1500 2339 cui

268 2384 411 2448 interim
440 2384 669 2464 supellectilis
703 2401 746 2446 ac
774 2382 900 2446 domus
935 2383 1044 2445 etiam
1075 2373 1346 2463 praeparandae
1376 2399 1500 2447 curam

269 2489 435 2571 injunxit.

329 2596 420 2661 2098.
465 2598 617 2661 Domum
645 2607 778 2676 autem,
800 2614 906 2678 quam
928 2597 1106 2661 incolebat
1130 2613 1172 2660 eo
1193 2606 1352 2677 tempore
1371 2595 1410 2660 P.
1433 2595 1501 2660 Ro·

269 2707 406 2782 bertus,
426 2706 471 2769 ad
498 2705 751 2768 habitationem
772 2705 959 2769 duodecim
977 2721 1173 2787 pauperum
1193 2704 1499 2781 scholasticorum,

272 2814 337 2875 sub
359 2810 548 2876 Societatis
568 2811 774 2893 magisterio
793 2811 1105 2890 instituendorum,
1128 2829 1226 2875 more
1245 2812 1394 2891 Collegii
1415 2813 1500 2877 Ger·

274 2921 404 2984 manici
424 2919 573 2999 romani,
596 2920 853 2999 destinaverat,
876 2932 910 2983 et
933 2938 1056 2983 aream
1075 2921 1265 3001 quamdam
1284 2938 1306 2983 a
1325 2921 1429 2984 turba
1449 2936 1501 2983 se·

271 3039 418 3104 cretam,
434 3027 624 3107 praedictis
639 3027 785 3091 aedibus
800 3027 1017 3107 contiguam,
1030 3026 1076 3089 ad
1090 3027 1233 3090 scholas
1248 3027 1437 3107 erigendas
1452 3028 1501 3091 di·

270 3142 434 3213 caverat;
461 3131 633 3197 Societati
656 3151 745 3196 vero
771 3133 914 3197 domum
941 3134 1048 3197 aliam
1070 3134 1239 3214 amplam,
1263 3136 1321 3197 cui
1345 3134 1502 3198 vicinum

271 3253 349 3304 erat
373 3239 542 3320 templum
561 3238 620 3303 Sti
645 3239 844 3318 Michaelis,
869 3238 1041 3303 Societati
1060 3239 1332 3319 assignandum,
1358 3252 1393 3304 et
1418 3258 1503 3304 area

271 3348 447 3429 quaedam
462 3348 614 3429 publica,
636 3365 743 3426 quam
765 3348 880 3427 pretio
900 3348 1074 3413 redimere
1100 3364 1121 3409 a
1147 3348 1286 3411 civibus
1305 3349 1505 3428 bigliomeis

274 3456 494 3535 decreverat,
512 3456 618 3519 etiam
634 3454 847 3534 designavit.

334 3560 425 3625 2099.
469 3561 724 3641 Bigliomenses
739 3571 858 3625 autem
877 3578 1015 3625 summo
1030 3561 1148 3624 studio
1164 3563 1210 3626 ad
1228 3560 1333 3641 hujus
1354 3562 1506 3642 Collegii

272 3669 489 3731 erectionem
514 3669 731 3747 aspirabant,
757 3676 792 3731 et
817 3685 898 3731 cum
924 3667 962 3731 P.
989 3666 1144 3732 Roberto
1167 3670 1258 3732 alios
1277 3670 1313 3731 in
1333 3669 1419 3733 urbe
1438 3687 1504 3733 sua

275 3776 501 3853 commorari,
516 3793 581 3838 nec
596 3792 659 3854 per
676 3775 776 3838 varia
790 3776 869 3838 loca
884 3774 1042 3855 dispergi
1057 3776 1257 3855 cupiebant;
1274 3775 1369 3856 quod
1383 3786 1505 3839 tamen

275 3900 386 3963 usque
401 3882 447 3946 ad
461 3883 555 3946 hunc
569 3900 712 3959 annum,
727 3882 835 3945 immo
851 3900 963 3963 usque
978 3883 1024 3946 ad
1039 3893 1212 3946 aestatem
1226 3882 1317 3964 ejuS,
1332 3900 1404 3947 non
1418 3885 1504 3948 obti-

273 3978 437 4070 nuerunt,
453 3992 561 4054 immo
576 4007 641 4053 nec
657 3990 774 4070 ipsum
787 3990 825 4053 P.
839 3990 1034 4054 Robertum
1049 4007 1159 4069 penes
1173 4009 1212 4054 se
1223 3992 1354 4055 habere
1365 4008 1506 4072 semper

273 4106 453 4177 poterant,
474 4098 533 4178 qui
554 4098 590 4160 in
609 4098 756 4161 civitate
777 4098 854 4178 ipsa
875 4100 1145 4161 claramontana
1165 4099 1352 4179 aliquoties
1373 4096 1506 4175 debuit,

271 4214 460 4283 praesente
473 4204 662 4286 Episcopo,
679 4204 896 4284 concionari;
913 4216 948 4269 et
963 4205 1160 4268 orationem
1176 4205 1297 4268 habuit
1310 4207 1505 4269 solemnem

273 4315 310 4374 in
325 4311 462 4392 synodo
478 4311 534 4374 die
548 4312 588 4374 24
608 4311 790 4392 OctobriS,
813 4328 903 4393 quae
924 4312 967 4376 de
985 4312 1179 4376 residentia
1199 4324 1304 4393 atque
1324 4312 1506 4377 functione

319 4517 328 4551 Ι
356 4517 423 4563 Vide
433 4530 520 4573 supra,
531 4526 550 4563 t.
561 4531 587 4573 v,
597 4530 659 4574 pag.
668 4517 716 4573 816,
724 4531 748 4564 n.
756 4518 804 4564 9³5.
811 4519 852 4563 Ad
863 4530 918 4563 rem
926 4530 1027 4574 quoque
1036 4517 1135 4561 iaciunt
1146 4516 1269 4564 Litterae
1277 4519 1509 4573 Quadrimeseres,

278 4589 355 4644 hujus
364 4589 434 4643 anni,
446 4596 464 4633 t.
475 4601 511 4644 tv,
520 4601 581 4644 pag.
591 4590 627 4643 39,
636 4592 671 4645 ot,
681 4590 730 4644 338,
740 4590 789 4635 588.

319 4660 330 4692 ²
358 4660 425 4705 Vide
435 4673 523 4717 supra,
535 4673 556 4706 t.
568 4676 593 4717 v,
602 4674 661 4717 pag.
671 4662 720 4718 aes,
730 4674 755 4705 n.
763 4661 811 4706 909.
