3642 5350
355 424 409 487 tot
811 424 940 487 ennon.
960 424 1037 487 Soc.
1057 425 1128 500 Jas.

353 572 477 639 sedere
492 591 513 637 a
527 572 736 638 lectionibus
751 574 962 655 permissum
974 582 1062 646 erat,
1076 572 1146 637 duo
1158 571 1335 637 Doctores
1348 571 1506 652 theologi
1521 589 1582 636 no·

353 681 428 761 stri,
445 689 481 745 et
495 680 636 763 quidem
650 678 728 760 soli,
744 681 919 762 legerunt3
935 688 970 745 et
988 681 1113 745 eodem
1127 689 1285 762 tempore
1297 679 1463 745 hebraica
1475 680 1582 744 lectio

353 797 481 871 coepta
495 786 622 864 suetan
642 797 678 853 ct
693 789 759 854 sub
777 788 914 853 initium
929 787 1142 853 Novembris
1156 797 1230 853 tres
1249 787 1429 852 orationes
1449 787 1582 852 latinae

353 904 436 962 ante
463 894 579 961 studia
605 894 816 962 humaniora
833 896 1013 978 inchoata,
1035 914 1116 961 cum
1140 896 1358 978 amplissimo
1378 895 1580 960 auditorum

354 1020 534 1070 consessu.
558 1013 746 1087 peroratae
762 1010 771 1042 ¹
786 1004 938 1081 fuerunt;
963 1022 1007 1069 ac
1028 1003 1154 1069 deinde
1174 1004 1345 1068 lectiones
1360 1011 1395 1067 et
1410 1002 1580 1067 exercita-

355 1113 470 1177 tiones
484 1098 676 1177 consuetae
690 1112 878 1177 inchoatae
892 1111 1046 1176 fuerunt.

419 1218 507 1283 1730.
550 1218 618 1300 Qui
633 1230 751 1284 autem
770 1218 901 1284 Rector
915 1219 1031 1284 fuerat
1045 1218 1308 1298 Universitatis,
1325 1235 1405 1283 cum
1417 1217 1492 1301 jam
1508 1216 1582 1300 J'am

355 1329 506 1393 instaret
517 1326 591 1409 ejus
603 1326 707 1393 officii
720 1326 812 1408 liniS,
822 1328 1009 1409 diligenter
1021 1326 1161 1393 curavit
1172 1335 1254 1391 ante
1265 1326 1394 1392 festum
1405 1326 1449 1391 D.
1462 1330 1582 1393 Lucae

356 1444 394 1501 ut
407 1437 589 1517 negotium
603 1436 806 1500 scholarum
820 1432 1033 1514 hujusmodi,
1046 1434 1103 1498 his
1117 1435 1379 1500 conditionibus
1392 1437 1581 1501 constitue·

354 1551 462 1623 retur,
479 1560 571 1625 quae
590 1541 804 1609 Societatem
822 1551 984 1607 nostram
1003 1542 1145 1607 minime
1164 1551 1373 1624 gravarent;
1389 1553 1424 1608 et
1445 1544 1496 1609 ita
1509 1543 1580 1609 26.⁸

354 1648 519 1716 Octobris
537 1651 676 1716 initium
697 1650 752 1713 his
773 1650 906 1714 scholis
927 1648 1049 1714 datum
1069 1660 1140 1730 est,
1164 1650 1256 1714 sicut
1273 1650 1324 1713 5?
1343 1648 1499 1731 ejusdem
1521 1651 1579 1715 he-

353 1757 498 1822 braicae
512 1759 667 1839 lectioni,
683 1767 718 1823 et
732 1758 846 1839 prima
858 1756 1074 1839 Septembris
1085 1758 1294 1839 theologicis
1305 1759 1445 1825 initium
1457 1760 1578 1825 datum

354 1864 481 1931 fuerat.

418 1972 505 2039 1731.
548 1973 638 2038 Cum
653 1983 772 2040 autem
785 1973 901 2055 maj0r
916 1976 1149 2040 commoditas
1163 1992 1242 2039 sese
1262 1976 1457 2056 obtulisset,
1473 1976 1579 2041 etiam

355 2082 392 2145 in
407 2081 649 2162 superioribus
663 2082 837 2146 classibus
855 2084 969 2147 nostri
988 2083 1113 2147 lecturi
1135 2092 1248 2163 erant;
1263 2100 1346 2147 nam
1366 2083 1519 2148 facultas
1534 2084 1580 2149 ad

356 2204 478 2252 omnes
494 2188 721 2253 humaniores
735 2190 872 2254 litteras
883 2188 1062 2255 docendas
1074 2199 1151 2255 erat
1163 2192 1362 2271 impetrata,
1376 2193 1481 2271 longe
1496 2192 1581 2256 faci·

357 2296 424 2359 lius
439 2311 546 2376 quam
561 2298 674 2362 nostri
689 2308 934 2378 speraverant.
957 2296 1063 2362 Dedit
1081 2307 1199 2363 autem
1218 2309 1339 2363 mutuo
1355 2297 1580 2364 Universitas

354 2400 511 2483 inhujus
528 2403 673 2468 scholae
687 2421 788 2469 usum
804 2403 899 2469 Novi
917 2404 1066 2485 Collegii
1083 2405 1321 2482 refectorium,
1337 2423 1408 2470 non
1428 2406 1505 2470 sine
1519 2407 1579 2471 ali·
1677 2422 1680 2426 ·

354 2528 424 2592 quo
439 2526 503 2575 suo
517 2511 739 2576 incommodo
755 2520 789 2575 et
803 2512 911 2576 etiam
925 2521 1140 2592 nostrorum,
1155 2513 1248 2593 quod
1269 2513 1305 2576 in
1325 2513 1477 2578 diversis
1492 2513 1579 2578 locis

354 2617 510 2699 ejusdem
525 2620 628 2684 aulae
643 2619 733 2684 duae
748 2618 912 2684 diversae
927 2620 1061 2685 classes
1075 2628 1177 2684 erant
1191 2619 1375 2686 tenendae.

419 2725 506 2790 1732.
549 2724 694 2808 Recepit
716 2738 833 2792 autem
848 2727 893 2791 D.
916 2727 1104 2808 Henricus,
1120 2727 1352 2806 secretarius,
1370 2729 1479 2810 quiid
1494 2739 1577 2794 tem·

354 2834 453 2915 poris
479 2832 686 2915 Ingolstadii
713 2835 939 2915 versabatur,
969 2853 1093 2900 curam
1121 2853 1143 2899 a
1170 2835 1334 2917 Principe
1367 2837 1579 2919 impetrandi

354 2941 497 3006 domum
512 2940 667 3022 aliquam
679 2941 724 3005 ad
735 2942 939 3007 scholarum
949 2959 1052 3007 usum
1063 2952 1311 3024 opportunam,
1324 2952 1363 3007 ut
1374 2953 1457 3008 tunc
1473 2946 1579 3009 etiam

356 3049 555 3130 superiores
573 3048 707 3112 classes
721 3047 777 3112 his
798 3047 1022 3114 inferioribus
1037 3050 1119 3114 addi
1134 3059 1289 3132 possent.
1307 3050 1448 3115 Graeca
1461 3052 1577 3131 lectio,

355 3173 445 3237 quae
470 3153 565 3234 domi
589 3155 694 3220 fiebat
718 3172 739 3218 a
766 3155 802 3220 P.
829 3155 1028 3236 Theodoro,
1052 3159 1184 3221 omissa
1205 3167 1270 3238 est,
1286 3159 1416 3239 partim
1436 3159 1480 3223 ob
1505 3156 1580 3240 ejus

355 3263 617 3345 occupationes
641 3263 772 3342 partim
792 3263 836 3327 ob
855 3263 1026 3328 librorum
1050 3264 1237 3344 defectum;
1258 3282 1342 3329 nam
1363 3275 1503 3347 praeter
1522 3265 1579 3330 he·

355 3370 499 3432 braeam
520 3367 706 3433 lectionem
730 3377 764 3433 et
778 3369 996 3450 rhetorices,
1008 3371 1116 3436 etiam
1137 3372 1174 3435 in
1195 3373 1424 3443 concionibus
1443 3373 1579 3454 praedi·

354 3484 432 3541 ctus
446 3474 484 3540 P.
501 3474 708 3541 Theodorus
723 3475 976 3558 occupabatur.
997 3478 1042 3542 Et
1056 3477 1153 3544 haud
1167 3479 1271 3544 dubie
1286 3489 1426 3562 praeter
1440 3481 1579 3546 satisfa-

353 3582 507 3647 ctionem
519 3582 656 3648 fructus
670 3585 778 3648 etiam
791 3584 1013 3665 publicarum
1032 3586 1461 3667 lectionumflcernebatun
1477 3597 1512 3654 et
1529 3590 1579 3653 ita

353 3691 462 3755 multo
486 3692 605 3770 plures
630 3690 810 3755 auditores
835 3693 949 3756 nostri
973 3692 1151 3758 habebant
1175 3694 1342 3776 theologi,
1369 3713 1476 3778 quam
1501 3696 1579 3777 ipse

352 3796 483 3862 Rector
497 3796 761 3878 Universitatis,
777 3799 837 3880 qui
852 3799 960 3864 etiam
975 3800 1175 3881 theologiae
1190 3803 1370 3882 professor
1384 3812 1472 3868 erat.

414 3903 502 3969 1733.
546 3903 620 3969 Nec
634 3905 796 3970 omittam
809 3906 916 3987 quod,
929 3924 1010 3972 cum
1021 3907 1120 3972 initio
1134 3907 1299 3974 Octobris
1313 3909 1359 3974 ad
1373 3910 1578 3992 Congrega·

349 4015 484 4078 tionem
503 4013 759 4094 provincialem
774 4011 813 4077 P.
834 4014 1042 4080 Covilonius
1061 4015 1241 4097 profectus
1263 4026 1366 4096 esset,
1384 4019 1428 4082 ab
1454 4019 1579 4084 itincre

349 4118 605 4200 Ingolstadium
621 4129 812 4186 revocatus
826 4129 890 4202 est,
908 4123 1006 4187 etita
1022 4123 1302 4205 Congregationi
1320 4143 1391 4189 non
1406 4124 1576 4191 interfuit.

349 4226 458 4307 Cuius
472 4227 523 4291 rei
538 4242 647 4290 causa
658 4227 733 4308 fuit,
747 4229 873 4310 quoda
886 4228 987 4294 Duce
997 4230 1203 4295 mandatum
1214 4231 1393 4312 quoddam
1403 4233 1576 4314 Ingolsta-

348 4334 445 4399 dium
456 4343 616 4411 venerat,
629 4342 667 4399 ut
678 4337 763 4399 novi
774 4337 931 4418 theologi
943 4337 1007 4417 (sic
1017 4346 1159 4403 nostros
1169 4340 1372 4418 vocabant),
1385 4358 1575 4423 proseque-

348 4451 470 4507 rentur
484 4458 569 4506 suas
584 4443 753 4506 lectiones
767 4461 810 4508 eo
825 4452 995 4527 tempore,
1011 4463 1081 4527 quo
1097 4456 1242 4528 propter
1257 4446 1485 4529 vindemiam,
1503 4465 1574 4513 uno

388 4687 396 4716 ¹
425 4681 464 4728 111
477 4687 617 4738 perorato.
