3642 5350
343 376 402 459 951
801 375 930 439 Cnaou.
950 376 1026 437 Soc.
1046 376 1117 451 Jss.

344 524 455 604 gotio,
476 532 648 588 evocatus
666 523 732 587 fuit
753 523 800 587 ad
820 523 964 588 domum
983 523 1191 605 Hieronymi
1210 524 1358 605 VigneS,
1375 524 1439 609 ¹qui
1457 523 1573 589 adhuc

342 630 564 712 aegrotabat,
581 639 615 695 et
630 631 805 695 accersito
819 632 928 695 etiam
950 632 1008 695 illo
1025 632 1225 711 sacerdote,
1243 632 1286 696 de
1301 649 1370 712 quo
1385 648 1513 719 supra,
1537 631 1572 695 in

343 738 474 803 virtute
488 746 634 804 sanctae
649 738 868 803 obedientiae
882 738 914 802 61
929 737 1060 803 Rector
1070 738 1232 819 injunxit,
1248 749 1286 804 ut
1301 739 1435 818 diceret
1446 739 1476 803 si
1488 739 1573 821 quid

343 846 387 910 de
402 846 462 910 illo
477 846 739 911 adolescentulo
755 855 917 910 noverat.
941 844 1146 926 ineuntem,
1164 846 1364 926 intelligens
1381 845 1453 910 sibi
1473 863 1570 929 prae·

343 953 415 1035 cipi
434 951 537 1034 juxta
562 952 750 1035 quemdam
776 970 931 1033 sensum,
959 955 1105 1033 negavit
1132 971 1171 1017 se
1197 953 1387 1035 quidquam
1409 954 1572 1033 scire;,et

344 1078 426 1125 cum
440 1060 597 1126 secundo
611 1078 734 1125 coram
753 1060 854 1125 Duce
869 1060 1002 1125 Montis
1016 1060 1146 1125 Leonis
1168 1062 1204 1125 in
1223 1062 1328 1125 simili
1348 1063 1571 1145 1111111111-Ι

343 1177 422 1233 ctae
437 1168 656 1234 obedientiae
671 1167 764 1232 idem
778 1168 1053 1249 praeciperetur,
1070 1169 1291 1233 tantumdem
1307 1167 1498 1249 respondit.

367 1355 370 1360 ,
403 1274 475 1339 986.
518 1275 607 1340 Cum
620 1285 739 1339 autem
750 1292 871 1340 rumor
882 1275 1173 1355 increbresceret,
1186 1257 1352 1341 inventus
1362 1257 1572 1356 suitapatre

343 1384 551 1449 adolescens
568 1384 604 1447 in
623 1384 739 1464 dorn0,
759 1383 854 1464 apud
872 1382 1042 1447 Sanctum
1061 1382 1181 1464 Cocci,
1203 1385 1246 1448 de
1267 1402 1336 1465 quo
1357 1384 1572 1475 intellectum

343 1499 421 1572 erat
434 1490 530 1573 quod
544 1488 694 1555 Romam
707 1490 932 1572 prolecturus
945 1500 1022 1555 erat
1036 1498 1074 1553 ut
1088 1491 1124 1553 in
1139 1489 1352 1556 Societatem
1374 1474 1572 1569 admittere·

330 1608 412 1676 ,tur,
429 1606 463 1662 et
477 1596 597 1661 statim
611 1597 648 1661 in
661 1614 844 1663 carcerem
862 1596 1060 1677 conjectus3
1081 1606 1116 1661 et
1137 1606 1210 1661 tam
1231 1598 1308 1678 ipse
1330 1616 1437 1689 quam
1457 1598 1572 1677 adole<

343 1722 447 1789 scens
472 1705 636 1769 dixerunt
661 1704 915 1769 cumconsilio
942 1704 1114 1784 praedicti
1133 1698 1330 1790 sacerdotis
1354 1706 1443 1769 haec
1464 1681 1574 1768 fuisse

344 1814 452 1893 facta,
466 1813 574 1877 etiam
589 1810 682 1892 quod
696 1812 792 1877 domi
806 1829 891 1877 suae
906 1811 1118 1878 Vincentius
1133 1811 1277 1894 lecerat,
1295 1822 1334 1877 ut
1348 1812 1516 1887 nonnulla
1527 1828 1573 1889 eu

344 1938 431 1985 auro
445 1918 870 1985 vendendainviaticum
885 1928 1040 2000 caperet.
1257 1976 1260 1983 .
1500 1962 1520 2005 3
1538 1960 1567 2003 „

403 2026 474 2091 987.
517 2028 562 2091 Et
581 2044 691 2109 usque
713 2027 804 2091 adeo
823 2028 1031 2092 scandalum
1050 2028 1119 2092 hoc
1144 2029 1268 2109 crevit,
1295 2037 1334 2092 ut
1352 2029 1459 2094 etiam
1478 2027 1572 2113 apud

343 2150 476 2216 graves
491 2143 526 2199 et
543 2134 734 2216 primarios
753 2134 916 2199 homines
935 2144 969 2199 et
988 2135 1155 2200 Societati
1173 2136 1337 2201 addictos
1351 2154 1389 2200 se
1409 2138 1572 2202 extende·

343 2252 409 2322 ret,
426 2252 460 2307 et
473 2242 543 2307 hac
557 2242 745 2307 occasione
760 2242 922 2307 diabolus
933 2253 1037 2307 notas
1050 2242 1216 2307 infamiae
1231 2244 1478 2325 gravissimas
1491 2245 1573 2310 licet

344 2350 488 2415 omnino
501 2350 622 2430 salsaS,
638 2360 763 2416 contra
779 2348 976 2430 Collegium
996 2351 1209 2429 seminabat,
1230 2350 1319 2415 adeo
1339 2360 1376 2415 ut
1392 2361 1466 2417 tota
1488 2353 1572 2417 civi·¹

343 2467 401 2523 tas
410 2456 485 2523 lere
496 2466 674 2522 commota
685 2468 778 2523 esset
791 2458 836 2522 ad
844 2456 982 2521 Ducem
993 2456 1171 2523 Albanum
1182 2457 1394 2540 adeundum,
1404 2469 1438 2524 et
1451 2461 1483 2524 ei
1494 2477 1572 2541 sup·

345 2564 549 2650 plicandum
563 2574 602 2629 ut
613 2564 752 2646 juberet
766 2564 915 2646 Neapoli
930 2562 1119 2629 Societatis
1132 2575 1276 2632 nostrae
1290 2567 1450 2632 homines
1473 2586 1573 2635 excel

345 2673 439 2738 dere.
455 2672 501 2738 Et
514 2672 605 2738 inter
619 2672 790 2754 plurimos
804 2672 902 2736 cives
917 2671 985 2736 hac
1000 2672 1093 2737 dere
1108 2673 1202 2738 serio
1214 2675 1398 2756 agebatur,
1412 2687 1446 2740 et
1458 2677 1573 2754 Electi

344 2781 511 2862 civitatis,
526 2790 565 2845 ut
579 2798 622 2845 ea
637 2779 680 2844 de
695 2798 732 2844 re
748 2780 885 2844 Ducem
900 2781 1174 2862 alloquerentur,
1195 2782 1231 2845 in
1245 2783 1423 2864 palatium,
1437 2801 1475 2848 se
1490 2801 1572 2866 com

345 2889 511 2952 tulerunt.
1238 2877 1240 2882 ’

405 2994 475 3060 988.
519 2995 717 3060 Videbatur
732 3003 851 3060 autem
865 2996 1034 3076 expedire
1047 3005 1085 3060 ut
1099 2997 1301 3078 praedictus
1315 2999 1485 3064 sacerdos
1505 2999 1572 3066 Ro·

346 3120 440 3188 mam
454 3103 574 3168 statim
589 3103 797 3182 mitteretur,
814 3120 883 3185 quo
898 3104 1091 3184 scripserat
1110 3113 1211 3186 pater
1231 3104 1466 3196 adolescentis
1485 3109 1572 3173 litte·

345 3227 406 3276 ras
430 3211 476 3275 ad
501 3211 689 3292 quemdam
707 3211 884 3274 Abbatem
908 3209 1163 3292 Campaniam,
1187 3199 1399 3278 Societatem
1423 3232 1445 3278 a
1470 3218 1575 3297 culpa

345 3318 517 3401 praedicti
539 3318 673 3398 negotii
695 3318 887 3382 immunem
908 3318 1126 3399 significans.
1144 3319 1187 3383 Et
1209 3321 1289 3384 illae
1310 3323 1448 3387 litterae
1470 3341 1491 3386 a
1512 3339 1572 3386 no·

346 3427 431 3491 stris
446 3425 682 3508 neapolitanis
696 3425 867 3506 repetitae
886 3425 1043 3505 luerunt,
1064 3435 1103 3489 ut
1123 3425 1303 3492 Cardinali
1322 3427 1418 3493 dela
1438 3428 1571 3510 Cueva,

346 3536 406 3617 qui
420 3534 485 3600 sub
500 3533 639 3598 initium
653 3533 785 3597 mensis
799 3532 893 3615 Junii
908 3531 1093 3614 Neapolim
1113 3531 1234 3616 [venit]
1251 3535 1297 3600 ad
1311 3533 1489 3619 Pro-regis
1503 3536 1572 3620 offis

345 3643 439 3707 cium
464 3640 711 3720 exercendum,
739 3640 1029 3720 ostenderentur,
1056 3651 1091 3704 et
1116 3641 1173 3705 ille
1198 3659 1279 3706 cum
1307 3641 1406 3707 Duce
1432 3645 1576 3730 Albano,

346 3749 625 3814 communicaret
642 3745 663 3811 ¹.
1451 3799 1468 3832 Ι,
1484 3825 1486 3832 Ι

405 3855 476 3921 989.
520 3855 761 3937 Expetebatur
775 3855 883 3919 etiam
897 3855 1014 3920 Patris
1027 3854 1152 3939 Jacobi
1168 3857 1312 3939 Laynez
1333 3859 1518 3942 adventus,
1534 3869 1574 3960 111

345 3966 444 4030 illum
458 3963 579 4045 populi
593 3979 772 4027 rumorem
791 3979 936 4027 suarum
957 3963 1169 4028 concionum
1189 3965 1433 4032 aedificatione
1452 3969 1574 4050 sepeli·

345 4082 410 4138 ret.
428 4070 525 4135 Patri
540 4081 659 4135 tamen
673 4070 811 4150 ignatio
826 4070 944 4134 visum
959 4080 1012 4135 est
1028 4069 1253 4136 Cardinalem
1269 4076 1501 4156 praedictum,
1515 4076 1575 4158 qui

346 4179 514 4246 Societati
529 4177 764 4256 amicissimus
779 4187 867 4257 erat,
884 4180 1055 4244 auxilium
1072 4197 1149 4244 esse
1164 4183 1296 4245 nostris
1312 4185 1513 4248 allaturum.

407 4266 478 4351 990.
520 4287 566 4352 Et
581 4286 664 4368 quia
678 4282 878 4365 hujusmodi
896 4286 1142 4352 occasionibus
1157 4287 1354 4355 addebatur
1373 4291 1442 4355 alia
1464 4291 1576 4372 cujus·

387 4571 396 4605 1
426 4564 598 4621 VldeIgnatii
610 4567 641 4611 de
659 4568 753 4612 haere
772 4568 805 4613 ad
822 4568 989 4616 Cardinalem
1006 4571 1037 4615 de
1054 4573 1081 4615 la
1099 4569 1188 4618 Coeva
1204 4573 1307 4618 litteras
1322 4574 1347 4620 in
1364 4573 1458 4622 Carras
1471 4579 1505 4624 de
1520 4581 1575 4624 San

346 4644 465 4698 ignaria,
475 4645 495 4684 t.
504 4649 541 4694 11,
551 4650 613 4694 paz.
622 4639 671 4695 ⁸3³5
681 4646 708 4685 et
720 4641 795 4686 Patri
805 4642 913 4687 Antonii
925 4642 1018 4688 cortes
1026 4644 1058 4689 ud
1069 4644 1198 4690 Abbatem
1206 4645 1364 4702 campanile,
1372 4649 1448 4704 tuta,
1456 4663 1516 4708 pag.
1526 4653 1574 4702 696.
