3642 5350
815 388 878 454 Au.
899 388 969 455 1556
1032 393 1041 408 ⁸
1446 393 1503 460 '173

275 532 357 604 dam
373 532 642 620 Augustinlano'
653 536 905 604 concionatore
924 538 1137 607 observatae
1156 532 1440 626 continebantui,
1454 546 1500 611 le·

275 647 431 728 gendum
446 648 629 727 miserunt,
642 647 723 711 etin
735 646 888 728 quadam
900 644 1097 713 Doctorum
1109 652 1388 732 congregatione
1401 651 1478 733 ejus
1490 651 1498 685 ¹

276 758 487 821 sententiam
506 755 629 821 audire
648 757 848 831 voluerunt;
872 764 907 819 et
927 756 1092 837 quamvis
1111 756 1169 822 ille
1190 767 1336 840 propter
1350 776 1500 843 occupa·

277 863 392 929 tiones
417 864 488 929 hoc
512 880 602 929 onus
620 872 814 943 recusaret,
840 862 1060 927 subeundum
1081 873 1201 930 tamen
1219 866 1269 929 illi
1290 866 1370 944 iuit;
1392 868 1500 933 immo

276 969 412 1035 addidit
429 969 609 1051 Vicarius,
631 987 671 1034 re
689 970 781 1034 inter
795 969 892 1051 ipsos
911 977 1076 1051 tractata,
1091 973 1242 1036 electum
1256 972 1365 1038 luisse
1378 974 1498 1041 Rae·

274 1086 409 1143 ctorem
427 1086 463 1144 et
481 1095 553 1143 non
571 1078 687 1143 solum
705 1078 740 1142 in
759 1076 952 1158 praedictis
968 1078 1278 1161 propositionibus,
1293 1081 1406 1146 sedin
1421 1083 1501 1147 aliis

274 1184 569 1268 quibuscumque,
594 1201 686 1265 quae
710 1199 904 1265 progressu
926 1185 1096 1265 temporis
1119 1187 1357 1268 occurrerent,
1383 1188 1500 1270 ipsum

273 1292 522 1359 advocandum
542 1310 633 1371 esse,
656 1300 694 1356 ut
718 1308 820 1355 suam
840 1288 974 1356 diceret
996 1294 1222 1374 sententiam
1242 1304 1278 1359 et
1290 1296 1374 1376 quia
1395 1312 1499 1361 occu·

272 1400 436 1481 pationes
453 1399 583 1465 multas
602 1406 637 1463 et
655 1414 787 1479 graves
810 1398 859 1462 illi
878 1399 1132 1480 intelligebant,
1158 1410 1343 1466 contentos
1361 1420 1400 1466 sc
1420 1402 1498 1468 fore

273 1505 452 1587 dixerunt,
476 1507 507 1571 si
532 1506 641 1572 etiam
662 1505 779 1570 studio
800 1522 873 1570 non
898 1505 1066 1586 adhibito,
1098 1508 1134 1571 in
1159 1509 1497 1590 congregationibus

272 1614 444 1696 iaciendis
469 1614 606 1680 diceret
623 1630 714 1696 quae
735 1612 772 1677 in
793 1611 948 1677 Domino
974 1613 1042 1695 ipsi
1067 1614 1283 1681 viderentur.
1310 1615 1497 1683 Placuerat

273 1722 433 1787 enimeis
447 1720 521 1802 eius
535 1720 722 1801 sententia,
738 1737 845 1802 quam
863 1720 900 1784 in
921 1720 1131 1802 quibusdam
1151 1722 1231 1787 aliis
1249 1726 1497 1805 congregatio·

273 1830 377 1895 nibus
390 1830 543 1895 dixerat.
565 1827 617 1893 Re
638 1833 857 1893 autemeam
877 1825 1048 1892 fratribus
1067 1830 1338 1910 communicata,
1359 1848 1496 1897 cumea

273 1936 464 2002 concilia-re
486 1936 735 2002 auctoritatem
749 1934 908 2016 Collegio
922 1934 1116 2016 videretur,
1129 1954 1280 2020 cumque
1295 1941 1497 2021 exemplum

272 2043 418 2109 haberet
440 2044 557 2109 Patris
580 2043 736 2124 Laynez,
762 2042 829 2106 hoc
853 2058 983 2107 munus
1007 2044 1172 2124 suscepit,
1199 2054 1340 2124 etcum
1365 2063 1497 2128 magno

272 2153 446 2234 applausu
475 2150 724 2233 inquisitorum
756 2149 792 2213 in
825 2150 940 2231 prima
968 2151 1247 2232 congregatione
1274 2170 1376 2219 suam
1408 2154 1498 2221 dixit

271 2260 495 2325 sententiam.
1449 2261 1453 2266 ⁴

329 2366 401 2432 635.
443 2365 514 2432 Sub
539 2366 677 2432 initium
702 2364 785 2431 anni
810 2365 904 2429 idern
930 2364 1035 2431 Pater
1059 2366 1262 2433 diuturnum
1283 2367 1496 2436 desiderium

270 2484 373 2532 suum
394 2464 623 2548 praedicandi
648 2465 743 2547 apud
766 2464 925 2530 infideles
947 2464 1015 2532 Dei
1038 2466 1187 2531 verbum
1200 2466 1239 2532 Ρ.
1255 2468 1393 2549 Ignatio
1418 2488 1496 2551 pro·

269 2584 451 2656 posuerat,
481 2590 563 2640 cum
586 2574 623 2637 in
651 2572 706 2637 his
730 2572 935 2652 regionibus
958 2568 970 2600 ¹
997 2570 1282 2655 praedicatorum
1309 2578 1496 2644 multitudo

270 2681 502 2762 abundanter,
519 2680 779 2770 quodammodo
794 2682 874 2763 pius
884 2681 985 2757 satis,
998 2682 1146 2753 verbum
1156 2681 1225 2746 Dei
1235 2684 1493 2765 praedicarent.

269 2788 339 2854 Sed
364 2806 436 2855 non
465 2799 519 2854 est
543 2787 739 2870 judicatum
761 2788 929 2868 expedire
953 2798 991 2853 ut
1016 2789 1085 2859 hoc
1109 2789 1321 2855 desiderium
1347 2809 1495 2875 exequee

268 2895 404 2968 retusi.
981 2959 984 2964 ,
1370 2955 1373 2963 .

327 3004 399 3070 636.
441 3005 683 3078 Constituerat
697 3004 735 3069 P.
752 3004 888 3071 Natalis
902 3023 948 3071 ne
962 3023 1009 3070 ex
1022 3004 1171 3085 Collegit
1190 3004 1298 3070 rebus
1313 3007 1404 3072 ullas
1425 3010 1492 3074 ele'·

269 3131 459 3196 emosynas
479 3115 636 3179 externis
656 3113 825 3196 iacerent,
846 3122 881 3178 et
903 3122 976 3179 tam
996 3121 1093 3179 arcte
1114 3113 1151 3176 id
1172 3113 1401 3187 observatum
1414 3128 1493 3182 erat

268 3220 427 3304 Genuae,
453 3229 492 3288 ut
518 3221 704 3305 quaedam,
730 3238 822 3302 quae
844 3222 1051 3286 conservari
1074 3237 1145 3285 non
1173 3230 1349 3302 poterant,
1378 3225 1494 3304 perire

266 3332 434 3410 sinerent,
450 3330 544 3412 quod
558 3347 601 3402 ea
615 3329 702 3394 dare
716 3337 841 3394 contra
860 3337 1089 3410 praeceptum
1110 3345 1181 3393 666
1201 3329 1382 3410 auderent.
1403 3330 1492 3396 Cum

266 3446 384 3502 autem
398 3435 613 3516 affligeretur
628 3434 757 3504 Rector
778 3435 871 3517 quod
892 3435 1103 3517 quibusdam
1123 3435 1169 3498 ad
1190 3451 1269 3499 eum
1286 3437 1491 3518 confugien-

266 3545 358 3608 tibus
372 3561 444 3610 non
458 3553 577 3625 posset
591 3542 790 3623 subvenire,
812 3543 1017 3608 facultatem
1038 3543 1084 3606 ad
1103 3543 1139 3606 id
1153 3544 1358 3624 postulavit,
1376 3554 1411 3609 et
1427 3546 1488 3609 ali·

267 3652 350 3733 quid
365 3651 397 3716 ei
412 3668 622 3716 concessum
641 3659 706 3716 est.
901 3637 905 3646 ’
1466 3710 1468 3713 ,

269 3822 272 3830 ,
324 3759 396 3832 637.
439 3758 528 3826 Cum
552 3769 632 3840 post
657 3760 907 3842 migrationem
933 3757 971 3822 P.
987 3758 1116 3839 Ignatii
1130 3758 1367 3840 significatum
1382 3770 1488 3841 esset,

265 3868 359 3949 quod
373 3875 518 3949 propter
533 3868 702 3932 tumuitus
715 3867 897 3933 Romanae
913 3867 1022 3946 urbis,
1038 3869 1096 3931 vel
1110 3869 1255 3932 Laureti
1269 3869 1327 3932 vei
1341 3868 1490 3933 Genuae

265 3974 450 4040 Generalis
461 3973 703 4054 Congregatio
714 3972 876 4040 fortassis
884 3975 1147 4055 erat'cogenda,
1164 3972 1309 4039 Domini
1325 3974 1491 4041 Nicolaus

304 4145 313 4177 ¹
342 4143 408 4200 3611,
419 4143 507 4190 Patris
516 4142 643 4200 Gasparis
653 4143 760 4196 Loarte,
769 4143 897 4190 Rectoris.

302 4214 315 4248 ¹
342 4214 574 4270 Genuac,acllicet,
584 4221 610 4260 61
620 4217 765 4272 generatim
775 4217 800 4261 16
811 4215 931 4272 Ε61666.
1478 4247 1482 4256 .

302 4289 314 4322 ⁸
341 4287 396 4334 1166
406 4287 495 4334 Patris
505 4287 601 4332 Loarte
615 4287 771 4332 desiderium
782 4289 915 4344 respicere
929 4287 1050 4332 videntur
1060 4277 1200 4343 'sequentia
1210 4287 1314 4334 Polanci
1325 4288 1357 4334 ad
1374 4296 1442 4342 cum,
1456 4297 1490 4334 ex

263 4371 338 4415 corin,
350 4359 489 4406 scribentis
502 4361 593 4406 verba:
609 4359 697 4404 Ι106116
711 4361 877 4406 666611611661
894 4360 1007 4405 6616161
1022 4362 1137 4414 6666116
1153 4359 1319 4416 Compagnlc,
1336 4359 1370 4405 V.
1384 4359 1416 4407 R.
1430 4360 1488 4405 16111

263 4445 336 4480 come
344 4433 362 4478 11
373 4435 469 4489 patera
479 4432 580 4488 meglio.
589 4438 615 4476 61
623 4443 674 4478 non
683 4433 765 4478 dubiti
775 4433 823 4478 6116
833 4443 879 4489 661
889 4433 982 4478 adesso
992 4443 1043 4477 non
1056 4435 1107 4487 666
1117 4432 1260 4478 6661166161
1271 4434 1298 4478 16
1306 4438 1383 4488 parte
1392 4435 1486 4478 616666

263 4507 332 4551 delia
342 4505 422 4562 rigna
430 4505 455 4550 di
465 4503 562 4550 Nostro
572 4503 680 4559 signore
690 4505 735 4560 plu
746 4505 963 4550 iruttuosamentc
972 4504 1021 4548 6116
1032 4504 1098 4549 dove
1113 4505 1135 4548 61
1150 4511 1237 4554 troi-a.
1252 4511 1278 4549 61
1292 4506 1380 4560 quello
1393 4505 1488 4560 spirito

262 4579 312 4624 6116
322 4579 391 4624 61116
405 4583 485 4622 mette
499 4577 609 4630 innanzi,
619 4580 633 4622 6
636 4577 677 4632 da
685 4587 773 4622 tenere
788 4589 835 4632 per
849 4583 975 4632 suspctto,
985 4588 1001 4620 6
1011 4587 1074 4620 sero
1089 4577 1264 4622 condauuarlo
1278 4589 1325 4632 661
1339 4587 1390 4621 non
1404 4578 1489 4623 buono

264 4655 333 4696 66116
342 4651 427 4707 666616
438 4650 463 4695 di
475 4649 594 4704 maggior
603 4650 734 4704 benc.„5.⁸
744 4647 840 4695 Martii.
