3642 5350
791 439 856 499 Att-
879 438 949 499 1566
1432 436 1486 498 287

249 581 339 647 duos
349 598 464 649 annos
478 591 594 663 natus,
611 581 780 647 Doctoris
793 582 979 664 qu'usdam
990 581 1082 647 lilius
1096 590 1184 661 erat,
1196 599 1218 645 a
1229 598 1339 663 puero
1350 581 1485 645 nostris

249 689 286 754 in
299 690 433 754 scholis
446 690 483 755 ln
497 691 628 771 latinis,
649 690 791 770 graecis
805 699 842 753 et
856 689 1031 754 hebraicis
1053 690 1179 753 litteris
1199 689 1391 770 institutus,
1414 706 1480 754 nec

249 796 364 862 minus
373 799 505 880 pietate
519 814 625 880 quam
640 796 802 862 doctrina
817 798 909 861 inter
930 798 1019 862 alios
1039 796 1202 877 insignis.
1223 794 1296 862 Alli
1318 798 1426 861 etiam
1438 814 1485 861 ex

250 904 545 970 scholasticorum
556 921 704 975 numero
718 906 787 969 hoc
801 904 917 986 ipsum
932 904 1180 985 expectabant,
1196 904 1289 969 inter
1304 920 1393 985 quos
1406 904 1485 985 qui·

251 1011 334 1076 dam
354 1011 591 1095 jurisperitus»,
622 1020 740 1077 aetate
761 1020 797 1076 et
817 1012 976 1077 moribus
1000 1012 1136 1092 gravis,
1157 1020 1247 1092 erat,
1263 1021 1299 1076 et
1320 1019 1398 1077 toto
1411 1011 1485 1077 fere

248 1118 393 1183 biennio
408 1120 455 1185 ad
470 1120 606 1184 ostium
615 1120 837 1201 pamm.

311 1226 402 1290 1133.
443 1225 513 1291 Sed
532 1227 578 1291 ad
597 1227 741 1291 scholas
762 1227 954 1307 redeundo,
979 1227 1187 1291 exercitatio
1207 1225 1393 1308 litteraria,
1410 1234 1485 1293 tum

250 1333 286 1398 in
301 1332 555 1415 componendo,
573 1342 648 1398 tum
667 1335 703 1398 in
727 1334 1005 1416 pronuntiandis
1026 1334 1249 1400 orationibus
1268 1352 1341 1401 non
1356 1329 1487 1403 medio·

248 1440 320 1505 cris
338 1452 427 1521 erat;
443 1441 655 1523 quibusdam
676 1442 769 1506 enim
784 1441 908 1506 diebus
924 1442 1142 1522 scholastici,
1160 1442 1436 1523 consanguineis
1450 1454 1486 1507 et

248 1548 374 1612 amicis
387 1549 536 1625 vocatis,
556 1557 632 1613 tam
650 1557 799 1613 venuste
818 1557 941 1613 nostro
967 1549 1003 1613 ln
1023 1551 1154 1631 templo
1169 1550 1428 1632 declamabant,
1444 1561 1485 1615 ut

249 1656 370 1720 nonin
390 1656 607 1721 mediocrem
621 1656 894 1721 admirationem
915 1666 950 1721 et
969 1657 1253 1739 expectationem
1274 1658 1335 1722 sui
1354 1658 1487 1723 audito-

250 1780 309 1828 res
327 1764 520 1845 erigerent.

312 1871 400 1935 1136.
444 1870 641 1938 Renovatio
662 1880 781 1937 autem
800 1870 998 1937 studiorum
1013 1889 1081 1954 pro
1098 1888 1196 1937 more
1212 1872 1308 1937 lacta
1321 1873 1399 1954 fuit,
1415 1890 1486 1938 una

250 1978 411 2044 oratione
424 1997 558 2061 graeca
573 1988 608 2045 et
622 1979 761 2044 duabus
773 1979 894 2044 latinis
907 1997 951 2043 ac
972 1980 1091 2045 multis
1112 1980 1380 2063 epigrammatis
1399 1982 1486 2047 reci-

249 2088 345 2167 tatis,
367 2086 464 2152 urbis
483 2088 699 2169 magistratu
722 2096 757 2152 et
775 2088 894 2153 multis
913 2087 1091 2153 nobilibus
1106 2096 1141 2151 et
1158 2086 1304 2169 plebeiis
1323 2106 1486 2171 praesen·

250 2195 355 2261 tibus.

312 2302 402 2368 1137.
445 2301 577 2369 Reclor
600 2304 677 2386 ipse
702 2320 851 2368 casuum
875 2303 1120 2370 conscientiae
1144 2303 1331 2369 lectionem
1356 2304 1488 2370 nostris

251 2412 496 2478 sacerdotibus
509 2411 666 2491 quotidie
680 2412 921 2492 praelegebat.

314 2518 402 2583 1138.
446 2518 545 2583 Missi
564 2518 705 2583 fuerant
719 2517 832 2583 Roma
848 2518 1030 2583 Arnoldus
1047 2517 1213 2584 Conchus
1233 2528 1268 2583 et
1282 2519 1488 2601 Alphonsus

250 2627 460 2694 Villalobus:
477 2626 586 2709 prior,
603 2634 640 2692 ut
654 2627 788 2710 aliquid
799 2627 835 2692 in
846 2628 978 2692 scholis
989 2628 1226 2709 praelegeret3
1244 2628 1432 2710 posterior,
1449 2639 1488 2693 ut

251 2737 534 2801 concionaretur.
551 2733 724 2814 Quamvis
739 2743 857 2800 antem
871 2736 1045 2800 talentum
1060 2734 1106 2800 ad
1122 2735 1190 2799 hoc
1204 2752 1332 2800 munus
1350 2733 1488 2802 Romae

250 2845 465 2924 ostenderat,
491 2842 568 2926 eius
592 2853 710 2909 tamen
743 2843 962 2924 praedicatio
987 2842 1156 2908 Panormi
1187 2859 1313 2925 parum
1338 2843 1487 2908 libenter

251 2950 472 3032 audiebatur,
489 2969 555 3016 nec
570 2950 774 3017 domesticis
788 2961 850 3014 ant
865 2951 1023 3015 externis
1038 2950 1074 3014 in
1091 2949 1326 3015 concionandi
1340 2967 1488 3015 munere

251 3059 494 3124 satisfaciebat
510 3057 532 3140 ';
548 3068 582 3124 et
594 3060 644 3124 ita
658 3058 765 3123 Pater
778 3058 858 3139 ipse
869 3056 1002 3122 Rector
1013 3057 1223 3122 concionum
1236 3073 1358 3122 curam
1371 3075 1488 3122 susce·

251 3165 315 3246 pit,
332 3175 367 3230 et
380 3174 505 3247 postea
519 3165 731 3248 Syracusas
745 3164 790 3229 ad
802 3165 1045 3230 sacerdotium
1058 3172 1254 3246 promotus,
1272 3163 1310 3230 P.
1330 3163 1484 3248 Alphon·

253 3291 313 3339 sus
328 3275 457 3339 missus
471 3274 538 3340 suit
550 3274 574 3341 ¹.

314 3381 402 3446 1139.
445 3379 551 3446 Pater
566 3389 683 3446 autem
698 3379 879 3446 Arnoldus
894 3388 1080 3461 tantopere
1100 3380 1296 3446 rhetorices
1317 3381 1487 3447 auditori.

250 3490 317 3554 bus
330 3490 476 3570 placuit,
489 3498 526 3553 ut
541 3488 636 3569 Mag.
654 3488 817 3554 Gerardo
831 3471 1020 3568 Lapidano
1036 3488 1144 3566 longe
1155 3505 1235 3553 eum
1251 3487 1486 3570 praeferrent;

252 3596 352 3662 etita
374 3595 541 3661 Panormi
561 3596 732 3678 imprima
750 3597 866 3660 classe
880 3603 1040 3660 retentus
1060 3603 1126 3673 est,
1142 3604 1177 3660 et
1190 3593 1287 3676 Mag.
1304 3594 1487 3662 Gerardus

251 3704 424 3769 Bibonam
439 3705 621 3770 remissus.

293 3984 302 4017 ¹
329 3984 509 4030 “Rlcevemmo
518 3985 602 4040 quelle
609 3983 636 4029 dl
646 3983 680 4028 V.
690 3983 722 4028 R.
732 3983 814 4028 imino
824 3994 841 4027 ι
852 3982 917 4026 dieci
928 3982 954 4026 dl
965 3981 1090 4036 iebbrelo,
1101 3988 1128 4027 et
1144 3983 1166 4028 cl
1183 3985 1342 4038 rallegramo
1358 3985 1384 4032 ln
1400 3985 1489 4032 Domi·
1561 4035 1564 4044 ,

252 4067 294 4112 no,
304 4057 353 4102 ebe
363 4057 529 4103 eodielacceel
540 4058 558 4102 11
569 4055 600 4102 lt
610 4056 743 4101 Hnrnoldo
754 4056 796 4099 nel
811 4047 893 4099 officio
903 4053 930 4098 dl
939 4056 1042 4099 lettore.
1052 4053 1153 4108 Quanto
1163 4066 1179 4100 a
1190 4053 1346 4115 villelovos,
1354 4059 1381 4104 ln
1389 4057 1487 4105 Loreto

249 4130 278 4173 lo
287 4129 436 4176 tendendo
446 4131 488 4176 det
495 4129 632 4185 predicare
640 4128 803 4172 dmmmente
811 4132 839 4170 et
849 4137 897 4170 oon
906 4125 1097 4180 mansuetis.
1110 4135 1137 4172 et
1147 4127 1215 4172 anni
1224 4128 1248 4172 ci
1256 4139 1320 4184 pare
1330 4130 1370 4174 ele
1378 4135 1436 4174 etto
1447 4131 1488 4174 col

248 4207 340 4258 tempo
350 4202 376 4247 el
385 4202 521 4257 predicere
530 4203 610 4246 molto
619 4201 693 4254 bene;
702 4210 746 4243 ma
755 4197 903 4252 bisognerln
914 4195 981 4240 iarlo
991 4197 1138 4242 exercitare
1148 4200 1237 4246 bene...
1249 4201 1319 4246 nella
1335 4202 1424 4257 ungue
1440 4202 1490 4246 lta·

249 4273 328 4329 lim,
344 4285 372 4318 se
387 4285 438 4319 non
452 4275 476 4318 le
492 4275 588 4318 levano
601 4272 618 4317 l’
633 4272 718 4317 animo
728 4281 776 4315 con
787 4272 811 4314 le
825 4267 994 4324 sindicature,
1010 4268 1105 4325 perche
1122 4281 1172 4315 non
1182 4275 1195 4315 e
1206 4273 1286 4317 molto
1303 4274 1430 4329 animoso,
1446 4285 1489 4319 ma

250 4343 425 4390 dotremente
435 4356 462 4390 se
472 4345 516 4392 die
526 4345 601 4390 avleo
610 4344 676 4389 dove
687 4353 788 4396 manem
799 4347 825 4386 et
833 4353 880 4387 con
891 4342 1028 4389 attendere
1037 4353 1054 4387 ι
1063 4342 1181 4387 erudiere
1193 4343 1253 4388 nelli
1262 4344 1360 4390 dottorl
1369 4345 1416 4390 ebe
1426 4345 1488 4392 lano

250 4416 278 4463 al
287 4417 429 4473 proposito,
438 4418 517 4463 credo
526 4418 665 4474 predicata
674 4417 755 4460 molto
766 4415 838 4468 bene,
850 4420 876 4459 et
891 4417 917 4459 ln
933 4415 1043 4470 quelche
1059 4415 1216 4459 monasterio
1233 4417 1255 4460 el
1271 4421 1321 4472 pub
1336 4419 1489 4475 esercltnre,

249 4501 276 4534 ee
286 4500 337 4534 non
346 4491 372 4534 lo
381 4490 502 4545 nogllano
512 4496 608 4535 metter
616 4490 642 4533 in
650 4489 692 4534 nn'
702 4492 785 4531 tratto
796 4487 865 4530 nella
875 4497 923 4531 sua
938 4487 1062 4542 chloran
1077 4497 1140 4531 vero
1156 4488 1182 4530 in
1198 4489 1309 4542 quelche
1325 4491 1397 4536 nitra
1410 4496 1488 4546 parte

249 4562 306 4607 inor
315 4561 341 4607 dl
351 4560 479 4607 Polemo.
490 4561 523 4607 V.
533 4561 564 4606 R.
575 4560 599 4606 cl
609 4560 676 4606 avlel
687 4569 759 4604 come
769 4559 794 4603 lo
804 4558 839 4613 le,
850 4563 876 4604 ct
888 4559 914 4604 ln
922 4560 983 4614 qual
990 4569 1049 4604 cose
1059 4559 1081 4604 sl
1092 4569 1214 4614 occupa„
1225 4559 1361 4616 Polancue,
1370 4573 1404 4607 ex
1411 4574 1490 4608 com..

250 4633 326 4680 Petri
337 4633 419 4679 Panlo
428 4635 453 4680 d’
462 4633 581 4688 Achillls,
592 4633 629 4678 5.·
639 4631 737 4678 Martii.

291 4705 304 4739 ¹
330 4705 398 4750 Vide
409 4715 498 4762 supra,
507 4716 570 4761 pag.
579 4705 629 4761 27⁶,
640 4715 666 4750 n.
677 4703 737 4749 lim.
