3642 5350
346 417 401 477 llo
804 416 932 478 ennox.
953 416 1027 476 Soc.
1047 414 1118 490 Jas.

347 564 438 629 nalis
462 582 569 646 saepe
594 562 757 646 injunxit,
780 582 825 629 ne
848 563 944 629 aliud
969 580 1077 645 quam
1101 562 1196 644 apud
1222 565 1338 644 ipsum
1362 560 1577 627 Ratisbonae

346 672 538 753 hospitium
566 674 756 753 acciperet,
783 688 867 736 nam
894 672 932 735 in
956 670 1204 751 theologorum
1227 686 1361 751 magna
1385 670 1506 751 inopia
1530 670 1576 735 ad

345 798 491 845 manum
505 779 636 845 habere
651 778 689 845 P.
706 779 900 857 canisium,
918 794 1070 861 quocum
1081 778 1125 843 de
1137 785 1231 843 statu
1242 778 1427 858 religionis
1440 776 1575 843 conier-

346 897 401 953 ret
415 895 437 968 ¹,
453 887 693 969 percupiebat.

410 995 497 1061 1764.
542 995 718 1062 Putabant
751 996 845 1061 enim
881 996 1039 1077 plerique
1074 996 1286 1076 colloquium
1320 993 1575 1061 instituendum

345 1120 436 1183 esse,
453 1113 491 1167 ut
502 1105 629 1170 delecti
640 1122 684 1167 ex
698 1104 958 1169 catholicorum
969 1112 1004 1168 et
1016 1104 1288 1185 protestantium
1303 1104 1464 1186 partibus
1478 1102 1574 1167 theo·

345 1211 431 1292 logi,
456 1212 576 1276 nescio
601 1210 696 1293 quod
720 1228 852 1276 novum
877 1211 1024 1275 interna
1047 1211 1276 1290 fabricarent,
1299 1220 1361 1275 aut
1379 1212 1506 1275 saltem
1531 1209 1575 1273 de

345 1317 569 1383 concilianda
592 1318 776 1399 religionis
795 1336 905 1383 causa
926 1318 1019 1382 inter
1034 1335 1073 1381 se
1095 1319 1209 1383 amice
1234 1327 1446 1397 tractarent,
1466 1325 1502 1381 et
1521 1332 1575 1380 sa·

346 1426 482 1507 pientes
501 1425 570 1489 viri
589 1425 634 1489 ab
654 1426 782 1490 horum
803 1426 1027 1490 comitiorum
1041 1434 1171 1490 eventu
1193 1425 1261 1489 sibi
1280 1424 1450 1490 timebant
1469 1424 1573 1505 pluri·

346 1550 455 1598 mum.
480 1533 526 1598 Et
548 1534 633 1615 quia
658 1534 859 1614 complures
883 1533 1051 1615 Episcopi
1070 1531 1227 1597 adfuturi
1246 1541 1360 1613 erant,
1386 1531 1576 1597 Societatis

345 1650 490 1705 nostrae
508 1640 722 1721 institutum,
744 1650 782 1704 ut
802 1640 928 1705 melius
946 1649 1206 1721 cognoscerent
1220 1657 1328 1721 quam
1347 1641 1394 1704 ad
1408 1637 1445 1703 id
1462 1655 1574 1719 usque

346 1756 495 1829 tempus,
524 1757 725 1825 curaturus,
756 1761 790 1812 et
818 1747 907 1829 Regi
937 1747 1177 1812 Romanorum
1206 1764 1429 1829 quacumque
1456 1764 1496 1812 re
1524 1748 1575 1811 uti

345 1857 452 1921 vellet
467 1855 541 1937 ejus
557 1874 665 1938 opera
680 1856 929 1934 inservituriis,
945 1854 1177 1920 Ratisbonam
1191 1852 1380 1937 [Canisius]
1396 1854 1505 1919 venit.

292 1943 293 1955 ¹
409 1963 496 2027 1765.
539 1962 629 2028 Cum
644 1964 750 2028 etiam
765 1961 965 2028 Cardinalis
980 1980 1002 2027 a
1016 1961 1161 2027 Summo
1175 1962 1357 2043 Pontifice,
1375 1962 1499 2027 doctos
1513 1962 1572 2026 ali·

346 2079 430 2154 quot
455 2069 642 2152 theologos
669 2088 714 2135 ex
734 2071 830 2137 Urbe
850 2070 940 2135 mitti
960 2072 1005 2135 ad
1025 2071 1168 2135 comitia
1187 2072 1416 2152 postulasset,
1440 2069 1510 2134 hoc
1525 2086 1574 2134 re·

345 2178 468 2260 sponsi
479 2179 730 2260 accepit,quod
739 2180 827 2243 satis
838 2188 930 2243 esset
939 2178 1133 2243 Doctorem
1144 2178 1326 2242 Canisium
1336 2188 1373 2241 et
1383 2176 1574 2242 Doctorem

345 2283 580 2351 Fabrum'nd
591 2286 774 2365 religionis
786 2288 968 2366 negotium
979 2286 1204 2350 tractandum
1216 2293 1323 2366 atque
1333 2284 1502 2349 tuendum
1514 2282 1574 2366 [ibi

345 2390 495 2477 adesse].

409 2500 496 2565 1766.
540 2501 622 2581 Egit
647 2519 727 2566 cum
747 2501 785 2566 P.
806 2501 951 2566 Canisio
969 2502 1212 2567 Cancellarius
1233 2501 1402 2582 Episcopi
1421 2499 1574 2579 argenti·

345 2608 477 2692 nensiS,
493 2618 638 2673 acturus
652 2610 745 2675 idem
760 2627 840 2676 cum
860 2609 958 2690 Rege
977 2610 1218 2675 Romanorum
1235 2608 1467 2687 Ratisbonae,
1483 2616 1522 2670 ut
1536 2607 1572 2671 in

345 2717 521 2782 mandatis
535 2717 687 2782 habebat
702 2735 723 2781 a
738 2735 803 2783 suo
820 2717 997 2795 Praesule,
1013 2719 1179 2783 nimirum
1200 2726 1239 2782 ut
1259 2717 1496 2798 Argentinam
1515 2733 1573 2780 ve·

345 2824 447 2905 niret,
465 2827 593 2906 partim
615 2827 661 2890 ad
684 2837 817 2890 statum
835 2827 964 2892 nobilis
982 2827 1075 2891 illius
1095 2827 1267 2891 ecclesiae
1289 2822 1570 2903 instaurandum,

344 2933 474 3013 partim
503 2934 549 2997 ad
576 2934 803 3032 statuendum
827 2933 959 3016 aliquid
984 2935 1028 2999 de
1052 2933 1232 2999 fundando
1256 2941 1380 2996 nostro
1406 2931 1570 3011 collegio.

346 3037 439 3119 quod
464 3032 734 3120 argentinenses
754 3043 918 3106 canonici
937 3041 1102 3122 Friburgi
1124 3042 1199 3106 suis
1217 3039 1416 3120 sumptibus
1433 3039 1572 3119 erigere

345 3147 436 3209 velle
450 3147 672 3212 videbantur.
689 3148 830 3214 Nullum
849 3159 967 3213 autem
985 3159 1063 3214 erat
1081 3151 1117 3214 id
1138 3147 1308 3230 temporis
1322 3147 1359 3210 in
1379 3146 1572 3211 Germania

346 3253 560 3318 catholicum
576 3267 618 3319 ac
633 3256 770 3321 celebre
784 3258 1025 3338 gymnasium,
1042 3267 1184 3339 praeter
1198 3255 1449 3335 Friburgense,
1467 3252 1572 3317 Vien·

346 3377 456 3423 nense
471 3370 506 3424 et
520 3361 810 3443 lngolstadiense;
823 3366 1008 3446 etquidem
1021 3365 1260 3444 Friburgense
1273 3363 1409 3444 reliqua
1424 3371 1507 3426 ante
1522 3361 1574 3425 ire

346 3466 539 3547 ferebatur,
557 3481 591 3534 et
606 3469 696 3551 Regi
716 3469 958 3537 Romanorum
973 3473 1151 3537 subditum
1166 3480 1254 3552 erat,
1271 3480 1305 3535 et
1320 3470 1401 3536 ideo
1415 3469 1454 3534 P.
1471 3469 1573 3534 Clau·

346 3574 424 3638 dius
437 3573 548 3658 JaJus,
561 3577 641 3658 piae
653 3581 856 3654 memoriae,
870 3597 941 3643 non
953 3581 1061 3644 semel
1072 3588 1260 3660 optaverat
1272 3577 1366 3659 apud
1377 3576 1572 3657 friburgen-

345 3699 415 3762 ses,
431 3683 592 3748 Basileae
606 3685 756 3765 vicinos,
773 3697 914 3752 nostros
928 3689 1037 3752 etiam
1052 3687 1276 3752 commorari.

406 3790 493 3856 1767.
538 3792 774 3860 Pollicebatur
788 3805 906 3859 autem
922 3799 1070 3859 multum
1082 3794 1217 3858 favoris
1231 3803 1267 3858 et
1280 3793 1429 3857 subsidii
1450 3791 1495 3856 D.
1515 3791 1571 3874 Jo-

344 3914 410 3961 nas
425 3899 748 3966 vicecancellarius
763 3902 871 3984 Regis
887 3903 1070 3984 praedicti,
1087 3920 1152 3968 nec
1165 3901 1389 3966 occasionem
1404 3901 1498 3964 hanc
1514 3916 1571 3964 ne·

381 4105 395 4138 *¹
425 4106 612 4160 bisconserre.

386 4179 397 4211 Ι
424 4179 472 4224 Eat
484 4180 527 4225 hic
537 4181 650 4234 Joannes
660 4181 784 4236 Schmidt,
794 4186 874 4239 vulgo
884 4183 980 4237 Faber,
991 4183 1020 4228 0.
1032 4184 1068 4229 Ρ..
1084 4183 1251 4228 concionator
1267 4182 1393 4226 ecclesiae
1409 4179 1575 4225 Cethedralis

344 4258 518 4306 augustanae.
529 4251 595 4298 Vide
607 4253 825 4306 Banuasaunota,
837 4257 846 4298 l
867 4267 881 4300 c
892 4287 899 4309 ,
910 4262 931 4301 t.
939 4267 965 4302 ιι.
975 4267 1036 4310 pag.
1045 4255 1081 4305 tt,
1098 4255 1141 4309 qui
1152 4253 1250 4298 Canlell
1261 4254 1397 4308 epletolarn
1408 4252 1522 4308 protere,
1531 4253 1575 4296 nbi

344 4324 410 4368 baec
429 4325 566 4378 leguntur:
584 4325 690 4380 “Nuper
709 4329 850 4372 cumidem
872 4327 1034 4382 [Cardinalis
1055 4327 1205 4382 Angnmae]
1226 4332 1333 4374 urgeret
1350 4323 1528 4370 Pontificem...
1547 4333 1576 4369 ut

345 4394 436 4438 doctos
447 4406 480 4438 ex
490 4394 561 4440 Urbe
571 4397 706 4453 theologos
716 4401 749 4442 ad
760 4400 872 4444 Comitia
883 4399 1037 4453 [mitteret].
1052 4400 1100 4443 boc
1116 4398 1176 4443 tulit
1192 4399 1321 4452 responsi,
1333 4397 1400 4442 satis
1409 4407 1466 4441 ease
1481 4395 1576 4441 Docto-

346 4476 400 4511 rem
412 4465 563 4513 Fabrumet
574 4481 613 4513 me
624 4471 715 4515 adhoc
726 4471 869 4526 Religionis
887 4472 1052 4516 tractandum
1067 4482 1097 4515 ac
1116 4470 1238 4514 tuendum
1254 4470 1387 4524 negotium
1402 4469 1573 4513 Ratlsbonae.

340 4541 388 4586 -Sic
398 4554 429 4586 ex
440 4543 509 4586 ltltns
520 4542 604 4586 literis
616 4543 706 4587 habeo.
725 4543 795 4596 Quod
813 4543 935 4588 iudicium
952 4548 1024 4587 certe
1040 4543 1124 4587 fallax
1140 4549 1189 4596 eat,
1206 4547 1232 4586 et
1250 4544 1317 4586 male
1335 4541 1445 4586 consulit
1462 4542 1577 4600 (uereor)
1612 4555 1617 4561 ·

346 4614 502 4659 Germanlae
513 4621 627 4658 nostrae.
636 4615 780 4660 Abstinebo
790 4625 884 4661 tamen.
896 4623 925 4658 ut
935 4626 1016 4668 nuper
1032 4621 1202 4659 constitutum
1217 4614 1274 4663 tuit,
1290 4613 1353 4667 Regi
1371 4613 1508 4667 quicquam
1518 4623 1574 4667 eug·

345 4695 447 4741 gerere,
457 4686 522 4743 quod
533 4686 566 4731 ad
577 4687 643 4732 ellos
655 4687 767 4731 instituti
778 4686 853 4746 hujus
864 4687 1010 4742 Theologos
1020 4688 1070 4732 buc
1080 4687 1211 4731 vocandos
1220 4694 1346 4741 spectac„
