3642 5350
774 438 839 499 Au·
860 438 931 499 1556
1415 438 1471 500 629

224 584 327 648 itanc
351 583 607 664 profectionem
637 583 749 665 ipsius
774 583 922 649 arbitrio
948 584 1163 665 reliquisset,
1191 585 1336 665 propria
1358 602 1468 650 manu

225 692 436 756 rescribens
452 689 490 753 P.
508 689 663 770 ignatio,
679 691 716 754 id
731 700 862 755 testata
876 705 943 754 est.

293 796 385 862 2709.
428 795 521 877 Quia
535 814 623 860 vero
643 796 819 878 Principis
842 797 995 879 Philippi
1016 799 1192 870 adventus
1207 799 1244 862 in
1255 798 1471 880 Hispaniam

221 903 506 986 expectabatur,
541 902 713 968 consectis
745 920 826 966 cum
852 902 951 986 Rege
971 904 1108 970 Galliae
1132 914 1216 969 tunc
1242 905 1410 982 induciis,
1437 917 1471 968 et

226 1011 446 1076 renuntiatis
460 1011 492 1074 ei
508 1029 529 1074 a
543 1019 645 1091 patre
660 1010 916 1091 Hispaniarum
930 1013 1068 1092 regnis,
1089 1013 1205 1078 minus
1227 1012 1468 1078 necessariam

225 1121 328 1184 hanc
350 1115 604 1198 prosectionem
625 1117 672 1180 ad
692 1116 802 1198 Regis
823 1117 977 1200 Philippi
995 1121 1133 1185 curiam
1154 1120 1270 1183 nostri
1289 1121 1470 1184 existima·

239 1236 331 1291 runt.

295 1331 388 1398 2710.
430 1332 593 1396 Mortuus
621 1343 676 1396 est
709 1330 779 1394 boc
807 1341 966 1413 tempore
999 1333 1160 1397 Marchio
1197 1333 1472 1414 Villenae„qui

232 1440 273 1504 P.
289 1438 523 1504 Franciscum
538 1455 581 1501 ac
594 1437 633 1502 P.
649 1437 770 1501 Araoz
785 1439 1073 1504 testamentarios
1087 1457 1169 1504 cum
1184 1440 1321 1506 Comite
1337 1438 1468 1520 Orope·

227 1565 297 1611 sae
311 1547 464 1628 reliquit.
481 1543 691 1626 Properavit
706 1545 849 1626 quidem
863 1546 910 1609 ad
925 1547 1095 1628 oppidum
1109 1547 1284 1613 Scalonae
1304 1547 1343 1610 P.
1359 1545 1389 1610 F
1391 1564 1471 1611 ran·

226 1655 354 1718 -ciscus
367 1671 449 1717 cum
464 1653 508 1716 de
533 1650 609 1732 ejus
624 1652 719 1716 vitae
744 1653 903 1734 periculo
919 1655 1109 1735 intellexit,
1129 1672 1213 1720 nam
1234 1655 1472 1720 amicissimus

226 1769 326 1838 eran
343 1761 407 1824 sed
418 1759 491 1840 jam
507 1776 589 1822 eum
604 1769 784 1823 mortuum
798 1775 878 1823 esse
894 1760 1031 1824 invenit
1048 1758 1068 1824 ¹.

297 1867 389 1932 7711.
432 1867 656 1930 Versabatur
672 1863 892 1946 [Vallisoleti
905 1864 936 1948 ¹]
960 1867 1061 1930 initio
1076 1865 1181 1947 hujus
1195 1867 1280 1930 anni
1294 1867 1390 1947 Mag.
1407 1866 1472 1931 Ca·

232 1994 320 2055 nuS,
333 1975 394 2057 qui
408 1973 567 2055 putabat,
579 1982 618 2036 ut
634 1972 787 2051 videtur,
803 1991 843 2036 se
857 1974 1066 2055 obsequium
1079 1983 1263 2055 praestare
1277 1974 1371 2052 Deo,
1387 1972 1472 2038 dum

229 2081 453 2146 'Societatem
464 2089 624 2143 nostram
632 2079 873 2160 oppugnabat;
882 2089 918 2144 et
935 2097 1159 2162 quacumque
1172 2081 1362 2144 occasione
1375 2079 1471 2144 afful-

222 2201 356 2271 2gente,
380 2189 416 2252 id
437 2187 579 2268 agebat.
603 2186 797 2252 Dominum
821 2187 1060 2268 Moscheram,
1081 2187 1308 2253 fundatorem
1333 2187 1472 2252 Domus

233 2295 460 2361 Probationis
474 2292 662 2372 Simancis,
674 2294 895 2390 hortabatur,
910 2303 949 2358 ut
965 2295 1102 2358 videret
1117 2295 1202 2375 quid
1217 2303 1353 2374 ageret,
1368 2305 1402 2358 et
1416 2311 1472 2358 ca·

226 2414 334 2468 vetet
352 2403 430 2482 sibi,
451 2411 485 2465 et
504 2400 702 2465 declaravit
717 2402 750 2465 ei
773 2403 858 2483 quid
872 2403 940 2466 sibi
965 2403 1071 2466 vellet
1089 2403 1180 2466 baec
1203 2419 1275 2466 vox
1291 2401 1372 2466 falsi
1391 2419 1472 2482 pro·

217 2512 381 2593 'phetae;
402 2520 437 2574 et
462 2526 544 2573 cum
568 2509 639 2572 duo
661 2527 706 2572 ex
731 2509 863 2573 nostris
885 2519 1093 2591 praesentes
1114 2517 1243 2588 essent,
1264 2509 1410 2590 perinde
1429 2509 1474 2572 de

224 2619 414 2685 societate
429 2626 552 2681 nostra
566 2616 788 2699 loquebatur,
805 2626 911 2699 atque
933 2618 965 2681 si
985 2634 1042 2682 res
1063 2617 1194 2697 aliqua,
1218 2625 1256 2681 ut
1275 2615 1471 2695 haeretica,

224 2727 425 2807 reprobata
440 2733 545 2789 esset.

294 2833 387 2897 2712.
429 2830 593 2910 Suscepit
608 2839 728 2895 autem
742 2832 1047 2912 interpretandam
1059 2832 1247 2912 epistolam
1258 2830 1297 2895 B.
1311 2828 1411 2894 Pauli
1427 2828 1472 2892 ad

227 2940 462 3005 Timotheum
477 2938 645 3020 priorem,
662 2938 758 3018 quod
772 2938 852 3002 ideo
872 2939 916 3002 ab
936 2957 978 3003 eo
998 2940 1076 3004 fieri
1094 2938 1288 3015 serebatur,
1312 2946 1349 2999 ut
1371 2954 1471 3001 occa·

227 3048 374 3112 sionem
398 3046 546 3109 haberet
571 3054 696 3109 contra
721 3044 938 3110 Societatem
961 3045 1138 3128 loquendi.
1166 3044 1245 3109 Non
1271 3054 1391 3107 tamen
1415 3043 1473 3106 ille

276 3321 286 3353 ¹
318 3320 357 3365 De
369 3319 519 3365 Mertbione
530 3320 562 3363 de
572 3319 687 3371 villena,
697 3319 840 3366 Franclsco
854 3321 974 3366 Pscheco
990 3328 1016 3365 et
1033 3322 1183 3368 Bobadllla.
1196 3330 1275 3374 saepe
1290 3320 1386 3364 mentio
1402 3320 1475 3364 iacta

224 3398 559 3448 ·eet;v.cr.supra,t.1v,
574 3402 636 3447 paz.
651 3392 700 3443 tati,
716 3405 741 3437 n.
755 3392 805 3448 ets,
820 3402 907 3437 annet.
923 3395 946 3448 ὃς
961 3405 1024 3449 pag.
1035 3394 1084 3443 687,
1105 3405 1129 3437 ιι.
1146 3392 1207 3445 1250,
1219 3398 1307 3436 annot.
1322 3392 1344 3444 2,
1359 3399 1385 3437 et
1403 3392 1474 3437 allbl:

238 3464 331 3510 Comes
347 3475 412 3507 vero
430 3464 461 3507 de
479 3462 596 3519 Oropesa
615 3471 674 3507 erat
688 3463 869 3509 Ferdlnsndus
884 3466 1000 3511 Alvarez
1015 3466 1045 3509 de
1065 3464 1172 3517 Toledo,
1189 3463 1221 3507 de
1239 3474 1288 3518 quo
1306 3464 1365 3507 vide
1379 3474 1473 3519 supra,

236 3544 260 3582 t.
274 3549 311 3589 tv,
327 3548 388 3591 pap.
402 3536 452 3587 587.
463 3547 488 3580 ιι.
499 3534 560 3590 tw,
570 3546 631 3590 pag.
644 3536 694 3587 59t.
705 3548 730 3580 ιι.
748 3536 809 3590 tata
824 3542 851 3581 et
866 3543 885 3581 t.
900 3548 927 3585 ν,
944 3548 1005 3591 pag.
1019 3536 1067 3590 tta,
1083 3548 1109 3580 n.
1125 3534 1282 3581 not-vltis
1299 3536 1378 3579 etiam
1393 3536 1471 3589 inira,

230 3621 263 3653 ·n.
270 3608 321 3652 mot
333 3640 339 3661 ,
349 3608 392 3652 ubi
403 3607 497 3652 dlcitur
507 3606 568 3661 quid
579 3613 638 3661 post
648 3607 731 3651 latum
741 3607 898 3653 Marcbionls
908 3609 941 3652 de
951 3608 1057 3653 Vltlena
1068 3607 1153 3661 egerit
1164 3606 1321 3651 Franciseus
1336 3606 1444 3660 Borgis.

280 3678 293 3711 ¹
320 3677 424 3722 Omittit
435 3677 565 3721 Polsncus
575 3689 668 3722 nomen
678 3680 759 3733 urbls,
769 3679 795 3723 ln
805 3690 856 3733 que
868 3686 930 3723 tunc
938 3677 1009 3733 Meg.
1020 3678 1107 3723 Canus
1122 3679 1293 3731 versabatur,
1308 3677 1354 3721 sed
1370 3682 1473 3721 constet

232 3751 346 3795 abunde
355 3748 503 3795 vallisoleti
513 3750 579 3793 haec
589 3756 651 3794 acta
661 3750 750 3794 lulsse.
765 3751 896 3795 Audiatur
913 3750 1107 3801 Rrvsnsssrnn,
1123 3748 1246 3793 Historia
1256 3760 1303 3795 ms.
1314 3750 1347 3793 de
1357 3749 1401 3793 las
1410 3748 1474 3793 Pro·

239 3824 347 3867 vinem
356 3823 390 3866 de
404 3822 528 3877 aspona,
538 3822 583 3865 lib.
592 3832 630 3874 ιιι,
641 3833 697 3877 cap.
706 3822 728 3871 7.
739 3828 759 3867 t.
769 3834 789 3873 1.
802 3822 847 3868 tol.
856 3823 909 3867 tot:
925 3823 984 3867 “En
1001 3829 1057 3868 tres
1073 3832 1156 3871 cosas.
1173 3828 1247 3865 entre
1264 3827 1338 3867 otras
1354 3820 1474 3873 muchan,

237 3896 337 3939 nostro
347 3901 402 3938 esse
413 3893 499 3938 Perire
510 3892 588 3947 [Mag.
599 3892 694 3947 Canus]
705 3895 732 3938 le
746 3896 816 3938 mels
831 3895 934 3949 opinion
950 3906 999 3949 que
1016 3894 1088 3938 tenle
1103 3892 1135 3937 de
1152 3895 1191 3937 los
1206 3902 1339 3939 nuestros:
1354 3894 1381 3938 ls
1395 3892 1432 3937 l.⁸
1441 3903 1473 3935 en

229 3965 337 4022 -deciry
348 3966 467 4020 publicar
477 3976 527 4019 que
537 3968 640 4008 eremos
650 3966 827 4019 alumbrsdos,
837 3967 953 4009 dexados
963 3968 1027 4023 ylos
1036 3964 1196 4019 digndstlcos
1204 3966 1326 4019 entiguos
1334 3976 1351 4021 y
1358 3967 1424 4009 unas
1432 3964 1474 4007 del

238 4036 395 4082 Antlerlsro.
405 4036 443 4080 Le
453 4036 491 4081 2.·
500 4048 532 4081 en
540 4046 589 4090 que
599 4036 694 4081 venido
704 4037 729 4080 ei
739 4036 903 4092 Empersdor
912 4037 1004 4082 Certos
1011 4038 1043 4080 de
1052 4037 1090 4081 los
1103 4035 1208 4081 estsdos
1217 4035 1249 4079 de
1257 4034 1395 4081 Flandesa
1405 4046 1475 4080 reeo-

236 4110 342 4162 gersen
359 4106 474 4162 Boneita,
490 4109 600 4162 procuro
615 4108 762 4161 permedio
778 4108 809 4152 de
825 4121 855 4153 su
872 4109 991 4153 contesor
1001 4118 1085 4162 gener
1095 4109 1121 4152 sl
1132 4106 1302 4162 Empersdor,
1319 4106 1474 4161 elmprlmlr

227 4191 270 4223 en
280 4191 310 4223 su
324 4182 407 4233 pecbo
424 4180 450 4223 la
464 4179 535 4222 mala
546 4178 649 4233 oplnion
659 4190 708 4233 qne
719 4180 744 4223 el
754 4182 826 4223 renis
842 4179 873 4223 de
887 4186 1021 4233 nosotros,
1039 4192 1056 4237 y
1073 4178 1148 4224 darle
1165 4182 1181 4223 a
1198 4178 1323 4223 entender
1340 4189 1389 4234 que
1406 4178 1428 4222 sl
1447 4179 1470 4222 el

236 4249 321 4295 'rusco
332 4249 447 4303 quislers
457 4248 574 4293 destruit
584 4251 599 4292 a
611 4247 725 4303 Espans,
736 4261 768 4294 no
778 4251 888 4305 purtem
900 4251 987 4294 baller
997 4257 1076 4305 genre
1085 4261 1151 4305 para
1162 4251 1269 4294 hecerlo
1280 4253 1336 4294 mas
1351 4253 1367 4294 t
1382 4252 1475 4307 propo-

227 4323 287 4365 ·tosl
300 4332 349 4374 que
359 4320 399 4364 los
407 4320 438 4363 de
450 4322 475 4364 le
486 4320 688 4374 compellata
700 4320 746 4369 v.
762 4322 857 4366 vienlo
874 4334 924 4376 que
935 4322 1009 4365 todos
1027 4326 1096 4365 estos
1107 4321 1205 4365 medios
1214 4334 1232 4379 y
1242 4322 1406 4377 diligencius,
1425 4333 1474 4377 que

238 4392 319 4436 habia
330 4392 420 4444 usado,
431 4402 464 4435 no
475 4393 498 4435 le
509 4392 602 4443 sellan,
613 4402 641 4434 se
651 4402 716 4445 poso
727 4403 787 4450 muy
797 4394 829 4438 de
845 4394 978 4448 proposito
990 4396 1005 4437 a
1016 4394 1071 4437 leer
1087 4403 1119 4436 en
1136 4392 1286 4438 Vallsdolid
1302 4392 1399 4449 (donde
1415 4395 1431 4436 t
1448 4394 1475 4436 la

235 4474 318 4507 sazou
328 4464 421 4507 eetebs
432 4464 458 4507 la
473 4464 565 4517 corte).
578 4464 619 4507 lss
634 4464 760 4517 epistolas
775 4476 823 4518 que
839 4464 892 4509 San
907 4465 989 4509 Peblo
1006 4463 1143 4509 escriblot
1159 4464 1277 4509 Timoteo
1292 4476 1322 4509 su
1335 4465 1471 4519 discipulo,

236 4541 332 4578 contra
341 4535 368 4576 la
378 4532 524 4584 Campanis
533 4546 551 4591 y
561 4535 800 4589 interpretantem
810 4538 827 4580 a
836 4546 866 4580 su
877 4538 962 4590 modo,
972 4548 990 4592 y
1000 4534 1215 4581 estendallzsndo
1226 4540 1242 4581 t
1252 4537 1278 4581 le
1288 4541 1423 4590 pentecon
1430 4546 1475 4579 sus

230 4614 374 4661 nzoaesy
384 4606 508 4659 pslsbrss
518 4636 531 4657 „
538 4604 605 4648 Vide
616 4606 696 4649 erlem
708 4604 803 4650 carras
813 4606 847 4650 de
857 4606 914 4650 San
924 4606 1044 4660 tgnaclo,
1054 4610 1072 4649 t.
1084 4614 1111 4658 n,
1121 4616 1175 4661 pez
1193 4606 1234 4651 ult
1243 4612 1271 4650 et
1281 4616 1343 4661 seq,
1354 4612 1442 4651 annot.
1452 4604 1476 4659 2,

231 4683 267 4720 et
277 4676 369 4720 stetim
379 4676 456 4732 inire,
467 4687 490 4720 ιι.
500 4677 563 4720 2715-
568 4676 627 4721 2725.
