3642 5350
833 440 896 503 Aa.
918 440 989 504 1556
1349 494 1356 507 ,
1469 431 1524 503 787

303 631 304 635 =
342 586 443 655 3384.
480 586 640 669 ι(ὶιιίᾱειιιι
661 588 752 654 alius
771 586 952 668 sacerdos,
979 604 1061 652 cum
1084 587 1299 669 intelligeret
1323 586 1424 652 Goae
1450 604 1523 652 non

292 714 427 780 paucos
441 696 541 763 viros
559 714 653 777 esse,
674 712 825 778 quorum
842 712 975 760 uxores
993 696 1030 760 in
1049 694 1269 776 Portugallia
1291 712 1336 760 ex
1355 694 1523 760 diuturna

293 804 451 887 ipsorum
465 804 626 869 absentia
640 804 767 885 gravia
780 802 991 868 detrimenta
1001 802 1240 884 patiebantur,
1253 801 1414 867 decrevit
1425 812 1530 884 quot·-

295 920 382 993 quot
394 922 514 993 posset
529 929 574 977 ex
588 910 656 975 illis
671 910 874 976 hominibus
889 928 932 974 eo
948 908 1142 989 adducere,
1158 919 1196 975 ut
1213 910 1249 974 in
1268 907 1526 990 Portugalliam

296 1018 463 1097 redirent,
476 1028 511 1084 et
526 1036 547 1083 a
562 1027 699 1100 septem
709 1019 767 1082 vel
778 1027 860 1083 octo
872 1017 918 1082 ex'
930 1016 983 1081 eis
994 1016 1030 1081 id
1041 1016 1256 1099 impetravit,
1270 1016 1342 1098 qul,
1356 1025 1528 1098 tanquam

296 1125 340 1191 de
355 1140 463 1195 manu
476 1124 545 1190 Dei
555 1124 832 1190 admonitionem
843 1123 1081 1203 admittentes,
1094 1123 1130 1188 in
1143 1122 1399 1204 Portugalliam
1411 1124 1527 1206 primo

296 1248 434 1315 quoque
449 1240 607 1313 tempore
621 1232 795 1312 navigare
810 1232 1082 1297 constituerunt.

355 1336 446 1405 3385.
489 1337 580 1406 Aliis
604 1338 724 1403 multis
747 1336 931 1429 militibus,
958 1337 1018 1419 qui
1042 1338 1078 1401 in
1104 1344 1251 1419 peccato
1275 1337 1418 1403 mortali
1442 1354 1523 1403 cum

297 1444 505 1517 concubinis
520 1446 765 1524 versabantur,
782 1444 971 1525 persuasit,
991 1454 1030 1509 ut
1049 1460 1112 1509 eas
1133 1445 1170 1508 in
1194 1460 1326 1509 uxores
1344 1444 1527 1524 ducerent,

297 1554 395 1619 etita
410 1552 447 1623 id
460 1552 636 1633 feceruut3
651 1552 712 1618 alii
727 1561 846 1617 autem
860 1552 1080 1617 concubinas
1092 1551 1313 1633 dimiserunt,
1329 1561 1365 1617 et
1388 1552 1528 1633 peccati

298 1660 525 1726 occasionem
538 1658 800 1742 praeciderunt.

359 1768 404 1833 Et
418 1767 507 1834 haec
521 1768 566 1833 de
580 1766 714 1833 Goensi
727 1765 899 1847 Collegio.

516 2215 580 2280 DE
601 2213 833 2281 COLLEGIO
854 2213 1046 2281 BAZAINI
1067 2214 1129 2279 ET
1149 2212 1317 2281 TANAA

362 2626 454 2694 3386.
497 2626 619 2694 Tanau
640 2625 706 2692 luit
724 2626 914 2708 aliquando
934 2627 1106 2710 populosa
1125 2635 1161 2692 et
1180 2625 1332 2708 insignis
1346 2628 1532 2710 gentilium

212 2791 217 2802 .
305 2738 446 2818 civitas,
462 2736 556 2820 quod
571 2734 813 2800 aedificiorum
825 2735 950 2800 ruinae
960 2736 1183 2799 testabantur
1196 2735 1217 2816 ¹3
1230 2746 1278 2815 et,
1291 2746 1434 2816 praeter
1444 2737 1535 2802 alios

304 2844 470 2924 artifices,
486 2844 641 2926 quinque
654 2841 764 2907 millia
778 2851 958 2908 textorum
971 2843 1078 2906 serici
1091 2841 1222 2907 ibidem
1242 2843 1352 2908 luisse
1373 2844 1533 2910 fereban-

305 2963 372 3018 tur.
389 2952 424 3017 A
437 2951 620 3017 saracenis
634 2968 677 3016 ea
691 2950 820 3016 civitas
830 2951 1004 3015 subversa
1017 2950 1094 3031 luit,
1111 2960 1146 3015 et
1160 2967 1281 3016 arcem
1296 2961 1435 3018 tantum
1446 2954 1535 3019 satis

306 3061 477 3126 munitam
492 3057 776 3137 reaedificarunt;
792 3057 889 3122 seda
906 3057 1069 3123 lusitanis
1084 3057 1166 3123 inde
1184 3057 1287 3139 ejecti
1306 3069 1407 3140 sunt,
1423 3061 1536 3142 quiin

305 3185 406 3234 suam
420 3174 633 3248 potestatem
647 3182 727 3230 eam
742 3164 925 3230 civitatem
939 3181 1020 3229 cum
1035 3182 1119 3229 arce
1133 3165 1364 3247 redegerunt,
1387 3177 1422 3233 et
1442 3168 1538 3234 idola

305 3292 349 3341 ac
363 3276 448 3341 iana
461 3273 613 3356 plurima
627 3281 848 3352 everterunt,
865 3283 900 3336 et
914 3273 1022 3338 etiam
1037 3290 1131 3338 nunc
1145 3274 1234 3338 satis
1253 3290 1386 3355 magua
1408 3276 1537 3341 civitas

306 3392 372 3464 est,
397 3398 478 3447 cum
502 3380 603 3447 multi
625 3397 668 3444 eo
692 3379 910 3444 confluerent
935 3381 1100 3460 gentiles,
1119 3370 1295 3446 idolorum
1314 3383 1468 3448 cultores
1494 3400 1538 3448 ac

308 3489 403 3572 ignis
421 3489 629 3571 praecipue,
649 3495 685 3552 et
704 3487 885 3568 saraceni,
908 3487 968 3570 qui
987 3487 1079 3553 inter
1098 3504 1137 3552 se
1157 3489 1359 3554 contrarias
1381 3499 1501 3555 sectas
1526 3489 1539 3522 ⁸

308 3597 491 3675 fovebant,
509 3594 619 3678 aliqui
633 3595 740 3660 etiam
753 3594 814 3676 qui
828 3593 1040 3659 videbantur
1053 3593 1210 3660 hebraei.

368 3703 460 3770 3387.
502 3703 595 3768 Huic
609 3719 696 3783 ergo
710 3712 745 3767 et
760 3703 839 3768 aliis
856 3702 982 3768 vicinis
995 3702 1148 3794 populis,
1164 3703 1225 3786 qui
1238 3721 1311 3770 non
1322 3703 1538 3770 mediocrem

310 3811 534 3894 provinciam
555 3810 789 3890 constituunt,
811 3809 955 3874 lusitani
977 3809 1262 3876 dominabantur.
1282 3811 1337 3876 Ex
1357 3814 1540 3879 saracenis

311 3929 430 3985 autem
449 3917 588 3997 vicinis,
610 3925 644 3982 et
664 3916 772 3982 etiam
789 3916 915 3981 incolis
934 3915 1092 3998 ejusdem
1106 3917 1264 3983 civitatis
1278 3917 1415 4001 Tanaa,
1430 3921 1541 4002 aliqui

312 4026 461 4091 subinde
475 4024 522 4090 ad
536 4024 668 4090 Christi
683 4023 787 4090 fidem
800 4022 1032 4088 accedebant.

371 4131 462 4198 3388.
506 4131 626 4198 Nostri
647 4147 753 4212 ergo,
769 4131 830 4213 qui
849 4131 993 4196 domum
1011 4138 1047 4195 et
1065 4131 1254 4196 ecclesiam
1278 4132 1326 4196 ibi
1351 4132 1542 4215 habebant,

313 4259 451 4323 semper
467 4241 606 4324 aliquos
618 4239 895 4304 catechumenos
906 4239 944 4302 in
954 4237 1071 4319 domo,
1087 4249 1232 4304 nostrae
1246 4239 1378 4321 vicina,
1392 4240 1543 4309 adhunc

315 4349 431 4431 ipsum
444 4347 608 4413 effectum
622 4353 839 4426 constructa,
856 4345 1044 4411 habebant.
1059 4345 1177 4411 Aliam
1189 4355 1307 4411 autem
1317 4349 1544 4417 remotiorem

358 4625 366 4659 ¹
397 4623 493 4670 Confer
502 4635 569 4680 quae
580 4623 691 4668 dlxlmur
700 4633 787 4678 supra,
799 4629 817 4668 t.
827 4634 864 4677 ιν,
873 4633 934 4679 pan.
943 4622 992 4676 666.
1003 4632 1029 4668 n.
1040 4620 1100 4677 ibat,
1111 4624 1232 4668 annoti.

358 4696 370 4731 ί
398 4696 444 4748 liu,
454 4695 500 4752 qul
511 4697 583 4742 anter
591 4705 622 4741 aa
633 4695 787 4741 contrarias
797 4705 857 4739 em
865 4694 1101 4752 sectarsovebant.
