3642 5350
384 449 421 508 68
833 447 963 510 Canon.
986 449 1063 511 Soc.
1088 449 1160 523 Jas.

385 611 449 674 per
464 596 636 659 muliones
652 595 781 660 deferri
796 605 972 677 poterant;
988 614 1071 660 nam
1086 607 1224 660 tantum
1238 596 1281 660 de
1299 599 1395 660 victu
1418 597 1504 661 inita
1518 598 1615 661 ratio

383 713 448 766 est.
465 703 518 767 Ea
533 704 625 767 enirn
642 703 769 766 civitas
784 703 889 766 rebus
904 703 1117 766 necessariis
1136 703 1304 781 abundat,
1325 705 1475 783 pecunia
1494 720 1609 784 pauca

382 809 511 874 ibidem
536 811 724 874 invenitur.
752 809 927 874 Dominus
951 808 1114 890 Doymus
1135 810 1279 874 domum
1307 828 1409 873 suam
1435 810 1482 874 ad
1505 827 1612 874 usum-

382 918 509 980 horum
522 917 651 997 viginti
665 916 844 995 offerebat,
861 916 1010 980 etmulti
1025 933 1171 997 prorsus
1192 915 1305 980 Roma
1325 927 1363 980 ut
1378 918 1424 980 ad
1442 916 1611 998 pacatam

381 1025 574 1102 civitatem,
590 1034 629 1087 ut
643 1025 812 1087 tumultus
827 1024 998 1089 bellorum
1013 1023 1186 1102 fugerent,
1204 1024 1386 1088 Ameriam
1405 1027 1605 1090 veniebant.

440 1131 511 1194 212.
554 1130 645 1210 Quia
660 1141 777 1194 tamen
793 1131 831 1194 P.
848 1130 1000 1194 Michael
1014 1131 1170 1194 Botellus
1188 1133 1324 1210 melius,
1341 1133 1458 1213 quoad
1472 1134 1606 1197 valetu-

381 1239 514 1314 dinem,
540 1237 674 1302 Romae
699 1255 806 1319 quam
830 1237 998 1301 Ameriae
1026 1238 1250 1301 habitaturus
1277 1238 1476 1316 videbatur,
1502 1249 1607 1320 prout

382 1346 474 1410 idem
489 1345 651 1426 Doymus
670 1345 858 1423 scribebat;
875 1355 914 1408 ut
928 1353 1047 1424 posset
1072 1345 1153 1407 inde
1173 1346 1348 1422 revocari,
1369 1349 1497 1409 missus
1516 1356 1569 1409 est
1584 1364 1606 1409 a

379 1454 417 1518 P.
434 1453 580 1517 Vicario
606 1450 644 1513 Ρ.
661 1451 837 1530 Georgius
852 1450 1008 1528 Passius,
1025 1451 1153 1514 sardus
1170 1451 1190 1530 ¹,
1212 1469 1292 1515 curn
1310 1451 1438 1536 Fratre
1453 1452 1606 1515 Alexan·

379 1561 443 1623 dro
466 1558 661 1622 Albanensi
689 1576 731 1622 ac
751 1557 950 1620 Leonardo.
971 1555 1199 1638 Aliquamdiu
1219 1558 1310 1620 enirn
1326 1556 1338 1588 ¹
1352 1558 1400 1620 ibi
1422 1560 1551 1622 mansit
1565 1557 1603 1620 P.

379 1648 529 1730 lllicbael
544 1665 721 1744 Ameriae,
742 1665 871 1745 partim
885 1665 974 1727 utin
990 1665 1161 1729 concione
1176 1665 1393 1744 significaret
1414 1666 1607 1731 adventum

377 1774 416 1837 P.
438 1773 596 1853 Georgii,
622 1772 752 1853 partim
778 1783 815 1835 ut
840 1771 886 1835 ad
910 1772 1038 1834 festum
1063 1770 1228 1835 Omnium
1248 1770 1461 1835 Sanctorum
1486 1773 1522 1835 in
1544 1791 1602 1836 au·

377 1880 514 1946 diendfs
529 1879 810 1942 confessionibus
825 1879 989 1942 eumdem
1004 1890 1123 1960 posset
1135 1876 1274 1957 juvare:
1290 1880 1390 1942 multi
1405 1880 1499 1943 enim
1513 1877 1602 1958 ejus-

379 1989 459 2052 dem
478 1987 710 2051 concionibus
728 1987 825 2064 moti,
848 1985 893 2048 ad
914 1985 1113 2066 hujusmodi
1134 1985 1375 2049 confessiones
1394 2004 1432 2049 se
1457 2004 1603 2067 praepa·

376 2095 515 2170 rabant;
532 2094 658 2174 quibus
679 2093 845 2173 peractis,
872 2091 1024 2155 Romam
1048 2091 1165 2171 rediit,
1186 2093 1350 2172 quamvis
1364 2109 1445 2156 curn
1471 2109 1607 2172 magno

375 2201 508 2264 doloris
528 2217 634 2264 sensu
650 2199 779 2264 civitas
801 2196 877 2277 ejus
901 2215 1083 2262 recessum
1106 2198 1200 2278 tulit,
1223 2216 1314 2279 quae
1335 2199 1449 2279 ipsum
1470 2209 1504 2262 et
1522 2199 1603 2263 dile·

374 2309 491 2372 ctione
506 2317 541 2371 et
554 2307 783 2370 veneratione
797 2322 931 2385 magna
946 2306 1235 2386 prosequebatur.

433 2413 505 2479 213.
548 2413 653 2478 Pater
674 2422 792 2476 autem
813 2411 991 2491 Georgius
1010 2412 1152 2475 vineam
1173 2412 1316 2477 Domini
1330 2414 1525 2477 amerinam
1545 2432 1603 2476 ex·

374 2521 489 2586 colere
504 2539 569 2602 pro
586 2521 678 2584 virili
693 2529 793 2600 parte
809 2519 955 2598 studuit,
976 2528 1010 2581 et
1031 2520 1067 2581 in
1087 2519 1250 2583 doctrina
1264 2520 1461 2583 christiana
1477 2520 1602 2584 docen-

372 2631 472 2693 dact
493 2630 530 2695 in
552 2627 833 2693 confessionibus
859 2625 1043 2690 audiendis
1069 2643 1146 2690 sese
1172 2643 1340 2692 exercere
1360 2628 1488 2709 coepit;
1510 2637 1545 2691 et
1564 2628 1602 2694 in

373 2738 578 2801 monialium
592 2734 818 2799 monasteriis
833 2734 1023 2798 conciones
1037 2734 1169 2797 habere
1183 2743 1217 2797 et
1239 2735 1284 2797 ad
1311 2752 1365 2812 ea,
1389 2753 1481 2816 quae
1496 2735 1600 2815 perti·

372 2843 502 2907 nebant
518 2843 563 2906 ad
578 2843 783 2920 religiosum
798 2841 1008 2918 institutum,
1025 2842 1198 2903 moniales
1218 2842 1401 2904 exhortari
1417 2842 1603 2922 pergebat.

371 2952 520 3015 Etcum
545 2949 581 3012 in
607 2948 821 3013 monasterio
845 2946 928 3011 SA·e
953 2945 1168 3010 Catharinae
1197 2948 1371 3027 quaedam
1396 2951 1600 3026 generalem

371 3056 629 3121 confessionem
644 3055 823 3133 fecissent,
839 3054 897 3134 pia
914 3054 1150 3117 aemulatione
1165 3072 1209 3117 ac
1224 3054 1364 3118 fervore
1383 3055 1457 3117 fere
1477 3072 1602 3119 omnes

370 3165 574 3243 generalem
589 3161 790 3243 hujusmodi
805 3160 1063 3223 confessionem
1078 3161 1109 3222 ei
1124 3160 1283 3224 fecerunt
1298 3171 1331 3223 et
1352 3160 1397 3224 ad
1418 3160 1484 3224 Dei
1505 3179 1599 3225 arno·

370 3288 445 3335 rem
465 3270 706 3351 quaerendum
725 3270 875 3332 sollicite
897 3268 1146 3331 incumbebant
1161 3266 1182 3331 ⁸.
1208 3268 1355 3332 Curavit
1374 3280 1412 3331 ut
1427 3268 1602 3333 advitam

371 3394 595 3441 communem
620 3392 742 3439 omnes
767 3375 938 3453 redirent;
960 3386 995 3437 et
1015 3375 1177 3454 quamvis
1197 3374 1356 3438 dicerent
1371 3376 1465 3456 quod
1479 3393 1599 3439 mona·

372 3486 517 3549 sterium
546 3486 615 3547 tale
641 3484 861 3561 invenerant,
885 3498 966 3544 cum
988 3482 1073 3545 illud
1095 3482 1278 3561 ingressae
1298 3481 1453 3561 fuerant,
1476 3482 1599 3547 nihilo·

373 3593 488 3657 minus
507 3591 705 3673 pecuniam,
722 3607 830 3670 quam
849 3589 1040 3667 habebant,
1062 3587 1273 3652 Abbatissae
1298 3589 1472 3653 dederunt
1497 3598 1598 3670 quot-

410 3907 419 3942 Ι
447 3906 486 3951 De
502 3905 529 3950 P.
546 3902 658 3957 Georglo
674 3902 763 3947 Passio
779 3902 844 3944 haec
859 3899 891 3945 D.
907 3900 998 3943 Doimo
1008 3901 1139 3944 scribebat
1150 3900 1286 3955 Polancus,
1297 3914 1330 3945 ex
1339 3914 1404 3946 corn.
1416 3902 1473 3947 Vic.
1484 3902 1558 3958 Gen,
1569 3898 1596 3948 23

371 3979 471 4025 Octob:
482 3976 519 4022 “E
528 3977 553 4021 dl
564 3976 667 4021 natione
678 3974 763 4019 Sarda
773 3980 799 4018 et
809 3984 921 4029 persona
931 3973 1015 4016 nobile
1026 3980 1052 4017 et
1068 3974 1114 4017 che
1129 3973 1164 4017 ha
1178 3974 1288 4018 fasciato
1303 3974 1400 4019 diversi
1414 3977 1561 4020 canonicati
1571 3983 1597 4021 et
1616 3971 1618 3974 ’

369 4050 483 4097 benefitii
493 4051 540 4094 clre
553 4056 656 4093 tenera:
668 4054 694 4091 et
703 4057 737 4089 va
747 4056 795 4089 con
810 4046 891 4088 molta
906 4043 1043 4087 devotione
1058 4055 1105 4097 per
1120 4046 1223 4089 alutare
1238 4046 1349 4089 secondo
1364 4046 1470 4091 l'ordine
1481 4048 1531 4092 del·
1541 4048 1599 4092 obe·

369 4124 467 4169 dientla
477 4124 544 4167 nelle
555 4131 614 4165 cose
624 4117 753 4174 spirituall
766 4119 792 4161 la
802 4118 876 4160 cirta.
887 4115 937 4159 Dio
947 4116 978 4159 N.
989 4114 1040 4158 Ss·
1055 4117 1080 4159 1ο
1091 4116 1176 4160 faccia
1186 4118 1357 4161 instrumento
1367 4119 1409 4162 del
1419 4130 1465 4162 suo
1476 4118 1599 4173 servlglo.

368 4196 424 4239 Non
434 4196 469 4238 ha
478 4204 542 4239 voce
553 4204 583 4235 ne
592 4191 757 4236 lncllnatlone
768 4200 814 4243 per
824 4188 968 4239 predicare,
977 4199 1020 4231 ma
1034 4198 1081 4230 con
1092 4189 1115 4230 le
1126 4189 1289 4243 confessioni,
1300 4190 1413 4234 asercltii
1429 4190 1559 4245 spirltuall
1570 4198 1598 4238 et

367 4274 443 4311 santo
453 4264 578 4319 essentplo
589 4270 614 4307 et
625 4261 831 4315 conversatione,
839 4260 908 4303 oltra
919 4260 942 4302 le
952 4270 1035 4302 messe
1046 4260 1184 4313 ordinarle,
1196 4261 1302 4304 aintara
1311 4261 1330 4304 ll
1339 4263 1492 4316 proximi...„

406 4338 419 4371 ί
446 4337 551 4381 Rectius
562 4335 681 4379 fortassis
691 4334 822 4377 dlceretur
831 4334 932 4375 autern.

407 4408 419 4440 ⁵
446 4408 570 4452 Civitatls
580 4408 711 4450 amerinae
721 4404 872 4449 sacerdotes
882 4404 1043 4458 scripserant
1057 4403 1130 4447 Patrl
1142 4402 1248 4447 Vicarlo
1262 4403 1393 4458 Generall,
1408 4412 1436 4449 nt
1450 4405 1551 4458 copiam
1560 4404 1598 4449 fa·

369 4488 440 4527 ceret
456 4482 483 4523 P.
498 4478 610 4532 Georgio
625 4476 742 4521 audiendl
760 4477 785 4520 ln
800 4476 959 4519 confessione
977 4476 1102 4518 moniales
1119 4476 1190 4519 Stae.
1209 4474 1368 4519 catharinae
1390 4476 1445 4520 illis
1460 4476 1599 4530 Polancns,

369 4564 402 4599 ex
412 4565 477 4598 conr.
489 4551 546 4595 Vlc.
559 4550 631 4601 Gen„
642 4549 669 4592 22
678 4548 811 4599 Novemb,
822 4547 918 4591 lltteris
925 4546 953 4589 al
961 4546 1031 4590 clero
1041 4546 1120 4596 datis,
1129 4548 1260 4602 respondit
1268 4548 1406 4591 secundum
1414 4560 1491 4592 sensa
1498 4552 1598 4591 nostra-

366 4638 424 4670 rum
434 4620 659 4668 constitutionum.
671 4620 742 4663 Patri
757 4627 844 4663 autem
856 4618 968 4671 Georglo
983 4619 1131 4671 reserlpsit:
1146 4618 1158 4639 ‘¹
1167 4618 1192 4662 V.
1205 4618 1235 4661 R.
1250 4622 1330 4673 porra
1346 4619 1500 4675 consessore
1517 4630 1571 4662 una
1581 4629 1599 4662 n

367 4698 420 4741 dire
431 4696 499 4741 volte
510 4695 534 4738 le
546 4692 673 4737 rrrorracfre
684 4692 715 4735 rie
727 4692 775 4735 SA*
792 4690 940 4735 catharina
949 4721 961 4743 „
