3642 5350
823 406 886 467 An.
909 404 979 467 1556
1002 463 1005 470 ,
1457 410 1513 472 too

285 559 320 616 et
335 550 462 632 viginti
477 551 603 616 diebus
622 552 797 633 OctobriS,
814 553 875 619 alii
889 553 1111 634 professores
1126 556 1315 622 vacabant.
1336 555 1380 620 Et
1394 556 1444 620 ita
1464 556 1510 620 ab

286 675 357 722 uno
378 658 520 723 milliari
534 660 740 739 germanico
763 660 930 726 reductus
948 660 1024 742 fuit,
1045 673 1080 726 et
1099 677 1184 727 suas
1203 664 1373 729 lectiones
1392 679 1511 745 prose·

285 774 398 831 cutus.
1082 830 1085 835 .

348 873 436 938 1734.
478 875 612 940 Ultimo
632 885 749 941 autem
768 877 916 941 sabbato
938 875 1114 957 Octobris,
1134 879 1200 941 sub
1214 877 1339 942 eodem
1352 877 1511 943 Doctore

285 981 495 1063 Coviglonio
510 982 672 1063 publicae
686 984 856 1048 lectiones
870 984 1072 1063 theologiae
1091 1002 1113 1048 a
1131 985 1303 1064 magistro
1322 983 1484 1049 Gerardo
1500 985 1509 1016 ¹

284 1098 408 1153 nostro
428 1088 593 1155 defensae
613 1089 767 1173 fuerunt,
784 1091 933 1155 etmulti
952 1110 997 1155 ex
1011 1091 1225 1155 Doctoribus
1243 1090 1508 1171 Universitatis,

283 1204 319 1260 et
338 1196 430 1261 inter
448 1214 510 1261 eos
528 1198 597 1262 duo
617 1196 837 1279 professores
861 1198 1073 1279 theologiae,
1100 1207 1225 1263 contra
1250 1216 1331 1263 eum
1353 1197 1508 1280 disputa·

282 1313 375 1379 runt;
393 1304 455 1368 sed
470 1305 528 1385 qui
549 1304 784 1388 respondebat
803 1306 853 1370 ita
871 1322 910 1368 se
929 1305 1051 1385 gessit,
1067 1313 1106 1369 ut
1127 1322 1198 1369 non
1218 1305 1432 1370 mediocrem
1450 1304 1509 1370 do·

283 1411 418 1475 ctrinae
430 1412 729 1476 existimationem
739 1412 807 1476 sibi
818 1411 1075 1492 conciliaverit,
1088 1428 1170 1477 cum
1181 1420 1255 1477 tam
1264 1413 1353 1477 bene
1364 1429 1508 1493 respon·

281 1518 391 1595 deret,
407 1527 447 1583 ut
461 1519 520 1583 illa
535 1520 571 1583 in
586 1536 696 1583 arena
710 1534 862 1599 regnare
877 1519 1068 1583 videretur.

346 1625 433 1691 1735.
478 1627 516 1691 ln
541 1628 665 1708 vigilia
690 1636 808 1691 autem
833 1627 991 1692 omnium
1012 1625 1236 1705 Sanctorum,
1261 1627 1327 1692 sub
1352 1626 1508 1692 Doctore

281 1734 498 1814 Hermanno,
525 1734 618 1815 Mag.
644 1733 826 1801 Hurtadus
850 1734 961 1799 Perez
987 1734 1182 1816 positiones
1206 1735 1315 1799 etiam
1338 1734 1507 1816 theologi·

281 1859 354 1921 cas,
381 1858 463 1907 cum
489 1842 593 1906 simili
619 1842 819 1907 auditorum
833 1842 1088 1922 satisfactione,
1104 1842 1227 1921 tenuit,
1243 1852 1279 1908 et
1303 1841 1508 1907 scholastici

281 1948 421 2032 quidem
437 1949 687 2015 Universitatis
701 1949 997 2031 disputationibus
1011 1947 1103 2013 allici
1116 1947 1341 2029 videbantur,
1357 1947 1403 2012 ad
1417 1966 1506 2030 quas

280 2055 481 2138 frequentes
496 2055 712 2122 accedebant
727 2068 761 2121 et
776 2057 821 2121 ad
835 2056 941 2120 finem
952 2073 1062 2138 usque
1076 2056 1324 2136 expectabant.

344 2164 432 2229 1736.
475 2164 566 2230 Aliis
580 2175 699 2230 tamen
714 2164 929 2229 Doctoribus
938 2164 1115 2244 theologis
1125 2164 1294 2229 inusitata
1305 2163 1395 2229 haec
1406 2181 1504 2232 exer·

279 2273 400 2337 citatio
415 2272 617 2354 disputandi
632 2290 701 2336 non
717 2272 862 2355 perinde
877 2272 1051 2353 placebat,
1067 2280 1102 2335 et
1116 2270 1195 2336 ideo
1207 2270 1346 2336 difficile
1362 2271 1504 2339 videba·

277 2390 335 2444 tur
349 2381 442 2444 hanc
461 2381 751 2445 consuetudinem
772 2379 807 2443 in
826 2379 968 2444 scholas
988 2378 1166 2443 inducere.
1189 2378 1271 2444 Ideo
1285 2397 1357 2443 non
1377 2380 1504 2445 mirum

277 2496 342 2567 est,
360 2488 389 2551 si
404 2488 551 2567 frigeret
569 2488 760 2567 theologia,
784 2484 884 2567 cujus
904 2485 1059 2551 studium
1081 2482 1149 2550 'in
1170 2485 1371 2567 hujusmodi
1393 2496 1504 2551 certa·

277 2596 371 2661 mine
385 2597 473 2661 solet
493 2596 719 2660 incalescere.

339 2703 425 2767 1737.
470 2703 524 2768 Ex
546 2721 615 2784 quo
637 2712 754 2768 autem
775 2703 889 2767 nostri
908 2712 1099 2784 coeperunt
1115 2703 1339 2783 praelegere,
1356 2703 1444 2766 alter
1459 2718 1504 2765 ex
1540 2757 1543 2762 .

276 2812 355 2876 aliis
370 2809 628 2892 professoribus
647 2810 834 2876 alectione
857 2809 1036 2874 abstinuit.
1059 2809 1154 2874 Satis
1174 2809 1267 2874 enim
1288 2808 1504 2873 exercitatos

276 2936 354 2983 esse
369 2927 512 2983 nostros
526 2919 721 2998 theologos,
738 2928 773 2982 et
787 2918 946 3000 pluribus
960 2934 1050 2998 opus
1071 2933 1142 2981 non
1164 2933 1243 2980 esse
1263 2916 1300 2980 in
1320 2915 1502 2981 Universi·

276 3034 360 3107 tate,
376 3025 526 3090 dicebat.
539 3024 715 3090 Numerus
726 3025 834 3089 etiam
844 3021 1046 3089 auditorum
1056 3039 1250 3105 progressu
1262 3023 1431 3105 temporis
1442 3022 1503 3092 im·

276 3133 386 3198 minui
400 3133 527 3214 coepit,
544 3141 578 3196 et
593 3149 636 3196 ea
651 3132 694 3198 de
710 3149 819 3197 causa
833 3130 870 3195 Ρ.
891 3131 1066 3211 Canisius,
1084 3129 1381 3212 quemadmodum
1395 3130 1503 3195 Vien-

277 3257 355 3320 nae,
371 3249 514 3305 nostros
528 3242 635 3305 etiam
649 3239 904 3321 grammaticos
917 3238 1042 3304 adesse
1053 3238 1263 3303 lectionibus
1273 3236 1396 3318 voluit;
1409 3238 1502 3320 quod

276 3349 364 3430 ipsis
376 3348 518 3430 quidem
534 3363 659 3429 parum
675 3346 758 3411 utile
773 3357 861 3427 erat,
878 3344 943 3410 sed
955 3345 1002 3410 ad
1016 3361 1203 3410 commune
1217 3345 1348 3410 bonum
1363 3353 1399 3409 et
1413 3345 1498 3410 utili·

275 3465 384 3522 tatem
400 3455 549 3537 Collegii
564 3454 599 3518 id
614 3455 791 3535 pertinere
807 3452 1004 3519 videbatur.

338 3563 425 3628 1738.
468 3562 548 3627 ltali
561 3561 1123 3643 quidaminteralioscollegiales
1137 3561 1392 3641 Ingolstadium
1404 3560 1500 3626 missi

273 3673 423 3748 fuerant
441 3669 504 3735 sed
518 3686 580 3733 eos
596 3667 725 3733 Rector
740 3685 867 3751 parum
878 3669 1010 3734 utiliter
1020 3669 1058 3733 in
1066 3667 1260 3733 Germania
1271 3668 1411 3733 versari
1422 3685 1499 3733 cen·

273 3781 385 3861 sebat;
402 3776 496 3862 quod
511 3777 642 3841 idioma
658 3775 732 3860 ejus
746 3777 900 3841 nationis
915 3774 1119 3858 perdifficile
1135 3786 1282 3857 possunt
1303 3776 1500 3862 addiscere,

272 3896 308 3953 et
321 3897 572 3971 praeceptores
585 3904 777 3969 germanos
791 3904 862 3952 non
874 3884 1123 3965 intelligerent,
1137 3893 1172 3949 et
1182 3884 1277 3948 aeris
1289 3883 1382 3949 illius
1392 3883 1501 3965 impa-

273 3997 399 4061 tientes
414 4005 526 4060 erant.

334 4103 421 4168 1739.
465 4104 570 4170 Pater
584 4113 703 4170 tamen
714 4101 895 4168 Hurtadus
909 4102 998 4166 bene
1009 4117 1156 4182 prorsus
1166 4117 1205 4165 se
1217 4099 1380 4181 habebat,
1393 4101 1501 4164 etiarn

271 4227 352 4278 cum
366 4212 562 4276 cerevisiae
584 4219 686 4294 potu,
710 4211 769 4292 qui
790 4219 908 4274 tamen
928 4207 1075 4288 Romae,
1097 4207 1240 4273 assiduo
1254 4207 1359 4271 valde
1373 4208 1501 4289 capitis

269 4320 392 4385 dolore
404 4319 637 4401 affligebatur.
651 4318 773 4400 Itaque
784 4325 846 4382 aer
858 4326 893 4382 et
904 4317 1023 4382 victus
1032 4317 1260 4398 germanicus
1271 4314 1348 4397 ejus
1358 4315 1503 4382 sanitati

270 4436 306 4493 et
320 4427 456 4494 viribus
476 4428 635 4492 contulit.

293 4635 295 4640 .
310 4600 318 4633 ¹
348 4597 377 4644 fn
388 4610 438 4643 ms.
449 4598 493 4643 hlc
503 4603 529 4642 et
540 4609 619 4654 saepe
629 4597 697 4642 allae
706 4595 830 4642 scribitur
841 4595 983 4648 Gierardo,
993 4593 1152 4650 Girrardus,
1161 4601 1212 4642 etc.

310 4671 322 4704 ¹
350 4669 438 4716 Verba
449 4669 527 4724 cuiue
536 4669 660 4714 studium
671 4670 704 4714 ad
715 4669 866 4714 interiorem
875 4669 987 4724 paginae
998 4679 1070 4714 oram
1080 4668 1175 4724 adleclt
1186 4668 1321 4716 Polaticus.
