3642 5350
814 452 879 513 Art.
900 452 971 513 1555
1453 450 1508 513 m

274 596 496 678 concederet,
519 598 629 663 armis
649 598 878 665 subacturum
899 616 978 664 esse
997 603 1022 680 ¹3
1043 608 1078 663 et
1096 597 1195 678 Rege
1215 597 1252 664 id
1272 596 1507 679 concedente,

274 722 369 770 anno
383 704 546 787 proximo
563 704 641 771 1555
655 723 736 771 cum
755 714 909 788 quatuor
927 704 1110 772 hominum
1128 704 1283 771 millibus
1301 720 1345 769 eo
1364 722 1404 771 se
1423 722 1506 771 con·

275 812 366 890 tulit,
381 812 444 878 sed
458 822 603 895 propter
616 814 767 879 militum
777 812 976 879 discordias
988 830 1035 879 ex
1046 814 1172 880 itinere
1183 812 1299 894 rediit,
1312 812 1376 879 sed
1389 813 1505 879 denuo

275 919 312 984 in
327 918 556 1001 Aethiopiam
569 931 742 986 venturus
757 921 954 987 dicebatur.

335 1025 427 1091 3350.
470 1027 639 1093 Iuventus
664 1036 718 1093 est
742 1028 842 1095 Goae
867 1046 980 1094 senex
1002 1028 1158 1111 quidam,
1177 1024 1326 1093 ¹nomine
1349 1026 1507 1111 Joannes

276 1134 483 1216 Bermudez,
495 1136 554 1217 qui
566 1153 612 1201 ex
621 1134 814 1217 Aethiopia
824 1145 985 1216 venerat,
993 1136 1127 1201 etsein
1138 1134 1386 1199 Patriarcham
1395 1134 1506 1200 fuisse

276 1240 410 1307 Romae
429 1250 678 1308 consecratum
695 1252 855 1324 tempore
873 1242 977 1308 Pauli
994 1241 1062 1308 ΡΡ.
1077 1242 1136 1323 ΙΠ,
1153 1241 1363 1323 affirmabat3
1379 1249 1414 1307 et
1434 1242 1506 1308 Lit-
1615 1234 1619 1241 ’

273 1358 370 1414 teras
384 1348 612 1431 Apostolicas
626 1346 785 1431 ejusdem
795 1349 977 1422 Pontificis
991 1348 1293 1415 luisseconsectas
1303 1348 1457 1430 dicebat;
1469 1358 1506 1414 et
1622 1408 1625 1413 .

275 1456 423 1522 aderant
433 1457 534 1523 Goae
541 1458 783 1539 nonnulli,qui
790 1455 1163 1523 testabantursehunc
1173 1456 1397 1525 hominemin
1405 1456 1506 1523 curia

275 1562 384 1645 Regis
397 1564 638 1646 Portugalliae
656 1564 801 1645 vidisse,
817 1574 853 1629 et
871 1572 911 1629 ut
929 1564 1177 1630 patriarcham
1192 1564 1239 1630 rbi
1252 1563 1363 1629 fuisse
1376 1563 1505 1629 admis-

274 1674 364 1751 sum,
385 1680 420 1736 et
438 1673 677 1753 praecessisse
696 1672 1016 1753 Archiepiscopum
1035 1670 1229 1737 Dominum
1255 1670 1447 1737 Martinum
1468 1672 1505 1736 in

276 1780 407 1844 sacello
422 1780 522 1861 regio
537 1796 618 1844 cum
633 1780 712 1845 aliis
726 1780 896 1861 praelatis
910 1778 934 1844 ¹.
951 1778 1052 1845 Goae
1066 1778 1188 1844 itidem
1199 1795 1282 1845 cum
1295 1789 1428 1860 magno
1444 1796 1503 1859 ap·

277 1895 406 1969 paratu
424 1888 541 1953 suerat
559 1896 731 1969 exceptus
750 1896 785 1952 et
799 1889 836 1952 in
849 1886 1080 1968 Aethiopiam
1098 1888 1230 1952 missus
1243 1902 1325 1951 cum
1338 1886 1384 1951 D.
1405 1886 1504 1952 Chri·

278 1994 448 2076 stophoro
474 2003 509 2060 et
532 1995 652 2060 multis
670 1994 839 2060 militibus
860 1994 935 2059 fere
956 1994 1239 2077 quadringentis,
1260 1995 1325 2059 sed
1349 1989 1507 2059 Litteras

276 2102 502 2184 Apostolicas
521 2120 594 2167 non
607 2102 826 2182 ostendebat,
843 2103 971 2184 quihus
985 2120 1007 2167 a
1020 2102 1132 2167 turcis
1151 2120 1191 2169 se
1209 2102 1400 2185 spoliatum
1412 2102 1506 2168 dice·

277 2212 348 2288 bat,
366 2227 448 2276 cum
461 2210 506 2275 ab
527 2210 613 2291 ipsis
631 2210 776 2275 lusitani
790 2210 972 2291 profligati
984 2209 1145 2275 fuissent.
1161 2210 1207 2277 Et
1220 2218 1299 2275 erat
1312 2209 1373 2292 qui
1388 2209 1504 2293 hujus·

277 2317 371 2383 modi
385 2317 540 2384 Litteras
554 2316 740 2382 sevidisse
754 2325 956 2383 testaretur.
972 2316 1042 2382 Hie
1055 2327 1174 2382 autem
1188 2316 1234 2382 D.
1248 2318 1407 2401 Joannes
1420 2315 1504 2383 Ber·

277 2426 403 2491 mudez
429 2424 468 2489 in
494 2423 717 2490 Lusitaniam
742 2424 1046 2505 proficiscebatur;
1069 2442 1140 2507 qua
1167 2425 1212 2490 de
1233 2442 1273 2490 re
1293 2424 1506 2490 Patriarcha

278 2542 422 2599 nostros
439 2533 636 2613 admonuit,
652 2533 689 2597 in
704 2530 805 2613 cujus
823 2532 952 2597 litteris
969 2533 1066 2597 nulla
1081 2532 1213 2597 mentio
1228 2530 1332 2613 huJus
1351 2531 1506 2597 Patriar-

265 2622 367 2706 ¹chae
380 2639 567 2720 fantasma
583 2648 619 2704 et
633 2640 683 2705 ita
698 2640 787 2706 nihil
796 2640 866 2705 nisi
877 2638 957 2722 jure
968 2638 1044 2706 fieri
1055 2640 1210 2721 volebat,
1222 2648 1257 2705 et
1268 2640 1504 2722 supplendum

277 2765 355 2813 esse
370 2747 464 2813 hunc
479 2747 656 2813 delectum
670 2748 707 2812 in
720 2749 865 2813 Litteris
876 2747 1105 2830 Apostolicis,
1117 2749 1176 2815 vel
1186 2766 1226 2814 se
1236 2748 1505 2813 exonerandum
1519 2785 1523 2792 -

276 2855 461 2921 sentiebat.
486 2856 531 2920 Et
556 2853 624 2920 hoc
649 2855 845 2921 secundum
865 2856 1015 2921 multum
1032 2855 1102 2938 ipsi
1118 2855 1257 2937 gratius
1271 2854 1408 2936 tussa,
1428 2873 1504 2921 non

276 2972 395 3028 tamen
413 2963 602 3045 ignorabat
616 2963 711 3044 quod
729 2963 817 3028 satis
837 2972 932 3028 esset
949 2963 1036 3028 viva
1053 2980 1145 3028 voce
1159 2961 1342 3028 Summum
1361 2961 1504 3028 Pontifi-

275 3087 352 3136 cem
367 3070 551 3137 declarare
565 3087 671 3153 quem
683 3071 792 3135 vellet
804 3069 1036 3136 Patriarchae
1050 3069 1165 3136 officio
1179 3070 1291 3152 fungi.

334 3177 427 3243 3351.
468 3178 508 3243 Id
523 3187 641 3243 tamen
652 3195 716 3260 per
730 3178 862 3244 Christi
873 3179 1023 3244 vulnera
1035 3179 1248 3244 obsecrabat
1259 3179 1299 3245 P.
1314 3177 1505 3260 ignatium,

276 3296 314 3352 ut
328 3287 359 3350 si
373 3286 441 3352 hoc
452 3303 560 3351 onere
571 3285 839 3368 patriarchatus
852 3287 970 3368 ipsum
981 3284 1091 3352 Sedes
1104 3285 1313 3368 Apostolica
1323 3286 1504 3366 liberaret,

274 3395 370 3459 nullo
385 3393 491 3459 modo
507 3393 726 3475 permitteret
740 3393 787 3458 ad
801 3392 913 3474 Regis
921 3410 1047 3475 preces
1058 3393 1167 3458 alium
1181 3394 1250 3475 ipsi
1260 3393 1506 3476 episcopatum

274 3519 296 3564 a
316 3499 462 3596 Summo
482 3500 654 3566 Pontifice
673 3500 840 3580 conferri;
856 3500 953 3565 nullo
974 3500 1068 3565 enim
1088 3501 1193 3565 modo
1212 3518 1252 3565 se
1271 3499 1438 3566 idoneum
1459 3501 1505 3565 ad

274 3608 342 3673 hoc
357 3627 447 3674 onus
461 3607 647 3674 serendum
660 3609 846 3686 sentiebat;
863 3617 898 3673 et
910 3609 1075 3689 quamvis
1085 3608 1123 3673 in
1137 3609 1270 3674 virtute
1284 3608 1506 3674 obedientiae

273 3717 340 3798 ipsi
355 3716 598 3798 injungeretur
612 3725 652 3781 ut
666 3716 774 3780 alium
786 3716 1031 3798 episcopatum
1042 3717 1250 3798 susciperet,
1263 3733 1302 3782 se
1313 3726 1504 3783 venturum

274 3824 320 3888 ad
334 3821 443 3906 pedes
456 3823 637 3889 Pontificis
648 3823 799 3904 dicebat,
812 3831 852 3887 ut
862 3823 894 3888 ei
906 3823 1124 3905 supplicaret
1134 3833 1172 3888 ut
1183 3841 1285 3890 suam
1295 3824 1452 3890 animam
1465 3825 1504 3890 in

272 3932 469 4013 periculum
497 3931 735 3996 damnationis
764 3928 834 4014 [ne]
863 3929 1067 4014 conjiceret.
1094 3931 1294 3997 Postulavit
1322 3931 1430 3997 etiam
1458 3933 1503 3997 ab

272 4039 397 4104 eodem
416 4038 455 4103 P.
474 4039 615 4120 ignatio
634 4047 672 4103 ut
694 4038 976 4104 nominationem
994 4037 1033 4103 P.
1054 4039 1202 4105 Antonii
1227 4040 1271 4106 de
1295 4039 1461 4120 Quadros
1481 4058 1507 4104 a·

272 4145 416 4212 Summo
430 4145 601 4212 Pontifice
619 4146 655 4210 in
669 4145 916 4210 Patriarcham
931 4155 966 4210 et
980 4163 1227 4211 successorem
1242 4147 1354 4229 ipsius
1369 4147 1503 4212 obtine·

272 4262 337 4335 ret,
353 4252 384 4319 si
398 4255 527 4336 aliquis
548 4271 593 4318 ex
615 4252 879 4335 coadjutoribus
897 4255 956 4319 vel
976 4254 1242 4321 successoribus
1263 4255 1442 4337 deputatis
1457 4272 1504 4321 ex

316 4498 324 4530 ¹
353 4497 398 4542 115.
410 4497 575 4543 subacturus
583 4501 663 4544 55551.

311 4569 324 4602 ¹
350 4569 378 4615 Sl
387 4580 472 4615 sermo
482 4570 563 4615 55155
573 4569 700 4630 Antistlte
709 4569 909 4629 ulyssiponensl,
923 4572 1039 4624 ultimus,
1054 4571 1097 4616 551
1110 4581 1204 4616 nomen
1217 4578 1288 4618 55551
1302 4571 1503 4631 1555555155

272 4641 372 4698 pridem
387 4642 545 4696 5555555555
561 4642 689 4696 nimirum,
705 4643 733 4688 28
748 4641 904 4690 Novembris
921 4643 982 4697 toul,
1001 4644 1198 4701 vocabaturque
1215 4641 1343 4692 1155111155
1361 4645 1395 4693 d·
1412 4643 1503 4698 00515.

273 4711 355 4768 Gerre,
366 4713 458 4758 Series
467 4711 672 4770 Episcoporum.
