3642 5350
776 406 839 465 All.
862 404 932 467 1556
1417 404 1466 465 141

239 554 336 613 tuam
351 546 568 614 dotationem
583 548 731 630 Collegii
744 566 818 615 non
832 568 957 632 parum
973 549 1094 630 juvari
1113 567 1217 630 posse
1240 550 1467 614 existimaba-

239 665 310 736 tur,
329 656 424 737 quod
442 668 478 721 et
493 665 617 738 postea
636 666 795 722 secutum
818 657 900 737 iuit3
916 667 951 721 et
965 658 1047 721 licet
1060 658 1184 739 pauci,
1206 675 1329 721 omnes
1348 666 1467 721 tamen

239 762 313 827 sere
328 764 483 845 operarii
497 781 578 828 cum
597 774 726 844 essent,
747 763 933 845 diligenter
953 765 1095 829 vineam
1115 782 1302 828 senensem
1322 774 1356 827 et
1376 764 1467 828 utili·

239 879 294 935 ter
318 872 545 952 excolebant,
572 873 735 953 quamvis
759 889 897 950 eorum,
929 874 989 953 qui
1016 883 1242 935 sacramenta
1268 872 1468 952 frequenta·

239 978 336 1057 bant,
351 996 519 1043 numerus
533 980 621 1044 satis
635 990 728 1043 esset
743 978 909 1059 exiguus;
926 997 1009 1043 nam
1029 988 1157 1042 octavo
1172 993 1311 1060 quoque
1325 980 1381 1044 die
1398 980 1466 1043 hoe

239 1102 332 1151 anno
346 1104 419 1151 non
434 1087 584 1168 amplius
599 1087 722 1152 decem
736 1096 796 1151 aut
811 1087 998 1150 duodecim
1011 1088 1216 1165 veniebant;
1232 1088 1269 1150 in
1282 1087 1380 1151 lestis
1393 1089 1466 1167 plu·

238 1208 308 1273 res;
325 1202 359 1258 et
374 1203 476 1259 extra
491 1192 688 1275 Collegium
702 1194 738 1258 in
752 1194 864 1258 variis
877 1194 967 1258 locis
979 1195 1116 1258 fructus
1131 1195 1237 1258 latius
1251 1211 1358 1275 quarn
1371 1194 1467 1259 domi

238 1309 382 1365 nostrae
395 1303 550 1382 patebat.

298 1409 344 1473 Et
356 1408 446 1473 baec
461 1409 504 1474 de
518 1408 676 1491 Collegio
691 1408 850 1474 Senensi.

532 1838 597 1905 DE
619 1840 850 1907 COLLEGIO
872 1837 1170 1904 FLORENTINO

298 2161 369 2227 517.
412 2160 451 2226 P.
466 2164 671 2228 Ludovicus
685 2165 727 2229 de
743 2164 920 2230 Coudreto
938 2172 946 2206 ¹
961 2166 1030 2230 hoc
1052 2168 1162 2231 etiam
1182 2182 1276 2229 anno
1296 2160 1464 2244 praesuta

237 2271 401 2349 quamvis
415 2272 448 2335 ei
463 2270 650 2354 adjunctus
668 2284 773 2355 esset,
797 2285 832 2339 et
852 2277 970 2338 locum
992 2274 1067 2355 eius
1090 2273 1256 2357 [tenebat]
1279 2287 1362 2338 cum
1383 2268 1465 2337 Flo-

239 2378 390 2442 rentiam
409 2380 667 2460 egrediebatur.
689 2379 727 2444 P.
748 2381 907 2447 Didacus
930 2383 972 2447 de
988 2384 1149 2447 Guzman
1163 2381 1188 2461 ¹,
1205 2392 1242 2445 ut
1258 2383 1387 2447 accidit
1403 2381 1464 2444 ini·

237 2484 287 2549 tio
307 2483 411 2565 hujus
430 2487 529 2567 anni,
551 2505 632 2553 cum
651 2488 689 2554 P.
710 2490 915 2555 Ludovicus
935 2489 1101 2555 Aresium
1120 2490 1301 2571 proiectus
1325 2498 1378 2553 est
1399 2505 1465 2551 nec

238 2608 348 2673 usque
362 2594 408 2657 ad
422 2594 560 2659 initium
575 2595 878 2678 Quadragesimae
893 2597 1009 2662 rediit.

299 2699 370 2765 518.
414 2700 647 2783 Praelegebat
665 2705 759 2769 idem
779 2705 816 2769 P.
837 2705 996 2769 Didacus
1015 2705 1246 2769 christianam
1266 2704 1465 2768 doctrinam

237 2807 472 2888 scholasticis
494 2819 528 2874 et
552 2828 686 2892 paucos
708 2812 808 2892 alios,
831 2823 973 2892 praeter
995 2812 1196 2893 hujusmodi
1217 2812 1463 2892 scholasticos

239 2916 418 2982 auditores
443 2918 607 2999 habebat,
632 2935 712 2983 cum
734 2920 892 2983 italicam
913 2921 1071 2999 linguam
1091 2919 1248 2984 nondum
1271 2920 1359 2984 satis
1379 2920 1465 2984 didi·

238 3024 356 3088 cisset.
373 3025 412 3088 In
427 3025 568 3088 arcibus
583 3035 711 3107 autem,
729 3027 790 3090 ubi
804 3025 983 3107 praesidia
1001 3026 1231 3107 hispanorum
1251 3037 1363 3105 erant,
1387 3045 1465 3091 ver·

237 3133 365 3196 naculo
394 3149 558 3197 sermone
591 3134 752 3198 eamdem
781 3133 981 3198 doctrinam
1009 3143 1253 3214 proposuerat.
1284 3133 1354 3199 Sed
1382 3135 1464 3215 quia

235 3239 412 3319 urgebant
426 3240 463 3304 in
477 3241 607 3321 templo
622 3251 747 3305 nostro
762 3242 994 3323 poenitentes,
1016 3242 1144 3305 milites
1163 3241 1209 3305 ad
1228 3251 1368 3323 tempus
1388 3243 1464 3306 reli·

234 3345 322 3426 quit,
340 3346 399 3428 qui
415 3348 546 3428 alioqui
560 3349 677 3413 minus
692 3348 796 3413 avide
811 3367 918 3431 quam
933 3351 1008 3430 ipse
1020 3350 1192 3413 voluisset
1203 3351 1249 3414 ad
1259 3349 1463 3431 hujusmodi

235 3453 425 3519 conciones
440 3455 708 3520 conveniebant.

296 3559 369 3625 519.
411 3559 450 3626 In
465 3563 625 3627 custodia
639 3563 780 3643 publica
795 3564 878 3628 dum
898 3563 1039 3626 afflictis
1058 3563 1258 3638 homiuibus
1280 3565 1464 3627 consolan-

236 3665 290 3730 dis
315 3677 496 3734 eteorum
521 3669 802 3734 confessionibus
827 3671 1013 3734 audiendis
1039 3670 1114 3750 ipse
1136 3679 1171 3733 et
1194 3670 1232 3734 P.
1256 3671 1465 3736 Desiderius

234 3771 514 3858 Lotharingius³
530 3787 712 3859 vacarent,
732 3778 886 3843 fructum
909 3778 1107 3858 gratiorem
1129 3777 1197 3841 sibi
1218 3795 1347 3857 capere
1369 3779 1463 3842 vide·

237 3965 449 3978 ...nn-.—

274 4085 283 4120 ¹
311 4083 378 4131 Vide
388 4096 476 4141 supra.
485 4091 502 4130 t.
512 4099 539 4140 v,
548 4097 607 4141 pag.
619 4086 654 4140 9⁴,
665 4097 690 4130 n.
700 4083 747 4135 2⁴¹6.
758 4091 783 4129 et
795 4097 853 4140 pag.
866 4085 912 4138 100,
924 4095 948 4128 n.
959 4083 1007 4135 270,
1018 4089 1108 4127 annot.
1119 4083 1141 4126 5.

273 4158 284 4190 ¹
311 4157 377 4202 Vide
388 4169 476 4214 supra,
488 4164 505 4202 t.
519 4170 543 4211 v,
554 4169 614 4214 pag.
624 4158 659 4212 42,
670 4169 694 4203 n.
704 4157 737 4201 78:
753 4157 794 4201 “P.
808 4157 920 4210 Jacobus
935 4156 966 4200 de
982 4155 1097 4199 Guzman
1113 4154 1273 4199 Florentlam
1286 4155 1334 4200 fuit
1351 4157 1465 4202 destina·

232 4235 282 4284 tus,
292 4234 321 4274 ut
329 4230 416 4285 aliquo
426 4229 500 4274 modo
511 4229 635 4274 Ducisaae
647 4229 835 4282 satisfaceret...
846 4241 913 4284 quae
924 4229 1030 4272 Patrem
1039 4226 1146 4282 Laynez
1159 4226 1227 4280 apud
1240 4237 1267 4269 se
1283 4226 1379 4272 habere
1392 4231 1463 4274 vole·

231 4301 285 4356 bat,
296 4308 323 4346 et
333 4313 391 4346 cum
402 4303 427 4346 id
437 4315 454 4346 a
464 4301 567 4347 Summo
577 4303 702 4348 Pontifice
711 4303 839 4358 petiisset,
850 4313 900 4346 non
910 4302 1071 4357 impetravit.

271 4372 285 4404 ⁸
310 4371 423 4420 Videtur
433 4374 508 4418 lsllle
522 4386 579 4419 esse
594 4375 646 4430 qui,
661 4386 741 4430 supra
757 4381 774 4419 t.
790 4385 826 4430 ιν,
842 4386 903 4430 pag.
918 4376 965 4428 165,
980 4387 1005 4419 n.
1018 4376 1068 4430 338,
1084 4387 1192 4421 vocatur
1207 4378 1354 4422 Dominlcus
1367 4374 1464 4419 Lotba·

232 4445 331 4500 elnam.
342 4445 376 4490 Et
387 4454 459 4491 certe
469 4448 536 4492 allus
546 4453 585 4491 eat
595 4459 612 4491 a
622 4447 652 4492 P.
662 4447 797 4492 Desiderio
806 4447 939 4502 Glrardin,
950 4449 1030 4494 etiam
1040 4448 1211 4504 Lotharlngo,
1218 4451 1274 4504 “qui
1283 4434 1386 4506 Tybu're
1396 4459 1462 4491 anno

236 4515 287 4562 1552
303 4517 415 4573 degebat
431 4523 457 4562 et
471 4519 526 4574 jam
536 4521 569 4565 ab
585 4520 684 4575 aliquot
702 4520 775 4564 aunis
789 4519 912 4563 sacerdos
929 4529 1011 4574 eran„
1026 4519 1160 4575 (Litterae
1169 4521 1400 4575 Quadrimeslres,
1412 4526 1430 4564 t.
1445 4532 1462 4575 ι,

233 4599 294 4644 με.
302 4589 351 4646 71³,
366 4596 453 4636 annot.
464 4593 494 4645 l*;
504 4597 531 4635 et
548 4592 652 4636 tandem
669 4590 789 4636 Panormi
807 4592 871 4636 obiit
887 4603 955 4637 nona
967 4592 1088 4637 Octobris
1106 4593 1160 4638 1⁵55
1174 4601 1264 4648 (supra
1275 4599 1293 4639 t.
1304 4607 1331 4648 v,
1341 4603 1403 4649 pag.
1413 4591 1462 4649 2²0⁴,

234 4673 259 4708 o.
269 4661 327 4716 ⁶9⁶1.
