3642 5350
786 469 851 528 Att-
872 467 943 528 1556
1443 469 1478 528 21

305 617 357 680 51.
400 615 597 696 Collegium
616 613 841 695 Siguntinum
857 633 929 678 non
944 615 1160 679 existimarit
1177 613 1213 678 P.
1236 615 1395 696 lgnatius
1416 615 1478 680 ad·

247 723 456 788 mittendum
472 741 561 802 esse,
578 741 620 787 eo
641 723 735 803 quod
750 734 862 786 totum
882 722 1084 803 Capitulum
1103 722 1249 787 Decano
1268 722 1476 787 adversare·

248 840 315 911 tur;
330 847 396 894 nec
411 830 575 911 placebat
599 828 715 893 eidem
730 821 828 893 Patri
853 838 890 893 ut
905 841 1008 893 extra
1021 847 1143 893 muros
1163 828 1240 909 ejus
1254 831 1352 894 urbis
1379 833 1474 905 (nam

247 949 350 1002 extra
360 937 440 1001 illos
454 947 533 1001 erat
546 938 646 1014 situs,
662 954 767 1017 quem
783 935 1001 1016 offerebant),
1022 935 1084 1001 sed
1101 937 1195 1001 intra
1209 955 1329 1002 muros
1344 947 1379 1002 et
1394 955 1476 1002 cum

247 1044 493 1109 benevolentia
518 1044 674 1108 omnium
705 1043 894 1123 collegium
920 1062 998 1108 esse
1027 1045 1267 1108 inchoandum
1292 1045 1472 1124 censebat,

247 1168 327 1216 cum
343 1149 602 1216 admittendum
616 1161 712 1214 esset
728 1149 750 1210 ¹.

304 1259 357 1322 52.
399 1258 588 1341 Judicabat
603 1256 640 1321 P.
656 1257 817 1336 Ignatius
831 1258 999 1339 expedire
1011 1268 1049 1322 ut
1061 1259 1097 1323 in
1107 1258 1269 1323 Inferiori
1280 1258 1473 1324 Germania

245 1364 480 1430 Provincialis
494 1365 779 1444 constitueretur,
796 1383 877 1429 cum
898 1365 1078 1442 Coloniae,
1105 1366 1255 1430 Lovanii
1270 1375 1305 1430 et
1319 1365 1475 1430 Tornaci

245 1473 358 1536 nostri
380 1471 586 1536 residerent.
603 1471 714 1554 Jussit
732 1482 852 1536 autem
876 1482 914 1535 ut
934 1473 970 1534 in
985 1473 1140 1553 quolibet
1161 1474 1287 1536 horum
1302 1473 1408 1536 trium
1423 1474 1473 1536 lo·

245 1595 370 1642 corum
384 1579 454 1642 duo
478 1581 537 1642 vel
556 1587 628 1642 tres
650 1579 929 1656 nominarentur,
952 1579 1012 1660 qui
1035 1579 1152 1644 idonei
1171 1580 1217 1643 ad
1231 1596 1356 1643 curam
1369 1579 1475 1643 Prae·

245 1687 351 1768 positi
379 1683 613 1750 Provincialis
637 1684 856 1764 viderentur,
878 1698 913 1749 et
933 1695 1016 1766 post
1036 1683 1186 1750 Sacrum
1208 1687 1425 1751 celebratum
1440 1697 1476 1749 et

246 1809 321 1856 rem
336 1791 491 1858 Domino
507 1790 802 1869 commendatam,
819 1802 858 1855 ut
878 1791 1050 1856 scriberet
1065 1791 1212 1872 quisque
1232 1809 1337 1873 quem
1356 1793 1478 1863 existi-

246 1909 361 1964 maret
375 1917 461 1980 prae
476 1899 628 1962 caeteris
642 1897 688 1962 ad
703 1899 772 1963 hoc
787 1896 986 1979 Praepositi
1001 1915 1129 1962 munus
1144 1898 1321 1979 idoneum;
1337 1901 1474 1977 ethaeo

245 2007 468 2086 singulorum
492 2005 675 2086 suffragia,
704 2005 782 2069 aliis
804 2006 937 2084 insciis
965 2023 987 2069 a
1011 2006 1165 2086 quolibet
1189 2007 1343 2086 signata,
1373 2005 1478 2071 adse

245 2114 337 2178 mitti
358 2114 489 2193 voluit,
516 2124 569 2190 ut,
597 2129 719 2177 eorum
744 2113 928 2177 sententiis
939 2113 1043 2190 visis,
1067 2121 1239 2177 statueret
1253 2113 1292 2177 P.
1315 2113 1477 2194 Ignatius

244 2237 350 2301 quem
374 2220 518 2285 deberet
541 2219 619 2283 aliis
643 2219 846 2300 praeficere.
874 2200 1035 2284 Exclusit
1060 2230 1179 2283 tamen
1202 2208 1240 2283 Pl
1267 2219 1412 2285 Petrum
1432 2221 1476 2285 de

243 2326 506 2408 Ribadeneyra,
524 2343 566 2390 eo
581 2325 676 2408 quod
690 2325 841 2390 Romam
853 2336 948 2390 esset
962 2325 1140 2390 rediturus
1153 2325 1180 2390 ¹.

304 2435 356 2499 53.
399 2433 529 2498 Missus
544 2433 660 2497 luerat
679 2431 717 2497 P.
735 2432 903 2497 Nicolaus
923 2433 966 2497 de
985 2433 1167 2497 Bobadilla
1187 2434 1232 2497 ad
1252 2433 1475 2499 reformatio·

244 2558 326 2605 nem
341 2539 526 2622 cujusdam
545 2539 679 2603 ordinis
698 2539 868 2618 religiosi,
884 2538 1186 2620 Sylvestrinorum
1207 2541 1348 2604 nomine
1370 2538 1393 2617 ⁸,
1415 2543 1478 2621 qui
1547 2553 1550 2558 ·

243 2647 373 2729 viginti
387 2648 456 2713 tria
470 2647 686 2712 monasteria
701 2647 737 2711 in
752 2645 883 2711 ditione
897 2647 1079 2711 Ecclesiae
1095 2647 1236 2728 habent;
1254 2657 1288 2711 et
1303 2664 1384 2713 cum
1396 2665 1475 2730 pro·

244 2771 349 2836 spero
364 2771 532 2819 successu
547 2754 661 2818 officio
675 2771 752 2832 suo,
765 2753 842 2817 Deo
858 2753 1061 2834 adjuvante,
1077 2754 1218 2819 functus
1230 2764 1295 2835 est,
1308 2757 1475 2836 quamvis
1532 2814 1536 2819 .

244 2880 316 2926 non
330 2862 434 2925 facile
448 2860 534 2925 illud
548 2877 676 2925 munus
687 2862 733 2924 sit
748 2860 1001 2925 existimatum.

303 2968 354 3032 54.
397 2968 526 3032 Missus
540 2967 655 3031 suerat
670 2986 764 3031 anno
778 2968 971 3048 praeterito
986 2966 1023 3032 P.
1037 2965 1221 3032 Salmeron
1236 2970 1282 3033 ad
1296 2968 1473 3034 Nuncium

242 3074 478 3156 Lipomanum
492 3074 538 3136 ad
551 3074 719 3138 Poloniae
733 3073 879 3154 Regem;
896 3083 932 3137 et
946 3074 1086 3154 magnis
1101 3092 1181 3138 cum
1195 3075 1376 3139 laboribus
1395 3076 1473 3140 Vil·
1574 3081 1576 3086 ’

241 3200 337 3259 nam,
352 3182 539 3247 Lituaniae
554 3192 671 3263 caput,
690 3189 940 3263 pervenerant,
958 3182 1017 3244 ubi
1032 3182 1132 3245 curia
1146 3181 1254 3262 Regis
1273 3195 1362 3247 erat.
1383 3182 1472 3250 Sani

241 3299 360 3353 tamen
375 3306 417 3352 eo
432 3298 680 3369 pervenerant,
696 3288 759 3352 sed
781 3306 852 3352 non
876 3306 956 3351 eam
970 3287 1098 3353 faciem
1125 3307 1243 3353 rerum
1266 3291 1302 3354 in
1327 3293 1471 3371 negotio

240 3398 434 3477 religioniS,
461 3414 567 3477 quarn
592 3398 777 3478 optabant,
804 3397 1035 3475 invenerunt;
1057 3406 1092 3460 et
1117 3396 1254 3461 fructus
1279 3397 1490 3463 admodum·

241 3504 392 3583 exiguus
406 3521 452 3568 ex
464 3522 573 3584 opera
584 3502 622 3568 P.
639 3503 855 3567 Salmeronis
876 3505 934 3565 vel
949 3502 1106 3583 cujusvis
1126 3505 1284 3585 theologi
1303 3507 1472 3585 speraba-

242 3622 309 3675 tur.
326 3612 371 3674 Et
384 3612 434 3675 ita
448 3612 566 3674 visum
580 3620 632 3674 est
647 3610 784 3674 Nuncio
800 3610 980 3690 expedire,
1001 3620 1039 3673 ut
1053 3611 1215 3675 eumdem
1235 3609 1274 3673 P.
1298 3611 1472 3677 Salmero-

242 3736 323 3781 nem
337 3717 488 3782 Romam
502 3718 709 3796 remitteret,
726 3725 764 3780 ut
783 3715 967 3780 Summum
991 3715 1196 3781 Pontificem
1215 3719 1325 3781 verbo
1346 3719 1473 3783 certio·

243 3842 319 3889 rem
334 3825 377 3889 de
391 3826 484 3889 illius
500 3824 603 3904 regni
616 3824 769 3904 negotiis
782 3823 918 3887 faceret
932 3820 957 3883 ⁴.

302 3934 353 3995 55.
395 3932 535 3995 Etcum
549 3930 727 3995 Viennam
738 3932 773 3994 in
788 3930 903 3994 reditu
918 3932 1163 4011 pervenissent
1178 3930 1201 4010 ⁸,
1215 3931 1366 3995 Auditor
1377 3932 1473 3997 Nun·

283 4134 291 4170 Ι
322 4135 388 4179 Vide
399 4148 486 4191 supra.
496 4142 515 4180 t.
525 4148 562 4190 tv,
573 4146 633 4191 pag.
643 4134 692 4189 423,
703 4146 727 4179 n.
737 4136 785 4189 913,
794 4140 819 4177 et
830 4142 848 4179 t.
860 4149 884 4179 r.
895 4147 956 4190 pag.
966 4136 1014 4187 556,
1027 4148 1051 4178 n.
1064 4136 1123 4179 1527.

279 4206 290 4237 ¹
317 4206 384 4251 Vide
395 4208 492 4251 Carras
501 4208 535 4252 de
545 4208 601 4251 San
612 4206 732 4261 Ignact'o.
746 4215 765 4250 t.
784 4217 818 4259 vt,
834 4218 893 4261 pag.
911 4208 960 4259 448,
979 4219 1003 4250 n.
1016 4208 1047 4258 l7;
1063 4208 1113 4261 457,
1122 4219 1147 4251 n.
1157 4206 1185 4249 40
1195 4213 1273 4260 atque
1286 4207 1312 4251 in
1326 4215 1413 4253 annot.
1428 4210 1470 4260 2¹,

235 4290 298 4335 pag.
321 4278 418 4332 2'6267,
439 4279 564 4334 judicium
578 4278 607 4323 P.
630 4278 820 4322 Riradenclrae
842 4279 873 4321 de
889 4278 939 4321 PP.
955 4279 1070 4323 Adriano
1087 4278 1278 4322 Adriaenssens
1292 4287 1319 4323 et
1335 4280 1468 4325 Bernardo

242 4350 369 4395 Oliverlo.

277 4422 289 4459 ὅ
319 4420 387 4466 Vide
399 4420 494 4466 Carras
502 4422 535 4465 de
546 4420 602 4465 San
612 4420 729 4475 Ignarr'o,
740 4427 759 4464 t.
769 4430 805 4475 vt,
816 4432 877 4475 pag.
887 4420 928 4464 457
941 4429 967 4465 et
977 4421 1011 4475 82,
1021 4422 1063 4465 469
1072 4428 1098 4466 et
1109 4421 1156 4465 190.

279 4494 290 4527 Ι
319 4490 386 4536 Vide
396 4504 483 4547 supra,
491 4500 511 4536 t.
521 4502 619 4547 vppag.
628 4492 663 4547 86,
674 4504 698 4535 n.
709 4493 743 4545 osu
754 4499 781 4536 et
790 4504 850 4546 pag.
862 4492 909 4543 274,
920 4503 962 4536 nn.
972 4492 1014 4536 758
1023 4499 1050 4535 et
1059 4492 1107 4537 759.
1118 4492 1235 4536 Labores
1246 4493 1321 4548 hujus
1332 4492 1433 4537 itineris
1442 4501 1469 4536 et

237 4565 362 4619 exiguum
372 4569 419 4609 ant
429 4564 525 4608 nullum
535 4564 673 4618 legationis
684 4564 795 4607 fructum
805 4570 897 4607 narrat
905 4564 1010 4607 ubertus
1018 4563 1155 4613 Polancus.
1163 4563 1241 4618 inira,
1248 4575 1265 4607 a
1273 4575 1297 4607 n.
1305 4564 1357 4607 1478
1364 4565 1396 4607 ad
1409 4564 1468 4608 1513.

279 4634 292 4669 ὅ
319 4634 390 4689 Scll.,
405 4635 434 4679 P.
445 4634 579 4681 Salmeron
595 4646 652 4679 cum
669 4646 715 4680 ano
729 4635 799 4679 socio
815 4634 936 4678 Glosredo
951 4643 977 4678 et
992 4635 1119 4679 Auditore
1136 4634 1228 4679 Nuncll
1243 4633 1386 4690 Lipomanl.
1402 4635 1470 4680 Vlde

242 4710 319 4761 inira,
329 4719 372 4751 nn.
383 4707 444 4762 trun,
457 4708 516 4754 1507.
