3642 5350
756 502 759 504 ψ
791 457 856 516 Aa.
877 457 948 517 1556
1427 451 1483 518 597

249 601 341 665 mitti
355 609 503 681 peteret,
520 611 651 665 etcum
666 601 854 682 Compluto
869 602 928 666 ille
944 603 1124 680 transiret,
1139 603 1280 666 cuidam
1292 619 1336 666 ex
1348 604 1483 667 nostris

245 708 356 784 dixit,
373 708 460 772 nihil
479 708 547 772 sibi
561 707 708 788 perinde
723 709 760 771 in
775 709 869 772 votis
887 726 986 788 esse,
1004 719 1109 790 atque
1128 711 1165 772 in
1184 709 1302 790 aliquo
1323 705 1483 790 Collegio'

247 814 440 880 Societatis
463 824 608 879 nostrae
632 815 670 878 in
694 817 834 880 culinae
859 817 919 880 vel
943 817 1071 898 quovis
1096 817 1159 880 vili
1183 816 1379 880 ministerio
1405 816 1484 882 Deo

245 923 399 986 servire.

312 1029 403 1092 2575.
448 1029 537 1093 Tres
552 1040 671 1094 autern
685 1029 762 1108 alii,
778 1031 839 1111 qui
856 1029 1056 1111 Berlangae
1075 1032 1285 1096 commorati
1306 1041 1389 1096 sunt
1398 1079 1407 1113 ,
1423 1050 1483 1096 va·

246 1136 395 1200 letudini
409 1136 674 1217 recuperandae
693 1138 827 1201 dabant
844 1155 1008 1218 operam,
1030 1146 1066 1201 et
1086 1139 1227 1202 interim
1247 1139 1480 1203 christianam

252 1243 450 1307 doctrinam
469 1261 550 1308 cum
566 1260 698 1324 magno
713 1244 834 1325 populi
848 1262 1025 1309 concursu
1041 1253 1076 1308 et
1095 1245 1356 1325 aedificatione,
1373 1246 1483 1310 immo

242 1351 359 1415 etiam
373 1350 626 1415 canonicorum
641 1368 685 1414 ac
703 1351 890 1429 nobilium,
905 1352 1151 1433 explicabant;
1171 1362 1205 1417 et
1223 1353 1389 1433 quamvis
1407 1354 1483 1416 nul·

248 1459 304 1520 lus
318 1457 442 1521 eorum
459 1468 537 1522 erat
552 1457 733 1537 sacerdOS,
750 1476 824 1538 eos,
840 1459 901 1539 qui
916 1460 1021 1523 morti
1036 1459 1145 1524 vicini
1159 1469 1272 1538 erant,
1290 1460 1335 1523 ad
1349 1459 1481 1524 bonum

250 1564 440 1628 transitum
457 1581 503 1628 ex
517 1563 585 1628 hac
597 1565 672 1628 vita
684 1562 869 1644 juvabant3
882 1575 918 1629 et
930 1566 976 1630 ad
986 1566 1244 1646 frequentanda
1256 1576 1483 1631 sacramenta

248 1671 411 1734 homines
425 1671 675 1735 hortabantur.
691 1672 779 1736 Erat
794 1673 832 1735 in
846 1672 905 1735 illo
922 1673 1050 1753 oppido
1067 1673 1195 1737 nobilis
1213 1673 1374 1754 quidam,
1391 1673 1481 1737 Mar·

248 1777 345 1841 tinus
360 1777 542 1842 Cortesius
557 1779 711 1857 nomine,
725 1779 785 1860 qui
800 1779 837 1842 in
848 1779 1008 1860 Collegio
1023 1792 1146 1844 nostro
1160 1780 1401 1860 Complutensi
1415 1781 1484 1860 spi·

249 1885 391 1948 ritualia
406 1885 576 1949 exercitia
591 1895 814 1965 susceperat,
831 1888 918 1950 etin
935 1885 1068 1950 eisdem
1090 1904 1162 1951 non
1181 1904 1308 1967 parum
1326 1885 1482 1968 profece-

247 2000 318 2055 rat.
341 1991 425 2070 Hic,
442 1993 583 2056 eumad
599 1992 826 2072 suspendium
846 1993 904 2056 vir
924 1993 1068 2074 quidam
1088 1994 1295 2074 duceretur,
1312 1991 1420 2074 pedes
1440 2010 1484 2058 ac

249 2099 326 2162 sine
341 2099 434 2180 pileo
450 2117 551 2163 reum
565 2101 664 2163 illum
685 2099 941 2180 comitabatur,
963 2109 997 2164 et
1016 2101 1135 2165 multis
1157 2118 1238 2165 cum
1257 2101 1427 2181 lacrymis
1449 2109 1484 2165 et

244 2206 434 2269 charitatis
459 2206 718 2286 significatione
740 2223 820 2270 eum
842 2207 889 2271 ad
906 2208 997 2270 bene
1021 2207 1286 2289 suscipiendum
1308 2207 1394 2271 illud
1413 2206 1481 2271 Do·

249 2313 335 2376 mini
362 2312 541 2393 flagellum
574 2313 799 2377 hortabatur.
829 2313 942 2378 Filius
976 2314 1034 2377 hic
1067 2323 1144 2379 erat
1177 2313 1395 2378 Marchionis
1427 2315 1484 2379 del

247 2418 352 2483 Valle
372 2421 408 2483 in
427 2438 522 2483 nova
543 2419 734 2500 Hispania,
756 2430 791 2483 et
809 2419 1013 2500 huJusmodi
1035 2422 1220 2485 charitatis
1238 2422 1483 2485 functionibus

243 2537 420 2605 quantum
445 2529 480 2591 in
506 2527 689 2591 exercitiis
715 2527 942 2609 profecisset,
969 2545 1034 2592 suo
1059 2529 1096 2592 in
1121 2537 1216 2593 statu
1239 2528 1345 2592 facile
1368 2539 1483 2592 osten·

243 2634 355 2698 debat
374 2633 396 2698 ¹.

308 2742 399 2805 2576.
443 2741 630 2822 Siguntum
650 2744 721 2807 duo
742 2743 802 2806 alii
822 2762 867 2806 ex
888 2742 1021 2806 nostris
1046 2742 1145 2806 missi
1169 2752 1267 2822 sunt,
1289 2743 1348 2806 ubi
1369 2743 1481 2823 multi,

247 2866 372 2912 eorum
391 2849 700 2913 exhortationibus
721 2849 767 2913 ad
792 2850 941 2913 meliora
961 2848 1204 2929 profecerunt;
1228 2860 1262 2913 et
1282 2850 1374 2913 inter
1393 2850 1483 2914 alios

245 2956 307 3018 —vir
320 2955 480 3036 quidam,
497 2956 557 3036 qui
571 2973 674 3020 suam
694 2972 855 3034 uxorem,
873 2956 1039 3019 adulterii
1057 2956 1188 3036 gratia,
1210 2956 1408 3036 dimiserat,
1425 2955 1483 3019 de·

243 3080 319 3125 nuo
333 3062 370 3124 in
384 3063 527 3127 domum
542 3080 644 3126 suam
659 3063 821 3127 eamdem
836 3063 990 3126 admisit.
1007 3062 1160 3142 Quidam
1175 3063 1265 3127 alius
1280 3080 1351 3126 non
1366 3064 1482 3127 solum

246 3168 293 3231 ad
317 3179 624 3233 sacramentorum
642 3169 879 3251 frequentiam
899 3180 954 3234 est
973 3170 1163 3250 adductus,
1187 3171 1250 3234 sed
1272 3170 1379 3233 etiam
1400 3170 1483 3234 visi·

242 3275 364 3339 randis
383 3276 618 3356 hospitalibus
638 3286 673 3339 et
694 3277 892 3341 ministerio
914 3294 1111 3357 pauperum
1131 3296 1169 3341 se
1189 3278 1379 3342 dedicavit.
1397 3277 1484 3357 Qui-

242 3382 330 3446 dam
344 3383 446 3462 alius,
465 3384 524 3463 qui
534 3382 768 3448 homicidium
781 3392 1064 3465 perpetraverat,
1077 3402 1158 3449 cum
1170 3383 1347 3449 sacerdoti
1359 3395 1483 3449 nostro

241 3490 295 3553 ibi
314 3489 499 3553 confessus
518 3490 659 3569 fuisset,
682 3491 729 3555 ad
749 3491 1005 3570 poenitentiam
1026 3491 1203 3571 agendam
1224 3508 1304 3554 sese
1327 3492 1481 3571 collegit.

307 3596 398 3661 2577.
442 3596 625 3677 Quaedam
652 3598 760 3662 etiam
786 3598 928 3677 mulier,
952 3616 1044 3678 quae
1070 3615 1091 3661 a
1116 3598 1244 3661 marito
1270 3607 1481 3675 recesserat,

245 3703 342 3783 quod
356 3704 401 3767 ab
417 3721 458 3767 eo
476 3703 643 3768 infamiae
657 3716 781 3768 notam
794 3704 861 3769 sibi
876 3705 1032 3768 inustam
1047 3715 1174 3768 contra
1189 3704 1376 3767 veritatem
1388 3703 1479 3767 dice·

243 3819 313 3890 ret,
331 3808 502 3874 offensam
517 3810 750 3891 condonavit,
768 3821 802 3875 et
815 3792 862 3874 ad
877 3812 999 3875 mariti
1012 3810 1155 3875 domum
1171 3810 1284 3873 rediit.
1302 3810 1346 3874 Et
1362 3812 1399 3874 in
1412 3810 1480 3889 his,

246 3932 340 3997 quae
354 3917 401 3980 ad
415 3917 560 3998 spiritus
575 3916 773 3998 profectum
793 3918 945 3997 faciunt,
963 3936 1034 3981 non
1053 3935 1181 4000 parum
1199 3934 1393 3998 progressa
1415 3928 1481 3981 est.

307 4022 399 4087 2578.
442 4023 527 4088 Alia
542 4024 716 4105 quaedam
731 4024 861 4088 ibidem
876 4024 921 4087 ad
936 4023 1005 4088 Dei
1019 4026 1171 4104 gloriam
1186 4034 1267 4088 acta
1283 4034 1376 4088 sunt.
1399 4024 1482 4105 Qui·

240 4129 330 4194 -dam
346 4138 464 4194 autem
479 4130 615 4195 Doctor
629 4129 778 4211 Collegii
793 4130 988 4212 Siguntini,
1007 4142 1042 4195 et
1062 4133 1163 4210 aliuS,
1186 4132 1247 4213 qui
1270 4134 1306 4196 in
1328 4132 1481 4213 philoso-

245 4236 330 4317 phia
345 4238 592 4318 magisterium
607 4249 807 4319 acceperat,
824 4240 929 4303 simul
944 4256 1026 4302 cum
1041 4240 1110 4302 alio
1130 4238 1285 4319 quodam
1304 4238 1427 4317 nobili,
1445 4246 1480 4301 et

238 4344 401 4424 quodam
415 4344 642 4409 Cathedralis
656 4346 831 4409 ecclesiae
843 4346 1062 4426 portionario
1075 4346 1120 4409 ad
1133 4346 1302 4410 exercitia
1315 4345 1478 4426 spiritua·

239 4449 295 4513 lia
323 4452 553 4532 suscipienda
581 4452 806 4533 Complutum
831 4470 870 4517 se
886 4462 1067 4517 uenturos
1092 4454 1343 4533 promiserunt.
1379 4452 1483 4517 Alter

287 4690 295 4723 ¹
324 4690 391 4735 Vlde
401 4691 479 4746 infra,
489 4692 585 4748 112582,
595 4700 621 4738 et
632 4693 754 4738 Litterae
764 4692 1001 4749 Quadrfmestres,
1010 4696 1067 4739 loco
1078 4704 1159 4749 nuper
1170 4696 1260 4739 altato.
