3642 5350
363 381 400 442 3⁴
821 379 950 441 Cunon.
970 379 1049 440 Soc.
1068 380 1139 454 Jes.

365 528 472 590 situm
494 545 537 590 ac
556 527 788 591 intentionem
806 525 1040 603 declararent,
1058 526 1199 608 quaein
1225 526 1366 606 scriptis
1386 526 1599 589 retineretur

366 635 402 698 in
418 635 575 715 ipsorum
591 633 762 712 collegiis
779 650 823 696 ne
838 632 898 695 illa
914 633 1041 713 exequi
1053 632 1357 712 obliviscerentur;
1369 633 1533 712 quamvis
1547 633 1593 695 ad

364 741 400 805 id
414 760 486 805 non
502 757 540 804 se
555 740 754 820 obligarent
765 740 837 803 ulla
848 739 1086 820 stipulatione,
1103 740 1149 803 ad
1161 740 1256 821 quod
1267 739 1378 803 nostri
1390 738 1543 802 Instituti
1558 749 1596 801 et

365 849 664 913 Constitutionum
696 847 865 927 obligatio
897 864 942 910 ac
965 847 1193 927 gratitudinis
1220 858 1256 910 et
1284 847 1469 910 charitatis
1497 845 1590 910 suffi-

364 965 460 1020 ceret
480 963 501 1015 ¹.

423 1063 475 1128 92.
518 1062 643 1126 Eidem
659 1071 777 1126 autem
796 1061 894 1126 Patri
913 1061 1120 1140 Franciseo,
1136 1078 1240 1142 quem
1254 1062 1477 1124 intellexerat
1492 1075 1590 1140 aspe-

363 1170 438 1236 rius
456 1187 564 1250 quam
584 1187 650 1250 par
669 1178 763 1233 esset
785 1186 916 1249 corpus
936 1186 1041 1232 suum
1059 1169 1249 1249 castigare,
1270 1169 1363 1232 serio
1382 1165 1534 1247 injunxit
1552 1176 1594 1229 ut

367 1275 437 1359 [ab]
454 1276 654 1358 hujusmodi
670 1276 847 1340 laboribus
862 1293 904 1340 ac
919 1277 1158 1357 poenitentiae
1180 1276 1419 1339 functionibus
1440 1273 1592 1337 abstine·

364 1395 430 1465 ret,
446 1402 537 1467 quae
553 1400 683 1464 corpus
699 1382 882 1447 debilitare
897 1392 933 1448 et
948 1382 994 1446 ad
1007 1390 1020 1422 ¹
1033 1382 1101 1446 Dei
1121 1382 1234 1463 maius
1255 1382 1461 1463 obsequium
1481 1382 1587 1461 impe·

366 1494 441 1558 dire
456 1501 600 1574 possent
614 1489 637 1551 ³.

364 1672 574 1684 ...-—--

405 1772 413 1805 l
441 1770 519 1824 Intra.
534 1780 581 1813 suo
596 1769 661 1822 loco,
675 1779 718 1811 nn.
733 1767 794 1820 2757,
808 1765 862 1810 2815
875 1773 900 1810 et
916 1765 978 1821 2816,
990 1767 1135 1811 videbimus
1150 1777 1214 1822 quas
1228 1765 1340 1821 prudens
1351 1765 1416 1808 haee
1430 1763 1480 1809 sti.
1493 1764 1592 1819 ignatii

362 1843 492 1886 sententio
502 1841 667 1885 difficultates
677 1846 785 1894 experta
795 1840 820 1884 ln
830 1839 957 1893 Hispania
968 1845 1018 1883 est.

402 1917 413 1948 ¹
441 1913 483 1957 Sic
498 1913 523 1957 in
538 1923 598 1966 mn,
609 1923 656 1956 nec
669 1911 756 1954 sensui
773 1911 851 1956 olliclt
866 1911 915 1954 hoe
935 1911 983 1963 ad,·
996 1911 1094 1955 rectius
1110 1915 1210 1964 umen,
1226 1915 1254 1953 ut
1272 1909 1345 1953 nobis
1361 1907 1463 1962 quidem
1477 1909 1592 1964 videtur,

362 1987 535 2030 omltteretur.
801 2029 807 2038 ,

402 2057 413 2089 ⁸
441 2056 506 2100 Vide
517 2055 612 2100 Canas
622 2055 655 2099 de
666 2053 721 2098 San
732 2052 851 2108 Ignacio,
860 2059 880 2098 t.
890 2063 926 2106 vr,
936 2063 997 2108 pag.
1007 2052 1041 2097 ⁶2.
