3642 5350
342 414 397 473 tat
800 412 929 474 Canon.
949 412 1026 474 Soc.
1046 412 1118 487 Jns.

342 558 487 659 ferenda
503 560 636 640 scripta
651 570 686 625 et
700 560 900 624 sarcinulas
914 576 1043 639 equam
1054 558 1209 640 quinque
1224 555 1344 620 aureis
1356 564 1528 634 emerunt,
1540 564 1576 618 et

343 666 519 731 Basileam
543 683 654 749 usque
678 666 872 747 progressi,
899 668 1022 731 navim
1048 664 1344 742 conscenderunt,
1371 679 1441 743 qua
1467 660 1576 726 delati

342 782 424 837 sunt
438 771 579 853 Spiram
594 791 716 855 usque,
732 790 797 855 per
811 772 1105 853 Argentoratum.
1121 771 1206 837 Inde
1217 788 1326 835 curru
1337 768 1575 833 Wormatiam

342 880 460 959 delati,
470 890 506 943 et
514 898 624 961 usque
635 881 681 944 ad
690 878 886 961 Opennein,
900 897 1026 945 rursus
1036 880 1182 960 navigio
1193 877 1415 957 Magantiam
1425 886 1460 939 et
1473 875 1574 940 Colo·

341 987 438 1049 niam
453 1003 575 1067 usque,
591 1004 655 1068 per
670 986 832 1051 Rhenum
844 987 1077 1067 devenerunt;
1090 998 1126 1051 et
1138 986 1231 1049 hanc
1244 986 1341 1048 viam
1352 983 1482 1047 minori
1491 1000 1574 1047 cum

341 1093 462 1156 labore
477 1103 511 1157 et
526 1103 668 1174 sumptu
685 1111 727 1157 ac
742 1103 900 1175 tempore
914 1094 1049 1158 factam
1064 1093 1311 1170 observarunt,
1327 1107 1433 1173 quam
1456 1090 1487 1153 si
1506 1089 1573 1153 iter

343 1207 512 1263 terrestre
527 1200 734 1263 tenuissent.

405 1304 494 1369 1822.
537 1305 792 1385 NihilominuS,
813 1308 896 1388 quia
916 1308 1097 1371 insolitum
1111 1315 1166 1369 est
1180 1307 1248 1370 hoc
1270 1306 1355 1383 iter,
1376 1322 1443 1367 nec
1462 1320 1575 1367 naves

344 1427 484 1492 semper
498 1412 533 1475 in
548 1422 714 1492 promptu
729 1423 827 1493 sunt,
844 1432 916 1478 non
937 1413 1136 1495 probabant
1155 1423 1194 1477 ut
1215 1414 1274 1477 alii
1295 1412 1380 1475 illud
1399 1423 1573 1484 tenerent,

343 1518 412 1582 nisi
426 1528 499 1583 tarn
514 1521 615 1583 multi
630 1531 759 1601 essent,
775 1533 814 1585 ut
828 1522 951 1585 navim
972 1522 1038 1601 ipsi
1060 1530 1203 1602 possent
1219 1520 1428 1584 conducere.
1450 1517 1574 1599 Quem·

340 1624 423 1689 dam
439 1636 560 1689 autem
571 1627 735 1692 adierunt
747 1627 923 1708 Basileae,
936 1628 1145 1693 eruditionis
1157 1627 1299 1691 nomine
1310 1626 1498 1703 celebrem,
1510 1624 1573 1689 sed

341 1733 532 1796 haereseos
547 1746 766 1815 suspectum,
791 1745 829 1799 ut
847 1736 946 1816 ipsos
965 1736 1011 1799 ad
1029 1735 1125 1805 hanc
1142 1734 1408 1814 navigationem
1428 1730 1571 1812 adjuva·

341 1846 406 1917 ret,
424 1857 444 1902 a
460 1856 529 1921 quo
545 1841 800 1906 humanissime
816 1843 956 1923 excepti
971 1853 1065 1921 sunt,
1080 1851 1118 1905 et
1131 1840 1257 1920 effecit,
1273 1852 1311 1904 ut
1333 1858 1353 1903 a
1368 1840 1487 1903 nautis
1500 1856 1572 1902 non

340 1946 540 2026 plusquam
550 1945 683 2027 justum
700 1949 852 2028 pretium
867 1949 1083 2029 exigeretur;
1097 1966 1181 2013 nam
1195 1948 1257 2028 illi,
1275 1945 1572 2027 quemadmodum

339 2064 375 2115 et
390 2054 537 2133 aurigae
552 2064 586 2117 et
603 2055 763 2135 hospites
777 2055 960 2134 haeretici,
979 2057 1058 2137 plus
1072 2056 1254 2136 accipiunt
1268 2055 1313 2117 ab
1328 2054 1395 2132 his,
1411 2069 1501 2133 quos
1514 2070 1569 2117 ca·

340 2158 491 2221 tholicos
501 2170 691 2225 noverunt.

404 2263 492 2329 1823.
535 2266 674 2331 Afflixit
698 2278 815 2333 autem
836 2270 975 2333 animos
994 2280 1196 2333 nostrorum
1215 2268 1408 2347 insignium
1426 2267 1570 2347 templo·

340 2390 420 2435 rum
434 2375 538 2436 ruina
554 2383 614 2438 aut
631 2375 845 2456 profanatio,
862 2394 954 2457 quae
968 2377 1103 2457 passim
1117 2377 1340 2454 occurrebat,
1355 2384 1390 2437 et
1410 2373 1572 2453 blasphe-

341 2480 444 2558 miae,
471 2497 561 2560 quas
587 2481 623 2544 in
649 2483 786 2562 plateiS,
809 2484 1005 2564 oenopoliis
1030 2488 1051 2561 ¹,
1078 2482 1241 2545 curribus
1258 2493 1293 2545 et
1313 2481 1477 2561 navibus,
1500 2498 1571 2545 non

340 2588 455 2649 solum
470 2596 595 2651 contra
610 2586 817 2653 Pontificem
833 2589 895 2653 sed
910 2599 1036 2653 contra
1050 2587 1178 2669 Deum,
1192 2588 1394 2669 audiebant,
1407 2605 1488 2652 cum
1500 2596 1570 2651 tur·

338 2693 493 2774 pissimis
507 2695 739 2760 sermonibus.

403 2799 492 2865 1824.
536 2801 814 2868 Concionatores
829 2810 959 2885 autem,
974 2805 1148 2869 cerdones
1162 2806 1280 2886 potius
1294 2807 1427 2868 vestitu
1441 2815 1477 2867 et
1498 2820 1570 2866 mo·

339 2909 448 2986 ribus,
466 2926 573 2990 quam
588 2911 858 2976 concionatores
870 2913 1093 2976 videbantur:
1107 2913 1214 2976 immo
1227 2922 1261 2975 et
1271 2915 1361 2976 tales
1372 2917 1384 2948 ¹
1394 2929 1440 2974 ex
1450 2909 1571 2974 infima

340 3015 441 3095 plebe
468 3029 583 3081 erant.
606 3018 700 3082 Inter
723 3035 761 3082 se
782 3029 903 3084 autem
928 3022 1199 3084 concionatores
1221 3019 1369 3084 mirifice
1393 3019 1570 3100 discrepa-

339 3124 436 3189 bant.
459 3122 550 3188 Nam
570 3134 883 3204 argentoratenses
900 3125 924 3206 ⁸,
945 3129 1004 3207 qui
1023 3127 1219 3191 Lutherum
1238 3127 1488 3206 sequebantur,
1508 3143 1569 3207 pu·

340 3229 440 3293 blicis
473 3232 646 3295 conviciis
671 3249 691 3295 e
725 3243 897 3314 suggestu
927 3235 1154 3312 basilienses,
1184 3233 1337 3313 Zuinglii
1361 3244 1568 3312 sectatores,

340 3337 578 3416 incessebant,
595 3356 638 3402 ac
653 3348 877 3420 tygurenses.
894 3341 938 3404 Et
953 3341 1094 3405 interim
1113 3341 1286 3405 florebant
1300 3340 1424 3422 opibus
1438 3341 1475 3404 hi
1490 3356 1569 3404 con·

339 3445 541 3508 cionatores
571 3455 604 3508 et
638 3446 848 3524 honoribus,
880 3448 1187 3528 comessabantur,
1219 3448 1503 3523 inebriabantur,
1534 3458 1570 3510 et

339 3552 566 3632 evangelium
581 3569 684 3616 suunt
700 3555 792 3618 inter
807 3558 935 3636 pocula
949 3557 1063 3636 plenis
1076 3556 1199 3620 buccis
1215 3555 1447 3634 detonabant,
1467 3565 1502 3618 et
1516 3572 1568 3617 se·

338 3659 526 3723 curitatem
540 3660 665 3724 salutis
680 3678 766 3724 suae
780 3663 901 3726 verbis
918 3661 1140 3743 jactitabant.

401 3765 490 3829 1825.
534 3765 645 3830 Rudis
659 3768 854 3849 plebecula,
872 3781 909 3833 ut
929 3781 1103 3851 exparte,
1120 3771 1231 3833 nostri
1251 3779 1333 3833 sunt
1348 3769 1502 3849 experti,
1518 3768 1567 3831 la·

338 3873 405 3937 cile
420 3874 466 3936 ab
480 3873 615 3938 insanis
629 3875 810 3940 erroribus
826 3877 954 3940 abduci
969 3878 1158 3957 potuisset,
1171 3876 1240 3940 nisi
1255 3878 1300 3940 ab
1315 3877 1371 3940 his
1384 3875 1568 3955 magistris

337 3980 373 4042 in
388 3997 509 4043 errore
524 3980 827 4057 confirmarentur,
842 3985 901 4064 qui
917 3993 1036 4047 tamen
1051 3983 1139 4047 satis
1153 3983 1375 4064 negligenter
1385 3985 1422 4046 in
1437 3983 1569 4047 scholis

337 4087 525 4166 docebant,
542 4097 576 4150 et
592 4105 725 4167 paucos
740 4088 934 4171 discipulos
949 4091 1136 4154 habebant.
1154 4089 1353 4170 Diligenter
1364 4099 1481 4155 tamen
1494 4090 1569 4154 suis

338 4195 517 4258 crumenis
533 4196 775 4259 consulebant.

401 4301 490 4365 1826.
535 4300 677 4382 Spiram
702 4315 819 4366 autem
842 4306 1101 4385 pervenientes,
1129 4306 1315 4386 quemdam
1338 4306 1485 4371 fratrem
1508 4323 1570 4370 no-

342 4443 552 4454 *—

377 4505 386 4538 ¹
413 4505 608 4560 ltnenopottrs.

376 4581 387 4608 ¹
413 4577 462 4622 bis.
474 4579 528 4622 imo
539 4582 563 4622 et
574 4579 653 4632 tales,
663 4581 716 4622 imo
725 4591 758 4622 ex
768 4581 861 4636 infima
872 4581 958 4636 plebe.
970 4612 977 4624 .

368 4650 386 4680 ³
413 4648 460 4694 lds.
472 4653 753 4702 argentaroranenses.
