3642 5350
829 416 894 475 An.
916 414 986 473 1556
1469 408 1525 468 443

286 596 288 603 ’
355 564 443 629 1897.
487 563 642 645 Subjecit
667 563 792 629 deinde
817 581 855 627 se
881 563 1012 644 optime
1036 560 1179 625 novisse
1205 558 1243 621 Ρ.
1274 557 1450 637 Ignatium
1478 574 1521 619 eo

293 682 462 753 tempore,
479 690 549 753 quo
565 672 669 753 pullis
684 672 842 735 vestibus
854 670 998 734 indutus
1009 670 1046 732 in
1057 668 1244 749 Hispania,
1256 665 1302 728 ad
1314 664 1406 727 DJ*m
1422 656 1521 727 Eleo-

294 796 422 843 noram
436 778 717 859 Mascharegnas
732 776 739 807 ¹
757 779 790 857 (a
810 796 879 860 qua
900 776 979 841 Rex
997 775 1227 853 educabatur)
1250 772 1374 836 venire
1398 771 1524 835 solitus

294 896 381 950 erat.

357 994 444 1059 1898.
488 992 626 1059 Deinde
650 994 694 1059 de
718 996 825 1060 rebus
849 996 885 1058 in
910 995 1009 1059 India
1032 994 1144 1075 gestis
1166 1012 1188 1056 a
1209 990 1388 1056 Societate
1412 1003 1522 1067 agere

295 1112 499 1183 coeperunt,
516 1114 551 1167 et
564 1102 642 1167 Rex
657 1102 703 1167 ad
717 1118 756 1165 se
770 1099 783 1131 ³
796 1102 927 1166 deferri
941 1102 1054 1165 voluit
1068 1101 1216 1177 litteras,
1232 1098 1353 1162 ultimo
1366 1112 1411 1160 ex
1421 1094 1521 1158 India

295 1220 473 1290 acceptas,
489 1228 578 1292 quas
592 1211 698 1275 biduo
714 1221 796 1275 ante
811 1210 939 1276 Comiti
952 1210 982 1273 F
983 1210 1080 1273 eriae
1095 1210 1133 1273 Ρ.
1149 1207 1398 1287 Ribadeneyra
1418 1204 1520 1267 dede-

294 1317 508 1381 rat.Deinde
517 1318 720 1399 praedictus
731 1318 859 1383 Comes
870 1318 997 1381 Feriae
1008 1318 1223 1399 Episcopum
1234 1314 1522 1379 Attrcbatensem

295 1425 365 1499 (hic
379 1435 515 1505 postea,
532 1425 732 1490 Cardinalis
747 1424 904 1505 effectus,
922 1425 1185 1489 Granvellanus
1203 1431 1353 1506 vocatus
1366 1420 1448 1498 est),
1469 1430 1524 1482 est

295 1532 483 1612 allocutus,
503 1544 538 1597 ut
554 1533 690 1597 videret
705 1550 774 1613 quo
787 1534 823 1597 in
838 1542 934 1597 statu
948 1550 1007 1596 res
1021 1541 1157 1610 essent,
1175 1539 1209 1593 et
1223 1529 1380 1609 suscepit
1394 1544 1521 1607 urgen-

295 1638 379 1702 dum
394 1639 566 1704 Comitem
580 1639 787 1720 Ruigomez;
804 1641 863 1721 qui
879 1638 1021 1721 [Comes
1034 1636 1173 1719 Feriae]
1185 1653 1258 1701 non
1273 1638 1387 1703 solum
1398 1644 1436 1699 ut
1448 1651 1527 1714 pro·

295 1748 411 1826 prium
435 1748 504 1811 hoc
529 1758 735 1828 susceperat
754 1749 952 1828 negotium,
972 1748 1036 1811 sed
1057 1746 1349 1828 quandocumque
1374 1742 1419 1806 ad
1444 1758 1524 1804 eum

295 1856 408 1917 nostri
433 1856 667 1933 accedebant,
689 1856 852 1919 omnibus
873 1856 968 1934 aliiS,
990 1855 1097 1918 etiam
1117 1853 1309 1935 primariae
1329 1850 1526 1915 nobilitatis

295 1960 383 2024 viris
397 1962 545 2042 relictiS,
563 1963 609 2026 ad
623 1980 685 2026 eos
705 1962 910 2042 accedebat,
934 1973 968 2026 et
987 1964 1031 2026 de
1049 1962 1155 2025 rebus
1174 1971 1319 2025 nostrae
1334 1957 1526 2023 Societatis

296 2067 553 2134 studiosissime
568 2087 649 2132 cum
665 2071 717 2133 eis
730 2071 955 2152 loquebatur,
969 2078 1004 2133 et
1018 2079 1139 2133 tamen
1158 2079 1239 2149 post
1253 2066 1428 2131 Comitem
1440 2063 1521 2127 Rui-

295 2191 422 2255 gomez
446 2177 580 2256 primas
605 2178 699 2259 apud
719 2177 854 2258 Regem
873 2186 994 2241 tenere
1019 2178 1242 2240 censebatur.
1268 2174 1359 2238 Nam
1382 2180 1525 2253 praeter

295 2299 403 2362 quam
417 2283 511 2363 quod
525 2302 571 2347 cx
585 2286 725 2365 magnis
744 2284 939 2365 Hispaniae
959 2266 1179 2365 principibus
1192 2291 1302 2361 esset,
1320 2279 1527 2344 Praefectus

300 2386 468 2454 Praesidii
493 2392 583 2471 regii
603 2392 820 2471 (custodiam
840 2392 988 2471 vocant)
1003 2403 1091 2470 erat,
1114 2401 1148 2455 et
1166 2407 1248 2453 cum
1266 2390 1344 2469 ipso
1363 2386 1462 2465 Rege
1481 2386 1527 2449 ab

298 2496 439 2561 incunte
455 2508 571 2562 aetate
586 2498 703 2563 iuerat
719 2500 900 2573 educatus
919 2509 953 2563 et
968 2501 1036 2580 ipsi
1050 2500 1155 2562 valde
1169 2497 1354 2563 familiaris
1368 2503 1457 2557 erat.

359 2602 447 2667 1899.
491 2606 585 2669 Dum
610 2607 647 2669 P.
674 2606 922 2689 Ribadeneyra
946 2625 1027 2670 cum
1048 2605 1146 2686 Rege
1170 2606 1389 2686 loqueretur,
1415 2600 1526 2665 Fran-

299 2712 433 2777 ciscum
453 2713 663 2778 Ghiraldum
686 2716 722 2778 in
745 2715 901 2779 citeriori
926 2715 1088 2778 cubiculo
1113 2713 1221 2795 aliqui
1242 2729 1287 2775 ex
1310 2709 1527 2791 primoribus

299 2819 618 2900 circumsteterunt,
636 2821 728 2885 etde
744 2820 933 2886 Societatis
944 2820 1151 2884 dilatatione
1164 2821 1275 2882 multa
1285 2816 1524 2899 postulabant.

299 2925 398 2990 Tunc
414 2928 588 2991 Dominus
602 2927 761 2992 Didacus
776 2927 819 2992 de
834 2929 1011 3006 Cordoba,
1029 2928 1089 3009 qui
1103 2945 1194 2991 unus
1209 2937 1286 2990 erat
1300 2943 1346 2988 ex
1360 2925 1422 3004 eis,
1440 2931 1474 2986 et
1488 2923 1527 2984 in

301 3032 408 3113 Regis
428 3035 591 3099 cubiculo
611 3051 763 3114 magnae
787 3035 1026 3114 auctoritatiS,
1044 3035 1159 3114 coepit
1179 3034 1222 3097 de
1244 3032 1404 3112 Collegio
1418 3029 1524 3093 Vien-

299 3141 400 3203 nensi
423 3157 556 3222 magna
580 3141 706 3206 ceteris
731 3142 886 3222 reserre;
914 3141 1153 3205 confessarius
1179 3142 1285 3206 etiam
1312 3139 1421 3219 Regis
1445 3137 1527 3218 (qui

300 3258 440 3326 praeter
456 3251 619 3329 superius
630 3249 743 3313 dictos
759 3251 1047 3329 concionatores,
1065 3250 1132 3314 hoc
1147 3251 1255 3314 etiam
1267 3263 1413 3312 munere
1424 3245 1526 3324 iungi

299 3356 424 3419 solitus
438 3360 537 3434 erat),
555 3357 615 3436 qui
630 3359 838 3421 concionem
851 3358 888 3421 in
907 3359 964 3422 die
986 3359 1208 3439 Epiphaniae
1228 3356 1386 3420 habitam
1409 3353 1525 3417 audic-

299 3471 371 3542 rat,
388 3463 582 3526 amicitiam
597 3463 636 3526 Ρ.
649 3463 923 3546 Ribadeneyrae
938 3465 1146 3530 ostendebat
1160 3483 1168 3546 ;
1191 3475 1294 3528 caute
1308 3473 1427 3526 tamen
1443 3457 1527 3541 [hic]

300 3587 381 3632 cum
396 3587 438 3634 eo
454 3571 538 3649 egit,
555 3571 649 3650 quod
664 3572 818 3635 amicum
833 3573 938 3636 valde
952 3574 1096 3636 dubium
1110 3573 1364 3653 suspicaretur.

362 3675 449 3740 1900.
496 3678 550 3741 Ex
565 3677 704 3742 duobus
717 3679 826 3758 igitur
841 3681 995 3758 negotiis
1008 3680 1221 3760 praecipuis
1237 3678 1372 3742 scilicet
1383 3674 1528 3740 Domini

299 3782 448 3865 Joannis
463 3785 506 3848 de
520 3783 693 3848 Mendoza
708 3795 742 3849 et
758 3787 998 3866 collegiorum,
1016 3788 1114 3867 prius
1125 3797 1221 3850 recte
1231 3785 1436 3866 expeditum
1449 3781 1525 3856 fuit;

300 3901 335 3954 et
349 3890 502 3955 Domino
517 3892 653 3956 Alvaro
669 3893 711 3957 de
726 3893 910 3972 Mendoza,
928 3893 1002 3973 (cui
1023 3912 1087 3975 per
1105 3912 1215 3975 equos
1230 3893 1422 3973 dispositos
1441 3907 1526 3951 nun·

300 3999 430 4068 clatum
445 3997 572 4075 luerat,
589 4001 711 4064 relicto
730 3999 857 4065 Castro
872 3999 987 4080 Novo,
1004 4000 1079 4081 ejus
1097 4002 1246 4065 fratrem
1265 4000 1311 4064 ad
1331 3999 1527 4079 Collegium

299 4105 489 4170 Societatis
503 4107 655 4182 venisse,
670 4115 704 4170 et
718 4107 768 4170 ita
783 4109 1044 4189 praefecturam
1059 4107 1135 4188 ejus
1149 4109 1244 4172 arcis
1259 4127 1280 4172 a
1297 4107 1395 4187 Rege
1406 4107 1527 4171 statim

299 4213 374 4294 ipse
389 4213 608 4294 postulavit),
622 4230 831 4278 concessum
846 4215 912 4279 suit
928 4213 939 4246 ¹
954 4215 1118 4295 officium,
1134 4216 1229 4297 quod
1240 4214 1317 4295 ejus
1331 4215 1441 4279 irater
1457 4212 1528 4278 Do·

299 4320 414 4384 minus
432 4319 588 4402 Joannes
609 4320 798 4385 habuerat:
815 4331 849 4384 et
865 4322 914 4385 ita
930 4320 1059 4386 Comes
1073 4321 1269 4402 Ruigomez
1292 4323 1429 4386 censuit
1448 4322 1526 4385 reti·

341 4527 345 4554 ¹
375 4525 421 4571 Mn.
433 4537 449 4568 a
461 4526 493 4570 D.
505 4525 625 4570 Leonam
635 4525 858 4581 Mascaaregnas.

339 4599 350 4628 ³
376 4597 497 4642 Haase.

339 4669 351 4699 ὃ
378 4669 531 4724 Masinissa.
