3642 5350
349 433 404 493 436
699 500 705 513 ,
807 431 935 491 Cnaou.
955 428 1032 489 Soc.
1056 428 1127 503 Jas.

350 579 395 643 iis
420 579 711 658 disponebantur,
738 576 941 640 Turnacum
966 576 1033 639 iret
1052 574 1091 637 P.
1112 572 1376 654 Ribadeneyra,
1398 581 1436 634 ut
1461 571 1581 650 aliqua

351 686 458 749 etiam
483 685 550 764 ibi,
577 701 668 765 quae
693 685 737 747 ab
763 682 926 747 instituto
950 681 1139 776 Societatis
1163 682 1331 745 recedere
1352 678 1577 757 videbantur,

351 792 388 856 in
402 792 583 855 meliorem
597 790 748 855 sormam
764 790 957 869 redigeret3
980 789 1043 853 sed
1063 788 1146 852 dum
1167 787 1212 852 ad
1231 789 1299 860 iter
1313 789 1381 850 hoc
1406 802 1444 849 se
1462 785 1580 849 accin-

352 908 489 980 gerent,
502 898 689 963 Bruxelias
704 898 843 961 evocati
859 897 1001 960 luerunt
1017 896 1063 959 ad
1078 896 1286 960 concionem
1302 895 1337 958 in
1357 894 1413 965 die
1427 891 1580 972 Epipha-

352 1007 445 1084 niae,
462 1017 499 1069 ut
514 1006 667 1069 diximus
685 1004 704 1083 ¹,
722 1002 934 1073 habendam,

416 1110 504 1176 1872.
549 1111 698 1176 Curavit
722 1112 880 1187 interim,
908 1120 946 1173 ut
971 1127 1034 1190 per
1059 1108 1097 1172 P.
1123 1108 1321 1173 Adrianum
1346 1124 1391 1170 ex
1419 1106 1583 1186 registris

352 1220 577 1300 theologicae
600 1217 783 1281 facultatis
805 1217 1022 1280 lovaniensis
1041 1217 1288 1280 extraheretur
1311 1212 1386 1294 eius
1407 1212 1582 1294 approba«

352 1326 460 1389 tionis
475 1328 691 1404 exemplum,
708 1341 799 1405 quae
824 1322 1031 1404 jamdudum
1047 1322 1092 1386 ad
1111 1322 1286 1401 Reginam
1307 1319 1458 1384 Mariam
1471 1318 1582 1387 missa

352 1434 484 1507 iuerat,
501 1431 601 1511 cujus
616 1442 718 1496 tenor
733 1432 790 1493 hic
805 1432 982 1494 inseretur
996 1429 1019 1490 ³.

415 1538 503 1603 1873.
547 1537 729 1602 Adrianus
745 1537 901 1601 Cornelii
916 1537 959 1601 de
974 1535 1147 1600 Brouiver
1159 1534 1343 1613 Schaven,
1365 1534 1494 1599 artium
1509 1551 1582 1599 ma-

350 1648 474 1727 gister,
491 1656 526 1710 et
540 1662 666 1711 sacrae
682 1646 884 1725 theologiae
899 1643 1097 1725 professor,
1116 1643 1230 1706 almae
1245 1642 1496 1719 Universitatis
1511 1651 1582 1706 stu·

352 1754 400 1818 dii
422 1754 602 1831 generalis
623 1751 742 1833 oppidi
763 1752 994 1830 lovaniensis
1015 1751 1205 1815 leodiensis
1224 1750 1414 1829 dioecesiS,
1437 1748 1580 1828 Rector,

350 1860 459 1942 judex
483 1861 687 1925 ordinarius
713 1860 870 1923 omnium
889 1869 924 1925 et
944 1859 1166 1938 singulorum
1187 1857 1424 1921 membrorum
1444 1857 1579 1921 schola·

351 1986 431 2033 rum
446 1978 480 2032 et
499 1968 765 2049 suppositorum
785 1965 943 2046 ejusdem
959 1982 980 2028 a
995 1964 1063 2029 st·
1077 1963 1166 2029 Sede
1181 1965 1399 2046 Apostolica,
1413 1962 1507 2045 quod
1521 1980 1582 2026 no-

353 2076 483 2139 torium
505 2092 584 2137 esse
607 2074 826 2154 dignoscitur
842 2071 865 2151 ⁸,
895 2071 1098 2153 specialiter
1118 2071 1328 2152 deputatus;
1354 2072 1532 2136 universis
1545 2080 1583 2137 ei

351 2182 500 2261 singulis
515 2191 720 2261 praesentes
734 2182 872 2244 litteras
886 2180 1112 2260 inspecturis
1126 2180 1271 2243 lecturis
1286 2180 1421 2260 pariter
1436 2189 1470 2242 et
1485 2178 1580 2242 audi·

351 2290 462 2352 turis:
488 2287 618 2352 Notum
640 2287 793 2351 sacimus
819 2299 853 2350 et
879 2287 1125 2368 praesentibus
1149 2296 1369 2365 attestamur,
1391 2285 1485 2368 quod
1509 2286 1584 2366 pri-

352 2396 432 2460 dem
444 2413 465 2458 a
477 2393 710 2459 serenissima
722 2393 786 2457 DJ
798 2394 924 2472 Maria,
938 2394 1076 2473 Regina
1087 2393 1196 2457 vidua
1208 2393 1415 2472 Hungariae
1427 2404 1461 2456 et
1472 2393 1582 2456 Bohe·

353 2504 457 2583 miae,
471 2500 603 2566 Sacrae
616 2501 814 2566 Caesareae
830 2500 1026 2581 Maiestatis
1038 2501 1074 2564 in
1089 2500 1283 2564 Germania
1293 2500 1452 2563 inferiori
1465 2500 1583 2563 locum

351 2618 505 2690 tenente,
521 2609 673 2673 facultas
688 2626 814 2672 sacrae
831 2608 1031 2688 theologiae
1050 2606 1251 2670 antedictae
1265 2607 1516 2672 Universitatis
1530 2610 1604 2669 re·

351 2720 494 2800 quisita,
516 2727 555 2781 ut
576 2718 690 2780 bullas
711 2727 745 2780 et
765 2713 954 2796 privilegia
975 2714 1164 2779 Societatis
1183 2716 1269 2798 Jesu
1288 2715 1527 2792 examinaret,
1548 2725 1585 2780 et

352 2827 437 2906 quid
456 2825 523 2889 sibi
546 2825 588 2888 de
615 2825 708 2887 iilius
727 2823 889 2888 iustituto
905 2823 1097 2902 videretur,
1120 2821 1286 2900 referret,
1313 2822 1446 2886 eisdem
1466 2822 1583 2900 buiiiS,

353 2931 550 3012 privilegiis
565 2941 703 2994 mature
718 2932 824 3007 visis,
840 2930 1054 2994 examinatis
1078 2939 1113 2992 et
1133 2929 1322 3006 discussis;
1349 2929 1585 2993 consideratis

355 3055 494 3120 quoque
516 3039 672 3100 moribus
694 3048 729 3101 et
747 3037 1021 3100 conversatione
1043 3054 1181 3114 eorum,
1206 3037 1266 3117 qui
1286 3034 1444 3099 dedicta
1467 3033 1584 3098 Socie-

355 3155 427 3208 tate
443 3147 479 3208 in
494 3145 654 3223 pluribus
666 3145 768 3207 annis
780 3161 910 3224 magno
924 3162 1005 3207 cum
1016 3143 1134 3206 fructu
1146 3153 1180 3206 et
1192 3142 1437 3206 aedificatione
1452 3142 1584 3208 Christi

355 3251 510 3316 fidelium
543 3264 717 3331 egerunt:
754 3251 951 3331 Respondit
984 3251 1098 3314 eidem
1130 3248 1385 3314 serenissimae
1413 3249 1584 3330 Reginae:

356 3361 478 3422 eorum
494 3357 696 3423 institutum
712 3359 807 3435 pium
823 3359 856 3421 'et
872 3368 1037 3421 sanctum
1051 3358 1128 3422 i'ore
1143 3367 1177 3420 et
1191 3357 1277 3420 nihil
1292 3359 1327 3420 in
1343 3374 1465 3421 eorum
1479 3357 1585 3439 privi-

355 3465 472 3544 legiis,
488 3450 835 3544 bullis,'mor1busac
851 3464 1125 3528 conversatione
1140 3465 1308 3541 inveniri,
1329 3465 1422 3546 quod
1437 3465 1504 3528 toti
1521 3464 1586 3528 Ec-

358 3572 488 3634 clesiae
504 3580 538 3636 et
553 3571 590 3636 in
610 3569 768 3634 inferiori
786 3569 979 3634 Germania
1001 3589 1073 3634 non
1095 3570 1142 3634 sit
1162 3572 1361 3653 expeditius
1379 3582 1414 3635 et
1429 3573 1525 3635 utile.
1541 3572 1586 3638 Et

358 3679 440 3758 quia
460 3679 549 3741 haec
569 3677 620 3740 sic
641 3694 719 3740 esse
740 3677 991 3756 cognoscimus
1012 3687 1047 3740 et
1069 3678 1309 3742 testimonium
1330 3680 1473 3742 veritati
1490 3679 1586 3742 ‘exhi-

358 3787 442 3850 bere
458 3783 586 3849 merito
606 3783 790 3863 debemuS,
812 3782 946 3847 idcirco
966 3785 1003 3847 in
1024 3785 1302 3865 praemissorum
1321 3784 1424 3849 iidem
1439 3787 1586 3849 ettesti·

357 3892 532 3970 monium,
554 3899 759 3969 praesentes
779 3901 921 3954 nostras
941 3889 1079 3956 litteras
1098 3890 1227 3955 excudi
1246 3891 1334 3970 lieri,
1356 3901 1391 3954 et
1405 3909 1468 3973 per
1482 3892 1588 3957 Nota·

357 3999 448 4062 rium
482 3997 663 4079 publicum
697 3997 888 4075 subscribi,
919 3997 1096 4077 sigillique
1130 4008 1330 4062 rectoratus
1362 3998 1478 4064 dictae
1506 4001 1588 4064 Uni-

400 4241 406 4272 Ι
437 4237 477 4282 Nu
497 4237 643 4287 er.n.1862.

399 4309 410 4326 “
437 4247 640 4354 Adpinierlorem
650 4309 761 4364 paginae
776 4319 858 4364 orum,
868 4320 919 4364 qua
930 4318 1053 4355 consutus
1067 4318 1107 4356 est
1122 4311 1197 4365 liber,
1213 4312 1278 4356 haec
1294 4314 1423 4364 leguntur,
1437 4320 1466 4357 ut
1477 4314 1590 4364 videtur.

359 4379 472 4424 dictand
483 4381 627 4432 librarium,
640 4381 683 4434 qui
693 4391 803 4436 sequens
813 4380 1010 4426 instrumentum
1021 4387 1080 4426 erat
1094 4383 1280 4438 exscripturus:
1291 4382 1324 4428 de
1334 4385 1415 4427 verbo
1428 4385 1465 4427 ad
1478 4378 1589 4429 verbr'tm

357 4451 442 4496 acrrin‘
451 4454 560 4506 poterit.
577 4451 695 4495 atterunt
712 4452 761 4495 hoc
778 4453 977 4498 instrumentum
994 4451 1166 4502 ominans.
1181 4454 1198 4499 i.
1210 4455 1295 4504 c.,lib.
1311 4467 1335 4506 x,
1351 4467 1376 4499 ιι.
1392 4455 1437 4506 itta:
1448 4454 1592 4501 Cartus'de

359 4521 416 4566 San
429 4521 547 4638 lllgttacio,
558 4535 575 4566 t.
588 4534 623 4578 vr,
635 4533 696 4577 pag.
706 4524 754 4576 ⁵59,
765 4523 808 4568 ubi
823 4523 943 4569 Rectoris
959 4536 1050 4568 nomen
1064 4527 1195 4570 scribitur:
1211 4526 1342 4574 Adrianus
1354 4527 1467 4572 Cornelii
1483 4529 1514 4572 de
1528 4528 1590 4573 Bro-

358 4603 427 4638 ποι·
447 4604 523 4638 aven.

398 4665 410 4698 ⁸
437 4664 484 4711 iis.
495 4666 653 4712 denuncietur.
