3642 5350
758 405 822 464 Au.
844 404 915 464 1056
1413 405 1460 464 57·

216 552 418 616 affirmabat
433 553 563 633 prioris
577 552 703 616 classis
717 553 888 631 magister
903 569 942 614 se
958 550 1041 614 alibi
1063 549 1294 616 modestiores
1317 551 1449 616 vidisse

218 660 334 722 nullos
351 661 371 721 ¹.

283 766 350 829 167.
395 766 621 846 Cogebantur
637 776 755 831 autem
771 783 894 830 omnes
910 768 1018 830 etiarn
1033 768 1161 831 aetatis
1180 766 1284 831 valde
1305 766 1450 831 tenerae

216 873 406 936 admittere
422 873 547 954 nebia,
574 875 635 955 qui
653 876 831 954 repulsam
851 884 1067 955 paterentur,
1091 875 1300 955 praesertim
1322 892 1452 956 paupe·

220 982 337 1060 ribus,
364 979 568 1045 offendiculi
593 982 817 1045 occasionem
841 982 1069 1063 praeberent;
1095 983 1260 1063 quamvis
1286 982 1384 1045 labor
1407 999 1452 1045 ex

217 1087 444 1152 multitudine
465 1097 654 1168 cresceret,
676 1105 755 1151 cum
775 1097 917 1169 praeter
938 1088 1275 1169 trigintaquinque,
1298 1089 1358 1169 qui
1377 1086 1452 1152 Ste-

217 1194 378 1274 phanum
392 1195 594 1274 audiebant,
611 1194 684 1260 lere
700 1206 841 1260 centum
857 1197 1091 1275 posteriorem
1102 1197 1311 1276 magistrum
1328 1195 1451 1259 obrue·

217 1309 311 1378 rent,
327 1313 362 1364 et
378 1302 441 1364 vix
455 1303 581 1366 domus
596 1313 631 1365 et
645 1303 767 1367 schola
783 1303 860 1384 ipsa
876 1312 950 1366 tarn
964 1305 1094 1366 multos
1109 1320 1236 1384 capere
1257 1312 1389 1384 posset.

284 1407 353 1470 168.
396 1406 626 1473 Successerat
651 1408 851 1489 Stephanus
871 1408 1045 1489 Magistro
1065 1407 1170 1473 Petro
1190 1408 1325 1490 Sylvio,
1348 1409 1454 1474 valde

217 1515 360 1578 erudito
375 1521 398 1595 ¹;
415 1515 476 1578 sed
491 1516 574 1595 quia
590 1514 793 1596 Stephanus
806 1515 930 1580 Italiae
944 1532 1078 1579 morem
1094 1516 1130 1579 in
1149 1515 1309 1579 docendo
1331 1532 1455 1579 serva·

220 1622 293 1700 bat,
316 1621 480 1685 omnibus
498 1622 603 1686 valde
623 1622 876 1686 satisfaciebat.
898 1623 994 1686 Inter
1014 1639 1087 1701 eoS,
1110 1622 1171 1703 qui
1192 1630 1278 1685 natu
1299 1620 1453 1702 maiores

220 1737 337 1807 erant,
354 1729 464 1809 aliqui
478 1738 580 1793 erant
594 1730 665 1810 qui,
681 1745 803 1792 raram
817 1729 914 1793 vitae
930 1730 1119 1810 puritatem
1134 1739 1332 1808 servanteS,
1346 1729 1453 1792 etiam

219 1834 268 1897 ad
281 1836 531 1916 perfectiorem
549 1836 641 1899 vitae
656 1845 787 1900 statum
802 1836 1020 1916 aspirabant.
1043 1836 1138 1899 Inter
1158 1837 1353 1900 teneriores
1371 1853 1452 1916 pue·

222 1960 283 2006 ros
300 1943 442 2024 quidam
458 1943 639 2022 septennis
653 1943 718 2007 luit
732 1943 803 2024 qui,
821 1959 902 2006 cum
918 1952 1105 2023 aegrotare
1120 1943 1306 2024 coepisset,
1328 1944 1455 2007 sollici·

220 2059 280 2113 tus
305 2059 425 2114 tamen
451 2059 528 2114 erat
553 2049 597 2114 de
621 2050 816 2114 christiana
838 2049 1013 2128 doctrina,
1036 2066 1145 2130 quam
1164 2050 1347 2128 didicerat,
1370 2050 1456 2113 ohli-

221 2157 321 2220 vioni
345 2175 417 2220 non
442 2156 635 2237 tradenda;
662 2164 696 2220 et
719 2157 770 2220 ita
795 2174 885 2236 earn,
911 2156 1125 2220 decumbens
1150 2158 1185 2220 in
1214 2158 1317 2236 lecto,
1348 2174 1456 2238 saepe
1501 2232 1508 2248 ,

221 2263 407 2344 repetebat
425 2281 468 2327 ac
488 2265 702 2328 domesticos
725 2264 885 2328 docebat.
906 2264 952 2328 Et
977 2281 1058 2327 cnm
1079 2264 1345 2343 ingravesceret
1364 2281 1456 2328 mor·

223 2372 302 2450 bus,
318 2371 407 2434 nihil
421 2389 459 2434 se
478 2380 630 2436 mortem
652 2372 786 2450 timere,
810 2371 918 2434 immo
942 2388 1021 2434 earn
1040 2379 1164 2451 optare
1186 2371 1337 2451 dicebat,
1361 2371 1456 2453 quod

220 2479 327 2542 citius
341 2479 378 2541 in
393 2480 529 2542 coelum
546 2480 705 2542 evolaret
719 2476 742 2541 ⁸.

287 2584 355 2649 169.
399 2584 487 2648 Cum
514 2595 633 2670 autem
656 2584 769 2649 Albae
797 2584 881 2648 Dux
904 2583 918 2614 ⁴
942 2582 1047 2663 hujus
1071 2585 1156 2647 anni
1181 2593 1350 2647 autumno
1374 2601 1455 2647 cum

224 2695 388 2757 exercitu
413 2710 458 2757 ex
486 2692 720 2774 Neapolitano
746 2708 856 2772 regno
884 2693 1043 2770 venienS,
1069 2692 1175 2755 urbes
1200 2690 1394 2772 Ecclesiae,
1422 2705 1457 2756 et

224 2801 317 2865 inter
339 2812 501 2865 caeteras
526 2800 660 2881 Tybur,
683 2809 905 2881 occupasset,
932 2800 1076 2863 scholae
1098 2800 1253 2863 maxima
1275 2818 1321 2863 ex
1342 2808 1455 2881 parte,

222 2908 296 2971 alio
312 2908 391 2971 aliis
405 2908 663 2986 recedentibus,
681 2906 875 2987 dissipatae
889 2907 1048 2986 suerunt,
1061 2907 1123 2969 sed
1135 2907 1259 2970 eodem
1269 2906 1458 2971 recedente

224 3031 352 3077 versus
372 3014 570 3095 Neapolim,
592 3025 627 3077 et
645 3012 788 3095 Tybure
809 3014 853 3076 ab
873 3012 1033 3077 Ecclesia
1052 3023 1275 3092 recuperato,
1296 3014 1332 3076 in
1350 3012 1458 3094 majo·

222 3138 300 3184 rem
316 3138 503 3185 numerum
519 3138 624 3201 quam
645 3137 801 3201 unquam
821 3119 964 3183 scholae
985 3129 1190 3199 creverunt,
1214 3137 1299 3183 nam
1317 3128 1459 3200 praeter

224 3228 374 3308 triginta
390 3229 656 3308 grammaticos
674 3236 816 3291 centum
831 3227 960 3306 viginti
976 3226 1034 3289 alii
1049 3236 1086 3289 ut
1100 3229 1219 3306 legere
1238 3244 1282 3290 ac
1301 3226 1458 3290 scribere

225 3332 406 3398 discerent
421 3336 692 3399 conveniebant.

289 3440 356 3503 170.
401 3440 604 3505 Christiana
619 3442 781 3505 doctrina
796 3458 866 3504 non
883 3441 997 3504 solum
1012 3439 1077 3515 his,
1103 3439 1165 3502 sed
1185 3440 1293 3503 etiam
1311 3440 1456 3521 populo,

222 3549 403 3627 explicata
418 3566 484 3629 pro
498 3565 596 3611 more
611 3548 692 3627 suit,
710 3557 899 3629 postquam
915 3546 1009 3610 enim
1020 3546 1143 3609 diebus
1153 3545 1339 3610 dominicis
1350 3564 1458 3610 evan·

222 3655 358 3733 gelium
373 3655 629 3735 exponebatur,
646 3671 796 3734 surgens
812 3671 899 3734 puer
914 3653 1145 3716 christianam
1161 3653 1360 3717 doctrinam
1371 3654 1459 3717 reci·

226 3761 336 3835 tabat,
353 3778 457 3842 quam
476 3762 601 3825 deinde
616 3761 653 3826 P.
671 3760 883 3825 Laurentius
898 3760 1209 3840 interpretabatur.

291 3867 358 3930 171.
401 3868 593 3931 Intermisit
607 3877 726 3932 autem
740 3868 806 3931 has
821 3868 990 3930 lectiones
1006 3876 1193 3947 postquam
1209 3864 1246 3929 P.
1260 3865 1456 3946 Bobadilla,
1476 3936 1479 3939 ,

225 3974 349 4055 Tyhur
365 3976 433 4038 hac
448 3984 583 4038 aestate
599 3974 746 4038 veniens
762 3973 784 4053 ⁵,
801 3976 837 4038 in
859 3972 1063 4037 Cathedrali
1083 3974 1232 4036 ecclesia
1252 3990 1356 4037 mane
1376 3990 1459 4037 con·

267 4218 276 4251 ¹
305 4217 373 4262 Vide
383 4228 471 4271 supra,
480 4222 499 4263 t.
509 4228 536 4271 v,
546 4228 607 4271 pag.
617 4214 652 4271 ⁴0,
662 4228 688 4261 n.
699 4216 745 4262 100.

267 4289 279 4322 ¹
308 4288 374 4334 Vlde
384 4300 473 4343 snpra,
484 4295 502 4332 t.
513 4300 539 4341 v.
549 4300 609 4344 pag.
619 4289 654 4343 00,
665 4300 690 4333 u.
701 4287 748 4345 100,
759 4293 847 4332 annot.
859 4288 904 4331 let
915 4298 975 4341 pag.
985 4287 1020 4341 53,
1028 4298 1054 4331 n.
1065 4287 1112 4333 107.

266 4360 279 4393 ⁸
304 4362 373 4406 Vlde
382 4360 503 4405 Litterae
513 4359 743 4414 Quadrlmestres,
752 4366 772 4405 t.
783 4370 819 4413 ιν,
830 4370 890 4414 pag.
902 4360 950 4404 161.

267 4432 279 4465 ⁴
306 4432 486 4478 Ferdlnandur
496 4434 610 4479 Alvarer
618 4434 649 4477 de
660 4432 765 4480 Tuledo.
774 4431 841 4478 Vlde
849 4442 938 4487 supra,
949 4438 967 4477 t.
975 4442 1071 4488 v,pag.
1083 4431 1129 4486 180,
1140 4443 1164 4477 n.
1174 4430 1223 4484 519,
1234 4436 1261 4474 et
1270 4437 1331 4485 t.1v,
1340 4440 1401 4486 pag.
1410 4430 1459 4485 100,

225 4512 315 4550 annot.
326 4506 350 4551 2.

268 4577 280 4609 ⁸
307 4576 395 4634 Tybur
411 4578 547 4623 Bobadilla
562 4582 735 4631 concesserat,
751 4576 822 4620 vlrea
838 4573 1008 4631 recuperandi
1023 4576 1120 4629 gratia.
1135 4574 1170 4618 “ll
1183 4574 1309 4630 porrador
1324 4572 1349 4616 dl
1365 4578 1458 4627 questa

227 4653 291 4695 sarh
305 4652 324 4696 ll
338 4651 379 4695 P.·
391 4650 439 4695 ll.⁰
454 4650 597 4705 Bobadilla,
615 4651 632 4694 ll
648 4650 724 4705 quale
739 4660 786 4705 per
800 4648 914 4693 trovarsl
926 4648 1067 4703 lndlspoato
1076 4659 1111 4692 va
1127 4648 1152 4691 ln
1162 4644 1352 4691 Tlvoll...-l)el
1361 4651 1459 4689 tratta-
