3642 5350
314 348 369 410 661
770 349 899 411 Canon.
920 345 997 408 Soc
1017 347 1088 422 Jrrs.

315 513 443 561 norum
457 496 495 561 P.
512 496 721 578 Hieronymi
736 495 944 560 Domenech
957 492 1159 559 vallisoleti
1174 491 1380 570 curandam,
1401 489 1542 556 cuidam

315 605 525 670 nominatim
539 605 631 669 banc
647 620 771 669 curam
786 602 974 680 commisit;
990 610 1026 667 et
1044 602 1127 684 quia
1148 619 1169 664 a
1184 598 1221 664 P.
1241 599 1390 664 Vicario
1404 597 1543 664 litteras

314 713 463 794 accepit,
480 712 605 794 quibus
620 729 702 776 eum
715 711 941 790 admonebat,
958 718 996 775 ut
1011 710 1057 775 ad
1077 708 1344 773 observantiam
1364 705 1539 772 Constitu·

314 821 449 884 tionum
464 836 506 883 ac
522 819 739 898 Regularum
753 817 791 883 P.
807 817 946 882 Natalis
961 834 1070 898 opera
1089 804 1266 896 uteretur,
1283 831 1416 879 seeum
1431 814 1540 878 fuisse

314 934 543 1004 retenturum,
560 927 591 991 si
609 927 646 990 in
662 926 835 1007 Hispania
854 925 995 1006 suisset,
1016 923 1216 1005 rescripsit;
1236 922 1299 987 sed
1321 922 1462 1005 quando
1482 923 1540 986 ille

314 1042 522 1114 recesserat,
538 1034 655 1098 Patris
668 1033 912 1114 Bustamante,
929 1049 1034 1114 quem
1046 1048 1156 1114 penes
1177 1048 1215 1096 se
1236 1030 1420 1110 retinebat,
1442 1030 1539 1095 auxi·

314 1142 362 1206 lio
377 1157 416 1205 se
430 1157 589 1206 usurum.

372 1247 464 1313 2857.
507 1248 563 1313 De
584 1247 887 1330 congregationis
901 1249 993 1326 loco,
1009 1246 1233 1312 Avenionem
1248 1246 1392 1328 quidam
1408 1245 1541 1326 praese·

315 1355 452 1435 rebant;
468 1355 531 1419 sed
545 1356 576 1420 si
590 1355 626 1420 id
641 1355 718 1420 fieri
733 1372 804 1420 non
819 1363 951 1436 posset,
968 1372 1034 1418 nec
1048 1352 1157 1418 Nizae
1171 1371 1236 1417 nec
1252 1352 1399 1418 Genuae
1415 1362 1453 1417 ut
1467 1354 1539 1432 alii,

314 1462 376 1527 sed
390 1462 526 1528 Romae
540 1463 741 1527 habendam
755 1479 833 1527 esse
853 1461 1040 1541 censebat,
1062 1479 1143 1526 cum
1163 1461 1282 1526 multis
1305 1461 1341 1524 in
1360 1461 1468 1525 rebus
1482 1478 1541 1526 au·

280 1579 283 1583 ’
315 1571 480 1635 ctoritate
496 1569 633 1636 Summi
647 1569 829 1643 Pontificis
843 1587 933 1650 opus
952 1587 1030 1634 esse
1045 1577 1175 1651 posset.

373 1677 466 1743 2858.
509 1676 636 1758 Quoad
650 1687 791 1758 tempus
805 1686 937 1757 autem,
953 1677 1113 1741 decrevit
1128 1685 1166 1740 ut
1177 1676 1290 1740 nostri
1301 1673 1541 1761 20.⁸Januarii

313 1787 495 1868 sequentis
509 1785 593 1849 anni
607 1783 928 1866 proficiscerentur,
946 1801 1027 1848 cum
1042 1782 1179 1863 frigora
1193 1799 1272 1847 sese
1294 1783 1473 1849 remittere
1490 1785 1540 1848 in·

314 1894 458 1976 cipiunt;
476 1901 514 1956 ut
529 1909 610 1956 cum
625 1909 782 1957 mensem
797 1908 905 1955 unum
922 1890 1056 1956 Romae
1071 1891 1271 1972 exigerent,
1292 1891 1407 1954 redire
1426 1891 1463 1955 in
1481 1891 1539 1954 Hi·

314 2002 478 2083 spaniam
492 2007 575 2064 ante
588 2000 775 2080 graviores
791 2008 910 2063 aestus
925 2006 1085 2080 possent;
1102 2016 1184 2062 nam
1200 2013 1309 2080 opera
1324 2015 1447 2062 eorum
1469 2015 1540 2062 ma·

313 2125 471 2190 gnopere
485 2106 695 2174 Provinciae
709 2108 791 2171 iliae
804 2105 1027 2186 indigebant,
1043 2123 1110 2170 nec
1124 2105 1328 2171 diuturnam
1343 2105 1539 2171 absentiam

313 2217 419 2281 facile
432 2215 507 2297 pati
521 2223 695 2294 poterant.
713 2214 793 2280 Non
807 2215 950 2278 curavit
961 2223 1080 2279 autem
1091 2223 1130 2278 nt
1143 2212 1448 2295 Congregationes
1463 2231 1541 2296 pro·

314 2324 488 2389 vinciales
501 2322 626 2387 tierent
639 2322 676 2386 in
691 2321 846 2387 Castella
861 2331 897 2386 ct
910 2321 1056 2386 Baetica
1069 2330 1215 2403 propter
1228 2320 1471 2403 professorum
1485 2322 1542 2386 de·

314 2431 456 2510 fectum,
482 2447 548 2495 nec
573 2430 681 2494 etiam
706 2431 742 2494 in
767 2429 968 2510 Aragonia;
995 2429 1032 2493 in
1053 2428 1271 2509 Portugallia
1298 2439 1417 2493 tamen
1444 2428 1542 2494 iacta

314 2539 390 2604 fuit.

375 2644 465 2711 2859.
509 2645 668 2712 Fuerunt
684 2658 802 2712 autem
816 2644 988 2711 Rectores
1003 2643 1173 2709 admoniti
1187 2663 1209 2708 a
1224 2643 1262 2709 P.
1278 2646 1486 2729 FranciscO,
1504 2658 1543 2715 ut

314 2775 358 2819 ea
371 2755 594 2835 adnotarent,
616 2773 706 2837 quae
721 2757 756 2820 in
771 2754 1060 2835 Congregatione
1074 2752 1286 2839 provinciali
1306 2758 1540 2836 proponenda

316 2863 532 2928 viderentur.

373 2952 463 3035 2860.
507 2970 602 3035 Inter
625 2972 782 3036 rationes
805 2970 885 3034 illas
909 2977 1054 3051 propter
1076 2984 1166 3050 quas
1189 2965 1228 3033 P.
1255 2968 1471 3036 Franciscus
1495 2973 1541 3038 ad

315 3076 638 3159 congregationem
649 3078 715 3142 sibi
726 3078 940 3142 veniendum
951 3094 1022 3141 non
1034 3076 1182 3156 censuit,
1195 3077 1255 3141 illa
1267 3070 1426 3158 una'suit,
1436 3096 1542 3160 quam

316 3200 495 3265 nunquam
510 3194 593 3249 ante
606 3185 643 3250 id
657 3196 796 3266 tempus
809 3184 965 3263 dixerat,
981 3183 1094 3265 quod,
1112 3183 1258 3263 scilicet,
1275 3202 1356 3249 cum
1372 3185 1542 3251 Cardina-

315 3290 360 3354 lis
373 3300 466 3355 esset
486 3290 617 3356 Paulus
636 3292 734 3373 Papa
753 3291 805 3356 IV
825 3300 860 3356 et
879 3293 996 3372 ipsum
1016 3291 1201 3367 inviseret,
1224 3293 1333 3355 multo
1354 3302 1476 3373 egerat
1499 3293 1542 3358 de

316 3397 440 3462 eodem
454 3398 500 3462 ad
516 3399 776 3464 cardinalitiam
796 3400 1006 3479 dignitatem
1021 3398 1313 3479 promovendum,
1330 3408 1365 3463 et
1379 3399 1409 3464 si
1424 3418 1542 3483 super·

315 3513 389 3570 stes
412 3504 537 3569 suisset
557 3505 691 3571 Paulus
716 3506 814 3587 Papa
838 3506 883 3571 ΙΙΙ
907 3524 979 3570 non
994 3506 1249 3587 permissurum
1263 3523 1342 3571 esse
1363 3516 1402 3571 ut
1426 3508 1478 3571 sic
1505 3509 1539 3571 in

316 3612 527 3693 Hispaniam
540 3613 683 3693 rediret,
699 3614 792 3678 idem
807 3614 956 3678 dixerat.

374 3718 465 3785 2861.
509 3720 631 3801 Itaque
645 3738 725 3785 cum
741 3721 788 3786 ad
806 3720 1052 3801 pontificatum
1072 3721 1148 3801 ipse
1166 3730 1351 3801 promotus
1371 3730 1479 3798 esset,
1503 3723 1540 3786 ti·

315 3827 403 3891 meri
417 3836 568 3908 poterat,
585 3845 629 3891 ne
643 3838 728 3892 tunc
744 3828 779 3893 id
799 3838 1035 3910 exequeretur
1056 3829 1150 3909 quod
1170 3846 1251 3893 cum
1270 3827 1470 3895 Cardinalis
1490 3848 1541 3894 es·

314 3944 368 3997 set
382 3932 664 4015 significaverat,
680 3946 715 3999 et
729 3934 900 4017 Princeps
918 3936 1059 4019 Joanna
1080 3936 1148 4000 hoc
1168 3936 1282 4016 ipsum
1304 3938 1428 4001 timere
1448 3938 1540 4001 vide·

314 4043 431 4121 batur,
453 4050 489 4105 et
506 4059 588 4107 cum
610 4043 654 4106 de
674 4059 761 4122 pace
787 4044 878 4106 inter
900 4042 1107 4106 Pontificem
1130 4055 1164 4106 et
1187 4040 1322 4122 Regem
1343 4042 1543 4126 Philippum

314 4158 398 4212 tunc
409 4156 588 4228 ageretur,
601 4150 632 4213 si
643 4150 705 4213 tali
718 4167 837 4214 rerum
849 4158 946 4213 statu
958 4148 1106 4213 Romam
1120 4150 1288 4231 venisset,
1302 4160 1442 4232 praeter
1456 4150 1464 4184 ¹
1480 4170 1543 4234 pe·

314 4256 464 4319 ticulum
490 4241 727 4336 praedictum,
756 4256 1045 4321 obmurmurandi
1072 4258 1296 4322 occasionem
1321 4276 1394 4322 non
1418 4260 1543 4340 paucis

314 4362 402 4427 dare
416 4363 599 4443 potuisset,
616 4366 718 4445 quasi
732 4364 779 4427 ad
793 4364 927 4445 aliquid
943 4366 1144 4429 venandum
1160 4363 1311 4430 Romam
1321 4367 1470 4431 veniret.

353 4601 363 4634 ¹
390 4600 438 4645 bis.
445 4605 567 4657 propter.
