3642 5350
337 367 375 426 38
798 365 926 426 Caaoa.
946 365 1024 426 Soc.
1043 367 1114 441 Jes.

338 521 377 576 ut
392 511 457 576 sibi
473 512 623 590 adesset,
640 511 817 590 evocavit,
835 528 915 575 cum
930 512 1096 591 Domino,
1117 511 1163 574 ad
1183 530 1287 593 quem
1305 513 1451 576 summis
1471 511 1561 576 desi·

338 619 445 684 deriis
460 619 653 699 aspirabat,
670 619 870 698 transigere
882 619 1039 683 voluisse
1055 618 1075 682 ¹.

402 724 469 789 103.
513 725 556 788 Et
572 726 820 789 observatione
835 727 982 804 dignum
996 734 1050 789 est
1064 726 1157 806 quod
1172 744 1238 790 nec
1252 727 1364 790 voluit
1379 727 1565 792 Vicarium

381 894 389 926 ¹
419 891 484 936 Vide
495 894 575 937 etiam
589 895 614 936 in
626 893 721 938 cartas
731 895 764 937 de
773 893 829 936 San
839 892 958 946 anacio,
968 901 986 937 t.
998 905 1034 944 vr,
1050 905 1110 948 pag.
1121 893 1219 948 6611667,
1235 893 1372 948 epistolam
1384 893 1412 938 P.
1424 895 1574 940 Ρ61666166

341 965 369 1010 P.
388 965 588 1010 Rivadeneiram
604 967 629 1010 16
645 977 695 1020 qtta
708 972 831 1010 narratur
846 967 931 1010 obitus
947 965 1036 1009 Sancti
1052 965 1339 1019 Parentis-Quoniam
1357 978 1420 1010 vero
1436 969 1468 1011 de
1483 967 1533 1012 hac
1544 979 1574 1012 re

341 1038 437 1091 agitur,
443 1037 519 1092 iuvat
530 1047 609 1094 supra
619 1037 695 1080 dictis
705 1038 821 1080 intexere
832 1048 956 1090 responsa
966 1038 1092 1092 quaedam
1102 1038 1136 1081 ad
1146 1049 1251 1092 eaquae
1262 1037 1292 1081 P.
1303 1037 1426 1082 Nicotaus
1435 1037 1574 1083 Lancicius

340 1119 357 1151 a
368 1107 461 1151 Fratre
471 1107 569 1152 Thoma
580 1107 734 1160 Cannicaro,
745 1109 814 1152 beati
827 1107 913 1152 Patris
922 1108 1072 1160 infirmario,
1081 1109 1237 1164 quaesierat.
1249 1109 1384 1153 Habentur
1394 1111 1420 1154 in
1430 1111 1497 1153 Acta
1508 1112 1575 1154 San·

341 1180 524 1224 61666166631
536 1179 597 1232 ,111111
608 1187 634 1224 66
645 1187 704 1224 sunt
716 1180 868 1234 hujusmodi:

382 1251 503 1304 “Quaerit
514 1251 706 1295 6666161666.ο
718 1252 758 1294 An
769 1253 931 1302 recordatur,
943 1263 1018 1306 aquo
1034 1253 1236 1296 communionem
1249 1253 1382 1302 acceperit
1398 1260 1424 1297 et
1440 1265 1490 1308 qua
1501 1253 1575 1298 hora:

341 1327 368 1367 et
377 1334 477 1366 61166111
491 1323 621 1376 acceperit
633 1323 702 1366 intra
717 1324 812 1366 lectum
828 1325 870 1366 vei
885 1331 968 1369 extra„
985 1323 1059 1367 liexis
1073 1325 1189 1378 genibus:
1206 1331 1233 1367 et
1248 1336 1281 1368 an
1296 1325 1449 1368 recordatur
1465 1325 1576 1369 aetionis

342 1395 452 1450 aiicujus
466 1398 542 1438 abeo
558 1395 732 1448 sectaequae
747 1405 797 1438 non
814 1401 885 1438 extet
903 1395 928 1438 in
948 1395 1311 1449 Rivadenciral-Rcspondet
1331 1395 1501 1442 Canniearns:
1516 1397 1576 1441 Non

343 1466 713 1511 accardum-communicasse
729 1465 852 1509 Sanctum
868 1464 978 1520 Corpori
993 1465 1097 1510 Domini
1113 1467 1154 1511 die
1171 1467 1198 1510 28
1212 1467 1273 1520 Jniti
1291 1479 1349 1511 cum
1366 1475 1517 1512 constater
1536 1463 1595 1513 Ri-‘

344 1538 493 1590 vadeneira,
512 1538 555 1580 116.
572 1548 608 1588 rv,
624 1550 681 1592 rap.
700 1538 733 1589 16,
749 1546 804 1580 tum
820 1539 910 1581 scribit
928 1537 1083 1582 orlandinus
1099 1540 1144 1582 lib.
1162 1550 1220 1593 xvi,
1235 1551 1259 1582 n.
1275 1540 1303 1583 96
1317 1540 1358 1583 his
1375 1541 1471 1585 verbis:
1489 1541 1577 1584 Tertio

343 1609 452 1654 Kalend.
460 1607 727 1658 Sextiles,cumhiduo
735 1617 794 1653 ante
803 1609 990 1654 divinissimum
997 1610 1180 1654 Eucharistiae
1189 1609 1576 1667 Sacramentumsuscepisset...

342 1679 454 1724 accersit
465 1687 566 1724 secreto
577 1681 717 1725 Polancum
726 1682 818 1736 jubens
829 1682 877 1724 sibi
889 1681 1093 1725 benedictionem
1103 1693 1119 1724 a
1130 1682 1255 1725 Pontihce
1264 1685 1392 1737 postulari
1403 1690 1486 1737 666...,,

383 1751 453 1797 Idem
464 1751 621 1796 Cannicarus
633 1753 656 1796 in
668 1753 779 1808 epistola
790 1754 823 1796 ad
834 1753 859 1796 P.
868 1753 1028 1797 Ludovicum
1037 1753 1145 1805 61666111,
1156 1755 1487 1807 AssistentemSocietatia,
1497 1766 1575 1810 quam

343 1825 431 1868 italico
442 1827 567 1878 scriptam
577 1836 692 1869 sermone
700 1826 822 1870 viderunt
833 1825 1005 1879 Bollandlani,
1016 1826 1081 1868 haec
1092 1826 1180 1870 habet:

383 1895 524 1938 “Dicebant
535 1896 624 1940 medici
637 1897 703 1950 quod
714 1897 792 1940 luerit
804 1905 920 1940 mortuus
931 1897 1066 1951 [tenatius]
1078 1907 1137 1941 cum
1148 1897 1262 1952 maligna
1272 1897 1346 1942 lehri:
1357 1907 1384 1943 et
1398 1911 1446 1954 ego
1462 1900 1511 1954 ipsi
1522 1911 1575 1943 ser·

343 1965 417 2010 viena
427 1967 477 2010 ista
490 1975 572 2016 nocte,
585 1968 616 2011 ad
634 1979 713 2022 nsque
728 1969 839 2012 mediam
855 1969 969 2024 ejusdem
984 1975 1094 2022 partem,
1110 1969 1199 2011 audivi
1216 1968 1299 2024 ipsum
1315 1981 1395 2024 agere
1409 1983 1440 2015 ac
1455 1973 1576 2015 sermoci-

343 2040 409 2092 nari,
421 2045 495 2093 prout
506 2041 606 2083 solebat
617 2051 710 2094 magna
723 2053 756 2084 ex
768 2046 843 2094 parte
859 2053 921 2084 suae
937 2039 1102 2084 infirmitatis.
1119 2040 1181 2084 Post
1196 2041 1307 2084 mediam
1321 2050 1423 2086 noctem
1439 2043 1576 2088 videbatur

344 2111 405 2154 mihi
416 2112 554 2166 quievisse,
565 2123 612 2156 non
624 2123 719 2156 vocans
730 2125 769 2156 me
781 2113 845 2156 adeo
854 2113 1011 2167 trequenter.
1020 2113 1086 2156 sicut
1097 2113 1207 2166 solebam
1224 2114 1328 2156 tametsi
1342 2114 1491 2168 frequenter
1506 2118 1577 2161 invo-

342 2191 416 2228 caret
429 2183 563 2227 Dominum
574 2185 598 2228 in
609 2195 682 2228 suum
693 2185 856 2239 adjutorium:
868 2185 906 2238 Ay
918 2183 995 2237 Dios·
1007 2185 1022 2228 i.
1034 2195 1056 2227 e.
1068 2183 1114 2227 oh!
1129 2183 1226 2238 Deua„

383 2255 563 2310 interrogarat
573 2255 602 2300 P.
613 2255 734 2300 Maselius
750 2256 780 2300 de
794 2257 973 2308 communione
989 2254 1077 2300 Sancti
1097 2255 1202 2310 ignatii,
1218 2263 1243 2300 et
1259 2257 1398 2311 respondet
1408 2257 1577 2303 Cannicarus:

342 2327 412 2370 “Non
423 2329 544 2370 recordor
555 2339 587 2372 att
598 2329 730 2382 acceperit
740 2327 937 2372 sanctissimum
947 2327 1143 2372 Sacramentum
1154 2329 1338 2372 communionis
1346 2329 1371 2371 in
1379 2329 1462 2374 iorma
1473 2330 1577 2374 Viatici:

344 2397 494 2442 Extremam
508 2401 653 2444 unctionem
668 2411 717 2443 non
734 2399 1069 2454 accepit-Sacramentum
1086 2399 1269 2442 Eucharistiae
1285 2400 1307 2443 si
1325 2411 1375 2443 non
1391 2402 1527 2453 acceperit.
1545 2414 1576 2445 eo

343 2471 407 2514 tnihi
423 2473 565 2524 persuadeo
579 2473 674 2516 iactum
685 2473 771 2524 luerit,
782 2473 844 2526 quia
854 2473 969 2526 proxime
980 2479 1057 2514 antea
1067 2471 1315 2523 communicaverat,
1326 2477 1352 2515 66
1362 2473 1423 2526 quia
1438 2474 1494 2527 eius
1510 2472 1577 2517 16116-

345 2543 421 2585 miras
432 2553 481 2586 non
490 2543 656 2597 judicabatur
666 2544 731 2587 adeo
740 2545 892 2597 periculosa.
904 2550 931 2586 ut
943 2543 1084 2586 necessitas
1095 2543 1240 2596 postularet
1256 2543 1342 2586 661661
1358 2544 1414 2587 dari
1426 2542 1578 2588 Sacramen-

343 2623 406 2655 tum.
418 2612 490 2664 Quod
499 2620 601 2666 spectat
612 2613 737 2656 66616616
748 2624 861 2666 sacrum,
873 2613 968 2666 exiguo
979 2613 1102 2667 temporis
1112 2614 1197 2667 spatio
1208 2619 1348 2666 antequam
1358 2613 1578 2667 expirasset,dnm

342 2684 465 2727 adessent
479 2686 529 2729 duo
544 2686 636 2729 medici
649 2688 798 2730 saeculares
808 2694 832 2729 et
844 2693 898 2730 tres
908 2696 923 2728 e
933 2692 1023 2728 nostra
1036 2686 1168 2729 societate
1178 2686 1258 2729 etiam
1267 2686 1368 2731 medici.
1379 2686 1421 2740 qui
1432 2697 1576 2739 opportune

342 2756 513 2807 advenerant,
524 2764 552 2800 ut
566 2768 625 2800 eum
642 2758 764 2809 viserent,
780 2769 830 2801 non
845 2764 972 2800 noverant
990 2757 1072 2811 ipsum
1087 2755 1164 2799 morti
1179 2757 1325 2811 proximum
1340 2768 1404 2800 esse.
1421 2757 1577 2801 Invenerunt

343 2841 400 2872 cum
416 2830 526 2883 quidem.
542 2830 677 2882 explorato
693 2830 808 2873 arteriae
824 2830 905 2883 pulsu.
921 2828 997 2871 valde
1016 2829 1134 2880 debilem,
1152 2835 1230 2881 atque
1246 2829 1279 2870 ad
1296 2830 1481 2872 restaurandas
1499 2830 1579 2880 vires,

344 2900 421 2943 habui
439 2911 488 2954 ego
502 2901 527 2943 16
545 2901 682 2945 mandatis.
696 2908 724 2944 ut
740 2901 799 2954 igne
816 2910 955 2953 coquerem
970 2900 1081 2943 edulium
1097 2900 1195 2943 duobus
1214 2900 1271 2943 ovis
1287 2900 1435 2943 recentibus
1453 2900 1578 2943 intritum.

344 2970 461 3025 Dumque
476 2972 539 3015 iliud
554 2973 587 3015 ad
603 2984 689 3027 166661
705 2972 857 3027 apparando
874 2981 1025 3024 occuparer,
1041 2970 1131 3016 doctor
1147 2970 1289 3015 Madridius
1304 2972 1419 3015 intrabat
1434 2973 1579 3015 cubiculum

344 3043 413 3085 beati
428 3042 520 3095 Patris,
536 3054 643 3097 eumque
655 3049 771 3097 tangens.
789 3043 905 3093 videbat,
917 3042 984 3095 quod
998 3042 1052 3096 iam
1064 3042 1118 3095 J'am
1129 3054 1143 3084 c
1153 3043 1210 3086 vita
1225 3049 1294 3086 esset
1310 3044 1478 3089 transiturus:
1494 3054 1580 3087 acme

343 3114 471 3157 accedens
479 3114 565 3169 iussit,
578 3123 612 3167 ut,
623 3116 721 3159 relictis
731 3115 764 3158 ttd
776 3116 860 3169 ignem
871 3116 957 3166 rebus,
969 3124 1129 3157 accerserem
1137 3114 1166 3156 P.
1174 3113 1282 3157 Petrum
1293 3113 1410 3163 Rieram.
1418 3114 1580 3169 praelectum

345 3185 442 3241 tempii,
451 3194 479 3229 ut
489 3187 579 3229 statim
591 3186 624 3229 ad
634 3198 661 3229 se
669 3187 779 3231 veniret.
791 3186 847 3241 Ego
858 3194 945 3229 autem
956 3184 1007 3228 ista
1015 3186 1144 3240 imperata
1151 3185 1249 3229 iaciens
1260 3186 1327 3229 omui
1336 3197 1394 3229 curn
1404 3186 1579 3239 festinatione,

346 3268 396 3300 6611
407 3258 510 3301 invento
520 3257 545 3299 P.
557 3256 644 3309 Riera,
655 3258 727 3311 redii,
738 3266 766 3303 ut
778 3270 928 3313 responsum
938 3260 1035 3310 durem;
1046 3258 1204 3321 661661666ιί
1221 3259 1326 3301 beatum
1341 3257 1448 3302 Patrem
1463 3266 1579 3303 nostrum

343 3329 487 3383 expirasse,
499 3337 524 3372 et
537 3330 660 3383 intellexi,
668 3340 804 3385 postquam
815 3332 994 3385 expiraverat,
1007 3329 1033 3371 P.
1044 3330 1150 3372 Rteram
1161 3330 1213 3373 ista
1225 3340 1284 3373 tum
1294 3330 1462 3374 festinatione
1471 3330 1581 3386 petitum

346 3400 433 3456 luisse,
442 3410 469 3445 ut
479 3413 537 3444 eunt
548 3402 683 3455 inungeret
695 3403 751 3445 oleo
761 3410 831 3445 sanct
837 3414 874 3455 6.,

387 3472 443 3516 Non
459 3475 504 3516 abs
515 3485 543 3516 re
556 3474 605 3517 erit
616 3474 791 3528 superioribus
807 3474 938 3517 innectere
954 3484 1020 3527 quae
1035 3472 1215 3521 Rivadeneira.
1232 3472 1347 3525 epistola
1359 3472 1458 3517 Matriti
1474 3474 1536 3518 data
1552 3485 1582 3517 ιιι

347 3545 459 3597 Augusti
475 3546 535 3597 1605,
547 3546 689 3596 scripserat
701 3544 728 3587 P.
741 3544 941 3588 Bartholomaeo
958 3546 1044 3593 Perea,
1057 3542 1199 3588 desistenti
1208 3550 1314 3588 nostrae
1325 3543 1465 3588 Societatis
1486 3546 1582 3598 “Quac-

320 3615 324 3625 '
345 3617 428 3661 sierat
438 3628 470 3660 ex
481 3616 656 3661 Rivadeneira
668 3616 787 3660 Peresius
797 3618 923 3671 quomodo
934 3618 1025 3660 beatus
1034 3615 1114 3658 Pater
1125 3624 1212 3659 noster
1220 3615 1305 3658 sciens
1319 3628 1346 3659 se
1362 3617 1428 3659 mori
1440 3628 1491 3661 non
1506 3628 1582 3672 roga·

346 3690 416 3733 verit
427 3696 571 3732 extremam
582 3686 744 3739 Unctionerta
755 3694 781 3731 et
792 3690 824 3731 ab
833 3700 863 3732 eo
871 3689 993 3743 petierat,
1005 3687 1062 3730 dari
1070 3686 1119 3730 sibi
1128 3687 1203 3730 iatius
1213 3688 1250 3730 rei
1261 3688 1397 3731 rationem.
1408 3686 1582 3733 Rivadeneira

347 3762 446 3815 itaque.
457 3762 576 3815 exposita
589 3760 747 3803 infirmitatis
757 3772 788 3803 ac
804 3762 894 3803 mortis
907 3760 992 3804 sancti
1006 3758 1092 3802 Patris
1107 3758 1227 3811 historia,
1237 3768 1303 3812 quae
1314 3766 1340 3802 et
1355 3770 1388 3802 ex
1403 3760 1458 3814 ipro
1472 3761 1583 3804 Rivade·

347 3834 420 3876 neira
435 3834 471 3875 lib
491 3844 527 3885 tv,
543 3844 600 3886 cap.
613 3833 638 3874 16
652 3841 677 3875 66
693 3843 725 3875 ex
740 3832 844 3876 Poianci
860 3833 970 3885 epistola
986 3840 1045 3874 nota
1063 3838 1112 3883 est,
1130 3832 1179 3875 duo
1195 3831 1306 3874 deducit:
1321 3831 1439 3885 primum,
1454 3843 1582 3887 apparere

346 3905 424 3947 vaide
434 3904 567 3958 probabile
579 3905 644 3958 quod
656 3904 764 3947 Sanetus
776 3902 853 3948 Pater
870 3913 958 3947 noster
972 3904 1079 3947 sciverit
1093 3910 1138 3946 aut
1153 3902 1340 3945 revelationem
1353 3903 1475 3947 habuerit
1491 3904 1584 3947 mortis

347 3990 418 4021 suae:
429 3986 454 4021 66
466 3977 522 4021 1666
531 3978 630 4020 tnisertt
644 3977 686 4031 qui
703 3984 803 4031 peteret
819 3977 1023 4020 benedictionem
1034 3987 1050 4019 a
1061 3974 1114 4019 Sua
1125 3974 1281 4026 Sanctitate,
1297 3974 1362 4018 adeo
1372 3975 1544 4019 determinate
1554 3981 1583 4017 et

345 4050 483 4103 affirmata
494 4060 552 4092 nam
562 4049 628 4093 idem
639 4048 751 4093 Sanctus
761 4060 860 4093 summa
871 4049 1004 4102 praedttus
1015 4055 1073 4091 erat
1088 4047 1235 4103 prudentia,
1245 4048 1449 4100 circumspectus
1460 4047 1523 4090 item
1535 4056 1582 4090 nec

350 4132 475 4175 praeceps
487 4104 590 4175 insuper
602 4123 626 4165 in
637 4122 803 4174 agendorum
813 4120 915 4164 Summo
925 4120 1058 4164 Pontiiice:
1069 4122 1137 4175 quoti
1147 4120 1238 4163 eadem
1253 4120 1283 4161 de
1294 4131 1373 4163 causa
1384 4119 1516 4161 consessus
1528 4119 1583 4161 iue-

347 4194 383 4236 rit
394 4199 420 4236 et
430 4194 633 4247 communicarit,
646 4204 751 4237 armans
761 4205 817 4237 sese
828 4194 926 4236 sanctis
937 4193 1109 4236 sacramentis
1117 4192 1291 4246 poenitentiae
1303 4200 1328 4235 et
1337 4190 1438 4242 altaris,
1450 4198 1476 4233 et
1486 4190 1583 4234 iaciens

347 4276 379 4307 ex
390 4276 438 4309 sua
449 4274 523 4318 parte
534 4265 655 4319 quidquid
667 4266 752 4309 iacere
764 4272 867 4319 poterat
877 4265 931 4308 sine
942 4265 1117 4308 ostentatione
1127 4264 1304 4313 revelationis,
1316 4274 1393 4317 quam
1403 4263 1526 4305 habebat.

389 4336 540 4390 Secundum,
552 4338 618 4391 quod
627 4336 685 4380 inde
694 4337 795 4380 deducit
808 4342 860 4389 est,
873 4336 939 4391 6666
948 4336 1086 4379 infirmitas
1095 4347 1145 4379 non
1153 4342 1222 4377 esset
1229 4335 1375 4387 periculosa
1383 4366 1389 4385 ,
1397 4332 1515 4387 quodque
1524 4344 1582 4376 cum

347 4410 442 4465 aliquis
452 4421 483 4452 ex
494 4408 525 4452 ils
535 4420 593 4452 eam
601 4410 674 4453 116661
685 4410 816 4463 66666166,
828 4408 976 4460 permiserit
986 4419 1028 4451 res
1039 4418 1145 4451 currere
1155 4407 1222 4450 sicut
1241 4406 1347 4450 medicis
1363 4406 1509 4455 videbatur;
1522 4405 1583 4459 6616

348 4481 443 4535 alioqui
455 4481 497 4523 vei
508 4480 593 4523 dicere
605 4480 724 4531 6666666,
737 4480 802 4533 quod
820 4479 913 4522 medici
924 4490 973 4523 non
984 4481 1080 4522 scirent
1093 4479 1154 4532 quid
1165 4479 1288 4528 dicerent;
1303 4478 1345 4520 vei
1357 4477 1424 4531 quod
1439 4476 1494 4531 ipse
1504 4475 1584 4519 habe·

346 4562 389 4597 ret
400 4551 587 4596 revelationem
596 4552 640 4599 161.
654 4563 719 4606 61166
730 4552 840 4594 6666666
851 4551 979 4595 accidere.
991 4550 1019 4594 Id
1031 4551 1098 4605 quoti
1114 4551 1191 4594 vaide
1206 4549 1319 4593 alienum
1333 4557 1391 4592 erat
1408 4551 1441 4593 ah
1456 4549 1511 4603 ejus
1525 4560 1585 4603 pru-

339 4625 435 4668 dentia
445 4632 471 4667 et
481 4626 514 4668 ab
524 4626 579 4679 cius
587 4624 741 4679 humilitate,
752 4634 828 4678 quam
840 4626 942 4667 salvam
959 4634 1114 4667 conservare
1125 4634 1175 4667 non
1187 4622 1312 4677 potuisset
1329 4621 1439 4676 petendo
1455 4622 1583 4666 viaticutn
