3642 5350
376 392 427 469 ist
822 402 952 475 Canon.
977 404 1055 467 Soc.
1081 406 1160 481 jus„

374 546 418 616 lis
431 548 583 629 nomine,
600 547 744 618 Domini
759 550 897 629 Nicolai
917 549 1029 631 Sauli,
1053 552 1112 637 qui
1126 554 1240 619 nostri
1254 552 1489 620 amicissimus
1503 562 1599 635 erat,

374 656 660 739 consanguineus
674 653 697 736 ¹,
713 657 757 721 de
773 655 874 738 cujus
895 658 1035 730 aniruae
1059 661 1175 725 salute
1198 659 1273 730 lere
1293 677 1416 727 omnes
1434 661 1599 742 despera·

373 764 471 855 bant,
488 763 534 828 ad
549 763 766 857 redeundum
779 764 816 831 in
830 766 929 832 viam
943 768 1069 834 salutis
1082 784 1169 835 usus
1182 777 1248 833 est.
1264 767 1354 833 Cum
1370 769 1466 833 enim
1487 768 1598 833 flucti-

374 871 439 935 bus
460 866 694 937 tentationum
713 892 734 937 a
758 871 931 938 daemone
950 874 1119 955 agitatus,
1145 883 1180 939 et
1204 892 1286 941 cum
1310 874 1470 939 confiteri
1493 856 1600 941 vellet

373 977 472 1057 Patri
484 978 631 1063 Loarte,
647 980 692 1045 ab
713 981 837 1063 eodem
849 980 868 1013 '¹
882 988 1073 1061 revocatus
1086 981 1109 1063 ⁸,
1126 992 1277 1049 mortem
1290 981 1357 1047 sibi
1370 982 1593 1048 consciscere

374 1084 602 1167 decrevisset,
621 1106 666 1169 ne
690 1088 795 1164 toties
819 1088 935 1156 Deum
960 1090 1036 1163 suis
1057 1090 1216 1173 peccatis
1239 1092 1445 1169 lacesseret,
1471 1098 1598 1155 nactus

374 1192 600 1277 occasionem
613 1197 727 1277 cultro
741 1197 889 1283 pepario
903 1198 1119 1279 grauissima
1133 1197 1201 1263 sibi
1213 1199 1362 1276 vulnera
1377 1197 1564 1263 duodecim
1586 1196 1599 1229 ⁴

374 1300 513 1379 inflixit:
530 1302 592 1368 sed
606 1311 750 1385 praesto
765 1305 798 1369 ei
813 1304 878 1369 luit
891 1305 1014 1371 divina
1032 1304 1287 1386 misericordia
1303 1322 1384 1371 cum
1398 1305 1493 1370 enim
1506 1305 1599 1369 nite·

374 1418 474 1485 retur
489 1417 650 1492 tempora
665 1412 779 1491 cultro
797 1412 1018 1493 transfigere,
1036 1422 1074 1479 ut
1088 1412 1206 1477 nuilus
1222 1414 1323 1477 locus
1335 1411 1512 1477 curationi
1526 1412 1599 1476 vul·

373 1533 498 1582 nerum
512 1518 781 1601 relinqueretur,
798 1537 843 1583 ex
857 1520 1020 1585 manibus
1034 1521 1147 1586 culter
1164 1521 1330 1601 delapsus
1351 1520 1388 1584 in
1407 1517 1499 1586 duas
1519 1537 1599 1602 par.-

374 1632 428 1689 tes
443 1624 579 1693 divisus
593 1635 659 1707 est,
680 1634 719 1690 ut
731 1626 803 1707 jam
818 1626 963 1709 capitali
976 1627 1115 1693 vulneri
1129 1626 1311 1693 inserendo
1326 1644 1395 1691 non
1411 1626 1598 1702 sufficeret,

372 1730 516 1809 Interim
535 1718 664 1815 seipse
683 1734 868 1817 corrigens
886 1743 922 1799 et
941 1751 1043 1800 suam
1062 1734 1243 1800 detestans
1257 1734 1444 1815 insaniam,
1467 1752 1511 1799 ac
1531 1732 1599 1799 Dei

373 1854 460 1920 erga
475 1857 513 1904 se
528 1840 807 1919 misericordiam
822 1840 1016 1921 admirans,
1036 1838 1075 1905 Ρ.
1091 1840 1281 1909 Rectorem
1293 1841 1462 1907 Loartem
1480 1858 1598 1907 accer-

372 1946 436 2012 siri
451 1944 565 2029 jubet,
586 1965 669 2017 num
692 1948 810 2023 adhuc
835 1948 1093 2031 desperationis
1116 1948 1369 2018 tentationibus
1392 1949 1597 2029 urgebatur.

372 2054 538 2137 Accurrit
555 2054 613 2135 ille
633 2056 805 2137 celeriter,
830 2064 868 2121 ut
887 2072 946 2120 res
963 2055 1179 2138 postulabat.
1205 2055 1397 2121 Confessus
1421 2071 1509 2136 ergo
1529 2055 1598 2139 ipsi

371 2170 426 2227 est
438 2180 504 2227 sua
517 2172 666 2245 peccata
680 2162 736 2227 vir
750 2164 808 2227 ille
823 2180 905 2228 cum
919 2178 1051 2247 magno
1071 2163 1180 2229 animi
1193 2162 1330 2240 dolore,
1352 2170 1387 2227 et
1406 2163 1456 2227 ita
1475 2162 1597 2233 divino

372 2286 494 2349 amoro
506 2268 572 2335 luit
585 2286 790 2351 succensus,
807 2280 846 2336 ut
860 2270 1026 2353 quamvis
1043 2272 1231 2335 vulnerum
1251 2271 1358 2350 gravi
1376 2270 1498 2335 dolore
1518 2286 1598 2333 cru·

371 2377 537 2459 ciaretur,
553 2392 693 2457 ¹semper
707 2388 828 2442 tamen
842 2376 959 2459 Deum
972 2378 1010 2445 iu
1024 2395 1087 2443 ore
1100 2377 1246 2442 haberet
1260 2387 1296 2441 et
1310 2376 1443 2441 Christi
1462 2377 1596 2457 passio·

370 2502 463 2565 nem,
476 2486 533 2549 cui
545 2484 686 2561 animae
697 2501 784 2551 suae
792 2487 943 2552 salutem
953 2494 1139 2567 acceptam
1148 2484 1296 2564 ferebat,
1305 2491 1340 2548 et
1350 2493 1432 2565 post
1441 2484 1598 2556 triduum

372 2593 483 2657 alacri
497 2593 616 2660 animo
632 2601 666 2671 et
681 2594 836 2660 maxima
851 2611 915 2677 spe
928 2594 1055 2663 salutis
1068 2602 1235 2660 aeternae
1246 2593 1401 2657 animam
1416 2590 1597 2656 exhalavit

371 2716 494 2766 coram
510 2703 589 2782 ipso
602 2700 768 2783 Rectore,
782 2719 887 2784 quern
902 2721 924 2767 a
938 2720 1004 2768 suo
1023 2704 1135 2767 latere
1153 2719 1335 2784 nunquam
1355 2697 1522 2769 recedere
1536 2716 1597 2763 vo·

369 2808 477 2889 lebat,
492 2816 527 2874 et
542 2808 696 2877 defixam
709 2811 791 2876 altis
805 2810 986 2878 radicibus
1000 2811 1119 2890 animo
1139 2809 1253 2891 ipsius
1272 2806 1502 2872 diffidentiam
1515 2823 1596 2890 pto·

371 2915 487 2996 posita
501 2916 570 2982 Dei
584 2918 740 2987 bonitate
755 2918 978 2998 retrurdebat3
992 2925 1028 2982 et
1043 2916 1230 2998 perutilem
1249 2931 1360 2996 usque
1380 2913 1426 2979 ad
1445 2922 1597 2994 mortem

371 3021 404 3100 ei
418 3040 566 3105 operam
579 3026 766 3106 praestitit.

429 3129 500 3195 610.
544 3129 799 3209 Communione
817 3141 942 3201 sancta
956 3132 1111 3197 refectus
1121 3128 1215 3195 idem
1227 3130 1345 3195 iuerat
1359 3139 1395 3195 et
1409 3137 1598 3213 testamen·

371 3247 446 3303 tum
460 3238 675 3319 coniecerat,
691 3258 760 3323 quo
776 3240 924 3322 Jubebat
944 3241 989 3305 de
1006 3239 1110 3304 bonis
1129 3240 1204 3302 suis
1220 3237 1299 3303 fieri
1317 3237 1486 3319 quidquid
1500 3237 1599 3314 Patri

370 3345 501 3415 Loarte
519 3347 633 3414 visum
646 3357 739 3413 esset
753 3349 799 3412 ad
814 3347 888 3429 ejus
902 3349 1053 3412 salutem
1066 3347 1256 3428 pertinere,
1268 3347 1365 3411 nulla
1376 3345 1529 3410 filiorum
1539 3346 1599 3408 vel

371 3454 496 3518 uxoris
516 3455 656 3520 ratione
674 3455 808 3535 habitan
834 3472 904 3536 quo
929 3455 1024 3519 iacto
1050 3454 1178 3519 mirum
1199 3461 1332 3535 quanta
1356 3452 1597 3517 consolatione

370 3561 538 3643 perfusus
551 3562 669 3640 fuerit,
690 3572 725 3628 et
745 3580 856 3645 usque
871 3560 1037 3626 adfinem
1051 3562 1161 3626 verba
1176 3577 1328 3640 magnae
1342 3557 1598 3629 aedificationis

370 3685 510 3751 semper
525 3669 570 3733 ab
584 3686 628 3734 eo
642 3669 784 3734 suerunt
804 3669 936 3734 audita.
957 3667 1025 3732 Per
1045 3676 1213 3733 octavam
1226 3667 1336 3731 horae
1351 3674 1499 3748 partem,
1515 3675 1597 3732 ente

371 3784 533 3856 mortem,
550 3793 717 3844 sensuum
736 3785 770 3842 et
789 3777 932 3858 linguae
946 3791 1050 3840 usum
1068 3793 1142 3840 non
1156 3774 1285 3854 amisit,
1301 3782 1337 3838 et
1353 3780 1437 3839 tunc
1451 3773 1540 3839 dixit
1557 3791 1597 3838 se

370 3885 518 3966 angelos
539 3891 574 3950 et
596 3883 776 3962 Christum
795 3883 928 3951 vidisse
949 3892 984 3948 et
1004 3883 1050 3948 ab
1068 3883 1146 3965 ipso
1166 3883 1255 3946 baec
1273 3882 1385 3946 verba
1404 3880 1595 3951 audivisse:

393 4295 396 4302 ι
409 4236 419 4270 ¹
449 4237 521 4283 Haeo
531 4237 618 4292 etiam,
630 4249 646 4282 ι
656 4239 738 4282 verbo
747 4237 879 4291 Francus,
887 4237 1016 4281 Poluncus
1031 4235 1064 4280 ud
1079 4237 1178 4280 calcem
1189 4237 1310 4292 pugione,
1321 4236 1396 4292 signo
1407 4241 1437 4283 nt
1448 4235 1490 4281 bic
1504 4235 1598 4280 lusere·

370 4313 461 4353 rentur
471 4309 598 4364 apposito.
609 4311 721 4364 scripsit.

409 4383 421 4416 ²
449 4380 519 4436 Seu..
531 4383 664 4428 daemone.

406 4452 419 4486 ⁸
447 4453 502 4498 Hoc
516 4455 642 4500 orationis
656 4456 799 4502 membrum
812 4466 829 4499 ι
843 4455 932 4499 verbis
947 4458 973 4499 et
988 4467 1048 4502 cum
1064 4456 1196 4512 confiteri,
1209 4457 1341 4510 adjectum
1355 4463 1396 4501 eet
1406 4467 1423 4502 n
1434 4457 1547 4502 Polnnco
1562 4455 1597 4501 nd

369 4536 444 4572 oram
458 4527 579 4582 paginae.
592 4526 627 4570 Et
642 4527 703 4583 qula
717 4527 873 4578 concinnata
885 4528 941 4583 jam
953 4527 1040 4578 luerat
1055 4529 1315 4585 periodua,ad1ectlo
1330 4529 1395 4574 haec
1408 4540 1478 4576 nora
1493 4528 1596 4588 videtur

370 4599 525 4653 perturbare
536 4599 724 4654 aliquantulum
734 4598 887 4645 orationem.

409 4674 421 4708 0
449 4669 597 4726 Duodecim
608 4671 714 4720 inseruit
725 4682 803 4720 mann
813 4673 920 4730 propriu
930 4672 1066 4721 Polaticus.
