3642 5350
791 460 853 515 Au.
876 457 945 517 1556
1428 459 1481 518 675

252 600 515 668 madverterent
539 620 579 667 se
603 601 682 666 ideo
702 620 775 666 non
800 601 937 667 admitti
956 603 1049 685 quod
1075 604 1230 668 illiterati
1252 614 1386 685 essent,
1409 606 1482 668 suis

252 709 376 774 officiis
391 709 534 789 relictis,
550 709 678 791 quibus
693 719 798 774 antea
809 709 943 774 dabant
954 728 1111 792 operam,
1125 711 1170 775 ad
1183 711 1297 795 studia
1312 713 1482 776 sectanda

253 835 293 882 se
306 817 572 881 convertebant.
590 815 743 897 Quidam
757 825 886 896 autem,
898 828 938 880 ut
952 816 1119 897 diximus,
1134 818 1178 882 ad
1191 819 1279 882 alias
1291 819 1482 900 religiones

255 924 493 988 divertebant.

313 1029 406 1095 2904.
448 1029 635 1096 Renovata
650 1042 768 1096 autem
783 1031 925 1096 fuerunt
940 1032 1069 1101 studia.
1086 1033 1155 1096 hoc
1167 1049 1260 1096 anno
1272 1033 1392 1097 statim
1404 1043 1484 1114 post

255 1138 485 1214 Nativitatem
500 1140 539 1203 Β.
554 1139 729 1219 Virginis
744 1150 780 1204 et
793 1139 914 1220 plures
927 1157 1033 1221 quam
1048 1141 1284 1221 quadraginta
1301 1141 1482 1204 auditores

255 1255 467 1328 praeceptor
482 1247 616 1326 logices
630 1247 795 1310 habebat.
813 1246 1063 1320 Praecesserat
1077 1258 1196 1311 autern
1216 1248 1293 1328 ipso
1313 1247 1369 1310 die
1388 1247 1484 1312 Nati·

161 1365 163 1368 ·
256 1354 379 1418 vitatis
394 1352 525 1417 Beatae
537 1352 699 1432 Virginis
713 1353 876 1435 dialogus
890 1353 1034 1435 quidam
1049 1354 1085 1418 in
1102 1354 1213 1434 ipsius
1226 1353 1376 1434 laudem,
1390 1355 1484 1436 quod

256 1460 516 1542 spectatoribus
530 1461 679 1525 multum
693 1462 949 1526 consolationis
964 1461 1092 1526 attulit.

315 1566 407 1632 2905.
450 1567 489 1631 In
513 1568 639 1647 vigilia
664 1566 928 1650 Assumptionis
955 1567 993 1631 Β.
1019 1548 1179 1648 Virginis
1201 1569 1386 1650 impositus
1411 1577 1484 1634 tan·

257 1676 337 1740 dem
352 1675 431 1739 finis
444 1675 512 1740 suit
525 1677 810 1755 controversiae,
832 1693 923 1758 quae
938 1678 1031 1740 inter
1045 1676 1236 1741 canonicos
1251 1687 1285 1740 et
1306 1678 1484 1759 portiona-

258 1783 332 1846 rios
357 1781 581 1847 Cathedralis
602 1785 776 1847 ecclesiae
795 1782 1047 1866 septemdecim
1061 1801 1175 1849 annos
1194 1785 1362 1866 utrosque
1387 1801 1485 1848 exer-

259 1898 397 1968 cuerat,
414 1907 485 1971 qua
499 1889 535 1953 in
557 1907 596 1954 re
615 1892 762 1955 multum
777 1908 885 1955 curae
900 1890 944 1954 D.
965 1891 1122 1974 Joannes
1142 1891 1185 1956 de
1206 1889 1368 1956 Cordoba
1389 1890 1484 1955 adhi-

259 1997 351 2073 buit,
373 2005 408 2061 et
425 1996 605 2062 ferebatur
620 1999 802 2061 orationes
822 2007 858 2062 et
877 1998 1038 2079 corporis
1063 1997 1317 2078 castigationes
1339 1998 1487 2079 Collegii

260 2105 372 2170 nostri
387 2105 479 2170 hanc
494 2122 515 2167 a
530 2104 683 2168 Domino
697 2106 852 2185 gratiam
866 2106 1088 2186 impetrasse.

318 2210 409 2276 2906.
454 2210 556 2275 Prius
570 2213 677 2277 etiam
691 2212 915 2294 impetratum
931 2221 984 2276 est
1000 2212 1044 2275 ab
1058 2211 1235 2293 Episcopo
1250 2221 1288 2276 ut
1307 2214 1484 2278 sanctissi-

258 2337 356 2384 mum
369 2317 616 2383 Eucharistiae
627 2328 889 2383 sacramentum
901 2320 937 2383 in
949 2319 1080 2382 sacello
1091 2328 1333 2401 reponeretur,
1346 2319 1382 2384 id
1394 2321 1487 2402 quod

259 2428 370 2509 prius,
386 2434 424 2491 ut
438 2424 653 2490 credendum
667 2437 736 2506 est,
753 2426 798 2490 ob
818 2425 973 2490 rationes
989 2427 1127 2507 aliquas
1146 2426 1276 2491 rationi
1296 2444 1485 2504 consonas,

259 2535 516 2615 denegaverat;
531 2533 595 2597 sed
610 2550 690 2598 cum
705 2551 763 2598 res
777 2533 931 2598 DomIno
947 2534 983 2597 iu
998 2533 1156 2613 Collegio
1176 2543 1298 2598 nostro
1319 2535 1379 2599 diu
1394 2551 1487 2600 com·

261 2642 499 2721 mendaretur,
516 2641 648 2723 placuit
662 2641 773 2722 ipsius
786 2641 937 2707 bonitati
953 2649 1075 2705 utnon
1095 2642 1209 2705 solum
1228 2641 1424 2724 Episcopus
1439 2641 1487 2707 sa·

261 2752 430 2815 cultatem
447 2750 541 2813 hanc
562 2748 788 2828 concederet,
809 2747 873 2813 sed
892 2749 1041 2829 ipsemet
1055 2764 1157 2811 suam
1176 2764 1321 2828 operam
1344 2750 1388 2813 ad
1410 2766 1487 2813 san·

262 2856 460 2921 ctissimum
472 2864 736 2919 sacramentum
749 2856 786 2918 in
800 2855 983 2936 praedicto
995 2856 1126 2918 sacello
1138 2856 1380 2936 reponendum
1392 2857 1489 2921 obtu-

262 2966 319 3045 lit,
334 2980 404 3045 qua
418 2964 455 3029 in
469 2979 508 3026 re
522 2963 614 3027 inter
628 2962 783 3026 humana
798 2963 914 3026 media
928 2979 999 3026 non
1014 2978 1139 3044 parum
1155 2963 1268 3026 valuit
1282 2962 1326 3027 D.
1342 2964 1491 3047 Joannis

262 3071 306 3136 de
320 3069 485 3135 Cordoba
500 3070 595 3151 apud
608 3070 825 3151 Episcopum
839 3068 1046 3134 auctoritas

322 3176 413 3242 2907.
457 3176 547 3243 Cum
567 3192 655 3257 ergo
679 3175 913 3241 Provincialis
937 3176 1150 3258 Episcopum
1180 3177 1350 3241 inviseret
1378 3177 1491 3259 pridie

264 3294 415 3350 octavae
429 3283 599 3365 Corporis
619 3282 769 3364 Christi,
789 3283 849 3365 qui
872 3282 948 3347 dies
967 3283 1013 3347 ad
1033 3284 1273 3364 reponendum
1295 3300 1494 3349 sacramen·

263 3402 337 3458 turn
361 3400 439 3457 erat
460 3391 682 3471 designatus,
705 3389 772 3455 fuit
793 3391 838 3456 ab
859 3410 901 3455 eo
924 3391 1076 3471 benigne
1096 3401 1281 3471 exceptus;
1303 3401 1338 3456 et
1358 3409 1440 3456 cum
1456 3393 1493 3455 in

265 3499 458 3582 pontificali
482 3498 608 3563 fuisset
632 3498 700 3580 ipsi
723 3508 867 3563 ostensa
886 3498 1039 3563 formula
1058 3499 1289 3563 benedicendi
1309 3500 1493 3576 ecclesias,

266 3609 380 3671 laetus
395 3606 586 3671 admodum
599 3605 797 3686 Episcopus
812 3606 907 3688 (quia
922 3605 958 3668 id
972 3606 1071 3687 prius
1086 3624 1155 3681 non
1172 3606 1384 3686 crediderat)
1400 3613 1421 3686 ¹,
1439 3607 1495 3671 die

266 3714 426 3796 sequenti
440 3730 479 3778 se
493 3713 731 3794 repositurum
745 3712 1008 3777 sanctissimum
1023 3724 1286 3777 sacramentum
1301 3714 1446 3794 recepit.

324 3819 416 3887 2908.
460 3820 609 3887 Curavit
622 3837 710 3899 ergo
725 3819 899 3885 Dominus
913 3821 1068 3903 Joannes
1083 3829 1197 3885 totum
1209 3820 1405 3899 Collegium
1418 3838 1495 3901 pre-

268 3930 368 3993 tiosis
383 3928 517 3993 aulaeis
531 3928 664 4006 ornari,
681 3937 715 3992 et
730 3928 766 3991 in
785 3936 938 4008 quatuor
953 3928 1094 4007 angulis
1116 3946 1222 3991 areae
1237 3935 1389 4009 quatuor
1410 3928 1496 3991 alta·

267 4038 320 4101 ria
335 4036 466 4118 optime
480 4044 607 4118 parata
621 4045 735 4115 erant;
750 4034 867 4099 sontes
882 4036 989 4099 etiam
1005 4044 1039 4098 et
1054 4052 1160 4099 arcus
1176 4036 1222 4100 ad
1236 4036 1497 4099 solemnitatem

267 4143 465 4209 ornandam
477 4144 595 4224 parati
609 4141 761 4222 fuerant;
777 4152 813 4205 et
827 4142 1032 4206 scholastici
1044 4142 1237 4223 hispanicis
1249 4143 1424 4223 versibuS,
1437 4143 1497 4225 qui

266 4250 519 4316 fecunditatem
545 4249 770 4331 ingeniorum
794 4258 829 4314 et
853 4248 1078 4313 devotionem
1096 4266 1183 4329 prae
1202 4266 1242 4313 se
1260 4248 1432 4330 ferebant,
1461 4250 1497 4313 in

268 4358 365 4423 sane
396 4358 644 4423 Eucharistiae
668 4357 1011 4421 commendationem
1035 4355 1150 4435 factis,
1181 4373 1245 4437 pro
1273 4356 1368 4421 virili
1396 4365 1498 4438 parte

269 4466 530 4531 solemnitatem
544 4474 731 4544 auxerunt3
757 4482 846 4546 quos
861 4473 898 4527 ut
920 4464 1094 4528 excitaret
1114 4462 1158 4527 D.
1182 4463 1339 4547 Joannes
1355 4464 1398 4528 de
1414 4465 1497 4529 Cor·

311 4708 320 4741 ¹
350 4706 471 4753 Litterae
481 4706 711 4761 Quadrimestres,
720 4712 739 4751 t.
750 4718 785 4763 iv,
796 4718 856 4763 pag.
865 4707 913 4751 sae.
