3642 5350
789 389 852 446 Au.
875 388 945 448 1556
1426 392 1480 450 497

247 551 337 615 quos
352 535 456 598 multi·
467 542 570 598 erant
584 533 798 614 paedagogi,
815 531 886 614 qui,
904 533 987 598 licet
1001 543 1119 599 aetate
1134 535 1229 599 virili
1244 546 1377 616 essent,
1397 555 1478 601 con·

246 642 436 705 fitebantur
449 639 691 717 nihilominus,
713 648 748 703 et
766 640 956 704 formulam
976 651 1180 706 nostrarum
1195 642 1400 706 scholarum
1419 645 1479 708 ob-

247 752 440 814 servabant
459 750 497 812 in
517 749 638 828 Missa,
661 748 812 828 singulis
837 747 961 814 diebus
987 749 1175 829 audienda,
1191 759 1227 814 et
1242 749 1321 814 aliis
1336 751 1479 831 pietatis

247 856 575 934 exercitationibus,
590 864 628 919 ut
643 873 767 920 eorum
786 855 967 920 humilitas
988 873 1062 920 non
1074 873 1201 936 parum
1223 858 1478 923 consolationis

250 965 383 1028 nostris
398 963 552 1028 afferret.

307 1070 399 1135 2147.
442 1070 501 1134 Ad
516 1071 704 1134 conciones
719 1071 827 1134 etiam
842 1069 1038 1134 audiendas
1053 1069 1288 1150 confluebant,
1302 1089 1391 1153 quas
1405 1091 1476 1138 non

248 1179 365 1242 omisit
380 1177 417 1242 P.
435 1177 621 1256 Robertus,
638 1177 801 1258 quamvis
817 1184 851 1240 et
865 1176 941 1257 ipse
956 1177 1145 1240 lectionem
1159 1177 1206 1240 D.
1221 1177 1342 1242 Lucae
1363 1180 1477 1261 profe·

247 1287 313 1350 stis
327 1286 451 1350 diebus
465 1284 618 1364 assidue,
635 1282 793 1363 Decano,
812 1283 995 1347 canonicis
1015 1293 1050 1347 et
1070 1285 1190 1348 multis
1209 1285 1289 1348 aliis
1309 1285 1480 1351 audienti·

246 1394 323 1471 bus,
350 1393 589 1472 praelegebat,
608 1401 650 1473 ,et
676 1392 818 1471 quidem
843 1408 925 1454 cum
950 1389 1153 1454 auditorum
1178 1409 1311 1472 magna
1339 1392 1481 1457 satisfa-

251 1501 379 1564 ctione.
1050 1561 1055 1567 .

307 1605 399 1671 2148.
441 1606 538 1670 Idem
566 1615 711 1686 paratus
740 1615 816 1668 erat
845 1605 891 1669 ad
919 1603 1142 1669 dialecticam
1168 1606 1367 1688 lectionem,
1396 1625 1478 1672 cum

247 1716 401 1797 primum
434 1713 480 1777 ad
513 1731 592 1776 eam
627 1711 839 1776 audiendam
872 1711 1078 1776 scholastici
1107 1713 1369 1779 maturuissent.
1399 1715 1480 1796 Ipse

247 1831 366 1887 autem
379 1821 418 1885 P.
435 1821 594 1902 Baptista
609 1819 889 1884 confessionibus
903 1819 1197 1882 scholasticorum
1217 1820 1402 1884 audiendis
1415 1839 1477 1884 va·

248 1930 364 2010 cabat;
380 1939 414 1992 et
429 1927 592 2008 quamvis
606 1925 643 1990 P.
661 1926 804 1990 Petrum
815 1925 1022 2004 Chanalem,
1036 1925 1223 1990 Rectorem
1237 1924 1313 2006 ejus
1326 1927 1479 2008 Collegii

247 2036 468 2113 instituisset,
481 2035 583 2115 juxta
597 2033 637 2097 Ρ.
654 2033 847 2110 Paschasii,
865 2031 1112 2110 ProuincialiS,
1134 2033 1365 2114 voluntatem,
1388 2036 1478 2117 ipse-

247 2155 319 2208 met
334 2143 571 2207 universalem
586 2153 620 2206 et
635 2142 792 2204 omnium
807 2157 931 2204 curam
948 2140 1111 2203 habebat.

306 2250 397 2314 2149.
440 2248 627 2314 Seculares
640 2249 690 2312 illi
701 2256 964 2329 praeceptores,
977 2248 1037 2326 qui
1047 2246 1223 2332 Bigliomo
1238 2262 1478 2332 recesserant,

246 2367 455 2438 sparserant
470 2373 647 2420 rumorem
668 2354 868 2436 quemdam,
893 2353 988 2435 quod
1007 2355 1137 2433 nostri,
1162 2355 1308 2420 fulmine
1331 2358 1479 2422 coelitus

246 2467 366 2544 misso,
384 2464 588 2546 periissent;
609 2462 671 2526 sed
691 2480 772 2526 cum
792 2479 837 2524 ex
854 2461 922 2524 illis
941 2462 1031 2524 locis
1053 2462 1162 2540 aliqui
1183 2462 1399 2541 Bigliomum
1420 2483 1479 2528 ve·

245 2574 391 2649 nissent,
409 2583 444 2634 et
458 2582 664 2634 nostrorum
683 2569 958 2632 exercitationes
978 2567 1245 2645 intellexissent,
1269 2587 1342 2633 non
1363 2573 1479 2636 solum

247 2682 479 2745 seminatores
508 2676 611 2758 hujus
642 2677 795 2741 rumoris
828 2675 944 2739 ridere
972 2684 1183 2756 coeperunt,
1218 2678 1282 2741 sed
1319 2677 1478 2744 invidiae

247 2787 403 2852 etiamid
418 2786 678 2862 adscribebant3
695 2801 739 2847 ne
754 2778 900 2861 seilicet,
914 2782 1102 2847 multitudo
1113 2782 1329 2848 scholarium
1343 2785 1480 2865 Biglio·

247 2912 343 2959 mum
367 2893 570 2970 conflueret,
598 2908 687 2972 quos
713 2891 830 2971 potius
852 2888 897 2953 ad
923 2907 962 2952 se
984 2890 1126 2953 allicere
1151 2891 1364 2956 nitebantur.
1391 2892 1472 2958 Huc

235 3002 446 3083 spectabat,
472 2999 567 3081 quod
592 2998 736 3080 quidam
761 2998 823 3061 alii
848 2997 1086 3077 ludimagistri
1112 2998 1276 3077 Bigliomi
1299 2998 1480 3081 fecerunt,

246 3110 305 3192 qui
320 3111 432 3191 portis
447 3107 575 3172 summi
589 3106 709 3187 templi
724 3122 852 3169 versus
866 3104 1040 3183 quosdam
1063 3104 1267 3183 affixerunt,
1289 3108 1418 3186 quibus
1440 3109 1477 3173 id

245 3217 503 3295 continebatur,
519 3225 662 3278 nostros
675 3211 762 3276 nihil
777 3210 872 3274 aliud
887 3227 1006 3290 agere,
1023 3228 1131 3290 quam
1142 3221 1180 3275 ut
1191 3212 1341 3292 juvenes
1352 3216 1398 3279 ad
1411 3233 1477 3281 sua

245 3326 402 3388 claustra
417 3322 614 3400 allicerent;
635 3318 698 3383 sed
717 3318 821 3381 simul
836 3326 942 3398 atque
956 3316 1053 3381 affixi
1070 3320 1228 3400 fuerunt,
1252 3321 1388 3386 amicus
1403 3325 1479 3404 qui·

245 3431 328 3496 dam
342 3438 464 3494 noster
478 3427 606 3503 infixos
620 3426 741 3489 statim
756 3424 899 3488 abstulit
914 3433 948 3487 et
963 3424 1009 3487 ad
1023 3434 1167 3489 nostros
1181 3426 1322 3506 detulit;
1336 3430 1386 3492 ita
1402 3441 1440 3494 ut
1456 3449 1477 3494 a

247 3538 386 3602 nemine
402 3554 447 3601 ex
462 3554 504 3599 ea
520 3534 666 3599 civitate
681 3534 764 3596 lecti
779 3529 922 3595 fuerint.

305 3644 397 3709 2150.
440 3642 586 3706 Praeter
600 3656 786 3705 numerum
802 3638 875 3718 jam
896 3638 1031 3701 dictum
1044 3639 1355 3721 scholasticorum,
1373 3654 1476 3708 erant

246 3752 448 3831 theologiae
474 3749 654 3813 auditores
679 3764 749 3810 non
775 3746 891 3826 pauci,
919 3755 954 3807 et
979 3744 1224 3827 alphabetarii,
1247 3749 1307 3828 qui
1331 3766 1475 3815 suorum

247 3859 538 3941 paedagogorum
553 3838 673 3936 opera,
690 3853 809 3934 potius
824 3869 931 3931 quam
945 3862 1160 3932 nostrorum,
1177 3856 1380 3920 utebantur.

305 3965 396 4030 2151.
440 3962 650 4028 Delectabat
664 3970 782 4024 autem
802 3960 917 4037 civeS,
941 3976 1022 4022 cum
1042 3968 1178 4024 tantam
1202 3962 1480 4030 adolescentulo-

245 4091 325 4138 rum
338 4072 345 4103 ¹
359 4071 628 4145 multitudinem,
642 4067 781 4131 insolita
796 4064 950 4146 quadam
963 4065 1148 4145 modestia,
1158 4067 1290 4132 Missae
1302 4072 1479 4137 sacrificia

244 4180 446 4266 audientem
460 4178 634 4254 viderent;
649 4184 684 4239 et
695 4174 831 4237 solebat
843 4173 1011 4253 frequens
1022 4172 1204 4239 hominum
1216 4186 1350 4257 coetus,
1363 4180 1415 4243 eis
1430 4180 1479 4244 in·

244 4286 397 4367 tuendis,
411 4303 515 4351 mane
530 4284 711 4347 assistere.

286 4568 295 4601 ¹
325 4566 371 4611 Me.
388 4564 664 4611 adolescentularum.
681 4560 748 4605 Vide
764 4558 886 4603 Litterae
901 4558 1137 4613 Quadrimestres,
1156 4569 1175 4630 t.
1192 4573 1228 4617 rv,
1242 4576 1304 4619 pag.
1318 4565 1421 4620 biseth
1438 4570 1482 4612 ubl

247 4639 369 4695 plurima,
381 4648 447 4694 quae
457 4638 500 4681 hle
510 4641 660 4687 narrantur,
673 4632 754 4676 refert
766 4630 819 4686 lpse
831 4630 961 4676 Robertua
971 4631 1145 4687 Clayosonlua.
1204 4649 1206 4664 =
1225 4662 1229 4667 -

396 4727 434 4787 T.
450 4743 489 4783 vt.
1255 4739 1287 4796 32
