3642 5350
319 322 375 385 278
776 324 906 387 Canon.
925 321 1003 386 Soc.
1022 325 1092 401 Jns.

318 470 420 535 uielis
446 470 742 537 instituendorum
768 488 959 553 puerorum
983 472 1020 537 in
1043 471 1169 537 litteris
1193 486 1237 535 ac
1264 470 1367 535 bonis
1391 468 1549 534 moribus

319 593 444 644 curam
457 588 674 660 susceperat,
690 588 726 643 et
739 580 777 644 in
793 580 953 661 utrisque
972 578 1110 643 illinon
1131 596 1258 660 parum
1276 576 1546 659 promovebant.

319 684 398 767 lpse
412 694 533 751 autem
546 684 585 750 P.
601 685 729 751 Daniel
743 703 826 752 cum
838 686 1095 751 monachorum
1114 696 1190 751 tum
1208 685 1328 767 populi
1346 702 1471 749 curam
1487 700 1548 765 ge·

319 793 433 858 rebat.

382 899 471 965 loeo.
513 899 598 965 Inde
611 911 843 967 consecutum
856 910 910 967 est
925 910 964 967 ut
976 900 1151 984 praedicti
1165 900 1342 979 monachi,
1358 900 1430 981 qui,
1447 917 1546 981 prae·

320 1019 376 1073 ter
399 1026 551 1089 nomen,
577 1025 704 1089 pamm
723 1008 914 1075 admodum
939 1010 1189 1089 religiosorum
1212 1008 1395 1073 bominum
1415 1007 1546 1072 babere

320 1115 544 1191 videbantur,
560 1133 643 1181 cum
655 1116 703 1180 ad
716 1116 864 1181 meliora
879 1134 942 1197 per
956 1116 1082 1181 Patres
1096 1116 1274 1197 Elpidium
1288 1113 1310 1195 ¹,
1326 1114 1521 1179 Antonium
1534 1112 1546 1145 ¹

319 1232 355 1287 et
367 1221 543 1305 joannem
555 1223 756 1305 Philippum
769 1221 782 1255 ⁸
795 1224 868 1304 (qui
882 1223 982 1305 prius
996 1223 1126 1289 ibidem
1140 1222 1359 1301 resederant)
1379 1220 1548 1302 prolecis-

319 1339 409 1409 sent,
424 1348 447 1393 a
461 1328 501 1393 Ρ.
515 1329 665 1395 Daniele
678 1330 802 1411 adjuti,
818 1331 865 1395 ad
878 1330 1057 1395 anteriora
1071 1348 1110 1395 se
1125 1328 1318 1394 extendere
1337 1328 1547 1409 pergebant

318 1445 354 1502 et
368 1438 429 1519 qui
442 1438 542 1519 prius
555 1437 650 1518 apud
663 1456 787 1503 omncs
801 1438 894 1503 male
907 1438 1108 1517 audiebant,
1126 1447 1164 1501 ut
1178 1438 1303 1505 melius
1317 1436 1436 1501 iacere
1447 1436 1498 1499 ita
1512 1444 1548 1499 et

320 1545 447 1609 melius
458 1544 584 1609 audire
596 1554 803 1626 coeperunt.

383 1649 472 1715 1087.
514 1651 732 1733 Aliquandiu
753 1652 848 1734 apud
869 1670 933 1716 eos
958 1651 1126 1717 Genesim
1145 1661 1180 1715 et
1200 1667 1349 1716 casuum
1367 1650 1547 1715 conscien-

319 1759 390 1824 tiae
404 1759 592 1824 lectionem
604 1758 921 1841 interpretabatur,
939 1769 974 1824 et
996 1760 1161 1841 quamvis
1178 1776 1242 1823 eas
1262 1758 1432 1823 lectiones
1454 1756 1547 1822 dein·

320 1866 375 1946 de,
390 1874 430 1930 ut
441 1866 480 1930 in
494 1866 606 1931 rebus
613 1867 812 1931 utilioribus
825 1877 1077 1948 occuparetur,
1098 1866 1232 1943 omisit,
1254 1865 1329 1929 suis
1347 1874 1466 1929 tamen
1489 1882 1547 1928 ex·

318 1974 580 2039 hortationibus
593 1984 628 2038 et
642 1975 874 2039 instructione
888 1992 952 2041 cos
962 1974 1090 2055 juvare
1104 1992 1174 2038 non
1194 1972 1338 2039 destitit.
1363 1972 1407 2036 Et
1427 1972 1478 2037 ita
1499 1972 1548 2037 illi

320 2082 357 2145 in
378 2081 494 2146 officio
512 2081 634 2146 divino
652 2081 864 2146 celebrando
878 2082 1138 2163 diligentioreS,
1159 2090 1194 2145 et
1216 2080 1252 2145 in
1272 2080 1365 2145 bono
1385 2079 1548 2160 exemplo

320 2190 449 2271 populo
463 2189 665 2269 praebendo
680 2191 796 2270 magis
810 2190 963 2270 solliciti,
979 2199 1013 2254 et
1025 2190 1062 2255 in
1072 2189 1193 2254 labore
1206 2206 1377 2253 manuum
1388 2187 1548 2269 frequen·

319 2297 429 2361 tiores
442 2295 560 2361 effecti
572 2296 724 2361 suerunt.

381 2401 470 2467 loess.
513 2403 667 2485 Populus
681 2413 799 2469 autem
814 2404 934 2483 Italae,
956 2405 1017 2487 qui
1036 2413 1142 2471 antea
1156 2406 1293 2471 alienus
1314 2403 1504 2470 admodum
1526 2418 1548 2467 a

320 2509 388 2575 Dei
407 2510 554 2575 servitio
572 2510 774 2590 videbatur,
794 2522 830 2575 et
851 2520 1043 2597 antequam
1061 2514 1177 2579 nostri
1189 2530 1233 2577 eo
1251 2512 1449 2590 venissent,
1472 2528 1547 2593 per·

318 2618 486 2700 exiguam
506 2617 575 2682 Dei
594 2628 630 2683 et
654 2635 790 2699 eorum,
816 2636 909 2701 quae
934 2620 980 2685 ad
1004 2620 1359 2700 salutemfaciebant,
1384 2618 1548 2684 notitiam

320 2727 505 2804 habuerat,
518 2723 592 2806 jam
606 2727 713 2806 longe
726 2727 829 2791 aliter
841 2745 882 2791 se
895 2727 1066 2806 habebat;
1088 2729 1199 2809 etqui
1217 2728 1316 2810 prius
1337 2728 1471 2792 nullum
1491 2726 1548 2791 ob·

319 2833 513 2898 servabant
526 2833 671 2913 festum,
687 2834 822 2899 nullum
840 2832 990 2900 Sacrum
1010 2844 1046 2898 et
1066 2835 1181 2900 minus
1202 2837 1322 2917 utique
1342 2835 1549 2900 concionem

319 2941 428 3006 ullam
442 2940 644 3020 audiebant,
661 2942 765 3021 longe
780 2942 1023 3022 diligentiores
1036 2942 1134 3022 facti,
1150 2961 1222 3008 non
1233 2944 1348 3008 solum
1362 2942 1549 3008 dominicis

318 3059 353 3112 ct
367 3046 468 3113 festis
481 3047 605 3112 diebus
619 3048 749 3112 Missae
764 3049 958 3116 intererant
977 3059 1012 3116 et
1033 3051 1182 3115 verbum
1197 3050 1265 3115 Dei
1285 3049 1409 3116 audire
1431 3050 1550 3132 cupie-

319 3156 416 3236 bant;
432 3155 495 3219 sed
517 3156 624 3220 eliam
642 3156 808 3237 protestis
827 3157 952 3222 diebus
966 3175 1009 3222 ac
1024 3158 1214 3239 praecipue
1230 3157 1546 3239 Quadragesimae3

320 3279 403 3328 cum
416 3263 511 3327 enim
524 3262 735 3328 instituisset
749 3263 787 3328 P.
804 3263 932 3329 Daniel
952 3265 1103 3344 singulis
1123 3263 1258 3343 diebus,
1279 3266 1419 3330 duobus
1438 3265 1475 3329 in
1495 3265 1550 3330 be

319 3370 495 3435 bdomada
515 3373 691 3452 exceptis,
713 3372 936 3452 concionari,
952 3373 1117 3452 quamvis
1131 3389 1153 3436 a
1168 3374 1311 3454 populo,
1327 3381 1365 3437 ut
1381 3373 1548 3452 diximus,

319 3479 489 3560 templum
500 3476 660 3559 distaret,
671 3497 865 3561 numquam
875 3480 909 3543 ei
921 3481 1009 3546 satis
1019 3479 1187 3562 frequens
1199 3480 1414 3545 auditorium
1425 3479 1549 3558 deluit;

321 3594 356 3650 et
370 3585 520 3666 siugulis
535 3585 659 3650 diebus
672 3588 777 3650 lunae
790 3605 834 3651 ac
851 3587 992 3651 veneris
1012 3596 1073 3651 aut
1087 3587 1133 3651 ad
1154 3588 1324 3669 templum
1342 3586 1550 3652 monasterii

319 3701 382 3758 aut
401 3692 447 3758 ad
465 3692 572 3772 aliud,
593 3693 700 3758 situm
719 3712 764 3759 ex
784 3695 896 3759 altera
913 3705 1012 3776 parte
1028 3705 1062 3759 et
1088 3694 1184 3758 Divo
1209 3695 1346 3759 Honori
1365 3692 1549 3774 ⁴sacrum,

320 3819 401 3866 cum
415 3801 642 3882 processione
656 3818 696 3865 se
710 3801 950 3877 conserebant.
963 3801 1034 3868 Sed
1045 3801 1168 3866 diebus
1180 3803 1347 3867 mercurii
1362 3811 1397 3866 et
1412 3801 1552 3866 sabbati

322 3908 368 3973 ad
382 3906 556 3990 majorem
569 3909 689 3989 populi
703 3909 990 3982 commoditatem
1005 3909 1151 3974 Missam
1168 3909 1369 3974 celebrabat
1385 3919 1422 3974 et
1436 3910 1551 3974 Evan-

320 4015 453 4097 gelium
470 4016 671 4097 explicabat
691 4017 728 4080 in
747 4017 818 4080 alia
838 4017 1001 4094 ecclesia,
1026 4035 1117 4098 quae
1142 4018 1179 4081 in
1206 4018 1321 4081 medio
1337 4017 1459 4099 oppidi
1482 4017 1552 4082 sita

311 4133 409 4204 erat,
425 4132 461 4188 et
474 4133 558 4189 tunc
572 4125 792 4206 frequentius
805 4124 961 4189 habebat
979 4125 1207 4190 auditorium.

364 4369 375 4402 ¹
402 4367 534 4420 Elpidium
544 4367 670 4423 Ugoletti.
681 4369 748 4413 Vide
759 4380 846 4424 cupra,
857 4375 877 4413 t.
888 4381 916 4422 v,
926 4379 988 4424 pag.
998 4369 1046 4422 204,
1058 4381 1083 4414 n.
1093 4369 1143 4414 597.

361 4440 373 4472 ¹
404 4440 547 4484 Antonium
557 4441 652 4486 Vlnclr.
663 4441 729 4485 Vide
741 4451 829 4496 supra,
840 4447 860 4485 t.
870 4454 897 4495 v,
907 4452 968 4501 pag.
979 4441 1027 4494 192,
1038 4453 1062 4486 n.
1073 4441 1121 4494 ffb,
1132 4446 1158 4485 ct
1168 4452 1229 4496 pag.
1239 4441 1288 4496 221,
1300 4453 1323 4485 n.
1334 4441 1382 4486 639.

361 4511 373 4544 ⁸
401 4511 415 4564 J
420 4523 530 4556 oannem
542 4511 690 4568 Philippum
700 4512 830 4558 Catium.
838 4512 906 4556 Vide
917 4523 1006 4570 supra,
1017 4518 1036 4557 t.
1047 4525 1074 4568 v,
1084 4524 1143 4568 pag.
1153 4513 1195 4558 220
1203 4519 1230 4558 et
1240 4513 1287 4566 221,
1299 4525 1323 4558 n.
1331 4513 1373 4558 686
1381 4519 1408 4558 et
1417 4512 1467 4558 ⁶37.

362 4586 375 4620 ὁ
402 4583 453 4630 Sic.
