3642 5350
794 454 858 515 Au.
881 454 952 515 1556
1253 525 1256 529 Δ
1432 448 1484 509 107

253 602 349 680 (narn
373 600 563 683 aliquando
587 600 807 683 professione
833 602 991 665 medicus
1015 599 1143 677 suerat)
1168 616 1230 663 eos
1256 598 1422 676 convicit,
1447 606 1482 660 et

254 708 522 789 aegrotantibus
536 710 642 789 paulo
660 710 785 774 melius
800 710 1001 773 consultum
1015 716 1080 772 est.

314 814 385 880 378.
428 815 485 881 Ex
498 816 583 896 illis,
600 816 660 897 qui
674 814 842 881 Societati
861 815 1110 896 detrahebant,
1130 813 1284 893 clericis,
1307 812 1416 894 aliqui
1430 812 1482 875 sic

255 931 437 988 mutarunt
452 924 680 1003 sententiam,
696 933 734 988 ut
746 922 896 1003 juvenes
911 922 1019 987 etiam
1038 932 1179 986 nostros
1199 922 1235 984 in
1257 920 1383 1000 plateis
1401 936 1482 982 con-

255 1032 440 1095 cionantes
456 1031 638 1109 audirent,
656 1039 690 1095 et
708 1030 905 1095 faterentur
923 1031 1016 1094 male
1034 1046 1074 1093 se
1093 1031 1232 1093 locutos
1251 1027 1360 1092 luisse
1381 1027 1482 1090 colle·

254 1138 402 1216 gialium
429 1138 668 1217 ignorantiam
694 1138 861 1203 notando.
896 1136 966 1201 Sed
998 1137 1073 1217 ipse
1106 1135 1354 1215 Gubernator,
1390 1133 1483 1217 quod

254 1243 390 1309 fossam
414 1244 621 1325 quamdam,
642 1244 687 1308 ad
708 1246 878 1326 templum
908 1244 948 1309 B.
980 1243 1143 1324 Virginis
1161 1244 1384 1307 Lauretanae
1409 1258 1482 1305 mu·

255 1352 434 1432 niendum,
450 1352 526 1417 sine
541 1351 690 1416 consilio
706 1352 864 1431 fecisset,
882 1369 955 1415 non
969 1353 1084 1416 solum
1098 1352 1192 1431 apud
1207 1350 1356 1414 clericos
1374 1357 1409 1412 et
1429 1366 1482 1411 ar·

254 1458 447 1523 chitectum
461 1460 553 1523 male
577 1459 757 1539 audiebat,
779 1459 842 1523 sed
860 1458 997 1524 Romae
1017 1459 1124 1523 etiam
1143 1457 1236 1539 apud
1258 1457 1482 1521 Cardiualem

257 1564 485 1647 Carpensem,
502 1565 578 1648 eJ'us
592 1566 661 1631 loci
675 1575 925 1647 protectorem
942 1564 1042 1646 cujus
1053 1566 1276 1644 auctoritate,
1292 1582 1382 1645 quae
1393 1564 1481 1628 iece-

255 1683 321 1753 rat,
338 1673 552 1753 obedienter,
569 1674 651 1737 licet
665 1692 736 1738 non
751 1674 827 1737 sine
838 1674 955 1755 aliqua
970 1683 1068 1752 nota,
1082 1672 1254 1751 dissolvit,
1271 1683 1305 1735 et
1319 1672 1353 1735 in
1364 1672 1482 1751 pristi-

255 1798 338 1845 num
352 1788 485 1845 statum
499 1781 648 1861 redegit,
665 1789 698 1844 et
710 1798 752 1845 ea
767 1790 873 1862 atque
887 1781 966 1844 aliis
982 1781 1024 1845 de
1044 1781 1162 1844 causis
1185 1779 1403 1843 amovendus
1421 1797 1480 1859 pa·

256 1905 335 1951 rum
347 1888 544 1951 honorifice
560 1890 604 1952 ab
620 1906 662 1952 ea
676 1888 934 1967 gubernatione
953 1887 1172 1952 videbatur..

316 1994 386 2058 379.
431 1994 534 2074 Quod
559 1995 606 2059 ad
629 1996 746 2059 studia
768 1994 905 2071 attinet,
927 2012 1120 2076 numquam
1143 1996 1268 2058 melius
1288 2011 1396 2074 quam
1414 1995 1481 2059 hoc

256 2121 349 2167 anno
365 2120 407 2166 ac
421 2103 631 2184 praesertim
650 2103 716 2166 sub
733 2112 939 2167 autumnum
960 2102 997 2166 in
1012 2102 1170 2182 Collegio
1195 2102 1398 2166 Lauretano
1413 2111 1482 2165 tra-

255 2218 351 2274 ctata
365 2220 460 2289 sunt;
476 2210 639 2289 quamvis
654 2210 765 2289 initis,
782 2227 862 2273 cum
873 2210 911 2275 P.
927 2208 1008 2274 Pisa
1023 2211 1102 2272 loco
1117 2208 1155 2273 P.
1176 2210 1367 2290 Montoyae
1385 2210 1481 2273 venit

257 2318 363 2397 (quod
382 2316 427 2381 ad
441 2316 628 2381 lectionem
644 2314 665 2397 ¹,
691 2335 763 2381 non
778 2316 873 2398 quod
889 2317 934 2381 ad
955 2317 1316 2398 superintendentiam
1331 2316 1481 2395 attinet),

255 2423 350 2506 quod
368 2423 405 2487 in
425 2424 554 2504 oppido
578 2423 782 2488 Lauretano
802 2425 957 2489 hostium
981 2442 1177 2488 concursus
1201 2424 1395 2502 timeretur,
1416 2441 1481 2487 nec

254 2532 359 2596 lectio
373 2548 522 2595 casuum
537 2549 603 2595 nec
623 2531 762 2612 logicae
786 2531 927 2613 publice
951 2532 1070 2595 locum
1092 2532 1256 2596 habitura
1281 2532 1478 2597 videbatur.

255 2638 500 2718 Nihilominus
522 2640 648 2704 timore
667 2638 818 2720 sublato,
845 2648 970 2721 quater
985 2639 1021 2703 in
1036 2638 1258 2705 hebdomada
1279 2641 1316 2703 in
1331 2639 1481 2703 ecclesia

255 2765 360 2812 casus
374 2747 613 2812 conscientiae
632 2764 714 2812 cum
732 2747 976 2812 satisfactione
996 2747 1198 2811 auditorum
1218 2765 1290 2812 non
1312 2747 1481 2811 mediocri

255 2856 437 2937 praelegit.
454 2852 595 2936 Rogatu
610 2865 730 2918 autem
744 2855 956 2935 auditorum,
973 2855 1111 2935 logicae
1126 2856 1313 2920 lectionem
1332 2855 1480 2919 libenter

255 2961 347 3026 idem
361 2962 533 3043 suscepit3
551 2979 636 3026 nam
656 2963 692 3027 in
707 2964 807 3026 coelo
823 2963 881 3026 illo
896 2964 1081 3026 lauretano
1101 2962 1226 3026 melius
1249 2980 1355 3044 quam
1370 2963 1406 3025 in
1427 2979 1482 3025 ro·

255 3087 359 3133 mano
374 3069 527 3146 valebat,
545 3085 587 3132 eo
600 3071 809 3150 praesertim
823 3078 993 3151 tempore,
1008 3087 1076 3151 quo
1091 3070 1187 3150 Mag.
1203 3069 1422 3148 LeonarduS,
1437 3069 1482 3132 ad

254 3193 333 3240 eam
362 3177 550 3241 lectionem
584 3177 885 3258 interpretandam
916 3178 1067 3258 missua,
1101 3178 1255 3242 adversa
1278 3176 1480 3242 valetudine

254 3285 449 3349 laborabat.

312 3390 383 3456 380.
427 3391 522 3472 Mag.
538 3391 567 3456 F
569 3392 785 3458 erdinandus
798 3390 810 3422 ²
821 3402 939 3457 autem
951 3393 1041 3458 duas
1051 3411 1203 3473 graecas
1214 3393 1384 3458 lectiones
1397 3410 1479 3473 quo·

254 3499 338 3564 tidie
356 3500 596 3580 praelegebat,
623 3499 719 3580 Mag.
740 3500 898 3566 Erardus
920 3501 1156 3580 AvantianuS,
1179 3501 1239 3583 qui
1259 3501 1400 3564 Vienna
1422 3519 1481 3563 ve-

254 3617 355 3671 nerat
373 3605 397 3688 ¹,
422 3607 608 3671 lectionem
633 3607 840 3672 dialecticae
864 3609 1014 3692 Joannis
1038 3609 1205 3672 Caesarei
1229 3606 1241 3639 ⁴
1266 3609 1479 3689 explicabat,

253 3731 337 3780 nam
351 3714 389 3779 P.
405 3714 487 3780 Pisa
501 3714 739 3796 Porphyrium
754 3712 765 3745 ⁵
779 3717 1019 3780 enarrandum
1033 3728 1249 3798 susceperat.

313 3821 385 3886 381.
428 3821 487 3888 Sic
516 3833 634 3888 tamen
665 3821 865 3903 hujusmodi
894 3823 1085 3888 lectionum
1113 3834 1252 3906 tempus
1280 3825 1481 3890 ordinatum

191 3997 195 4006 ,
254 3941 342 4006 erat,
358 3937 397 3994 ut
415 3929 624 3994 comessarii
643 3931 718 3995 suis
740 3931 863 3998 officiis
884 3932 921 3996 in
945 3934 1075 4014 templo
1101 3949 1172 3996 non
1197 3933 1375 4013 deessent;
1398 3951 1481 3998 nam

257 4107 468 4116 ---—.-—--—-

297 4206 304 4239 ¹
332 4205 378 4252 Me.
390 4208 470 4252 habet
480 4207 522 4252 hlc
533 4207 769 4262 gubernationem
779 4209 824 4254 sed
835 4211 923 4264 lapsus
933 4210 1040 4255 evidens
1048 4218 1097 4266 est;
1109 4222 1170 4257 nam
1181 4212 1214 4257 ad
1223 4211 1445 4266 gubernationem
1457 4214 1482 4258 id

251 4280 383 4324 attinebat
394 4280 460 4335 qnod
469 4281 502 4323 ed
510 4281 786 4334 superintendentiam.

292 4350 304 4382 ¹
331 4350 361 4394 In
376 4351 453 4408 buius
467 4351 621 4397 mentionem
637 4354 746 4398 nondum
761 4355 941 4410 incideramns;
956 4358 1118 4412 suspicamur
1134 4363 1221 4403 tamen
1237 4359 1314 4402 valde
1327 4360 1482 4403 vocabulum

252 4423 303 4467 hoc
314 4421 508 4467 Ferdinandus
517 4434 567 4468 non
576 4435 623 4478 pro
634 4425 908 4480 nomine(1·'ernandoi
917 4430 963 4472 sed
972 4440 1019 4484 pro
1028 4431 1178 4484 cognomine
1186 4430 1356 4486 (Fernandet
1365 4433 1482 4479 veliorte

249 4493 427 4543 Hernanaeal
436 4495 549 4550 positum
559 4494 601 4539 hic
611 4507 679 4541 esse.

293 4565 306 4598 Ι
333 4566 400 4612 Vide
410 4566 531 4612 Litterae
540 4567 793 4622 Quadnmestres,t
809 4582 845 4623 rv,
853 4573 971 4629 pamboe,
982 4579 1069 4618 annot.
1078 4574 1101 4618 8.

292 4642 305 4676 ⁴
332 4638 400 4685 Vide
409 4639 484 4692 ibid„
494 4639 613 4686 annom.

293 4711 305 4745 Ι
333 4711 400 4756 Vide
410 4711 467 4756 ibid
476 4743 485 4765 ,
495 4719 514 4760 t.
525 4723 553 4768 n,
563 4723 624 4770 pag.
632 4713 666 4769 98,
676 4721 763 4760 annot.
773 4717 791 4768 l;
802 4723 828 4760 et
839 4723 859 4762 t.
869 4729 905 4771 tv,
915 4729 975 4775 pag.
985 4719 1033 4776 408,
1044 4728 1131 4767 annot.
1139 4722 1161 4766 2.
