3642 5350
759 474 764 482 “
791 467 948 529 Aa²1556
961 492 979 531 .·,
1017 487 1020 494 ’
1255 504 1263 513 -
1428 466 1484 528 765

249 638 260 645 ··
276 638 281 647 ·
311 612 403 679 3306.-
431 614 536 681 'Cum
551 616 739 698 quemdam
753 632 799 680 ex
813 615 876 695 eis,
892 614 950 679 die
963 612 1349 694 dominica-cophinum
1362 620 1484 679 texem

249 731 334 803 tem,
350 720 446 804 Mag.
461 720 594 805 Joseph
612 722 917 805 reprehendisset,
932 721 1093 803 sequenti
1107 720 1164 785 die
1184 719 1407 802 praedictum
1425 736 1482 786 co·

252 829 401 910 phinum
415 828 462 895 ad
475 830 636 895 scholam
650 846 771 896 secum
794 830 853 895 ille
873 828 1015 908 detulit,
1036 836 1072 892 et
1093 841 1215 893 coram
1236 828 1416 909 omnibus,
1439 846 1483 893 eo

253 937 348 1019 quod
362 936 419 1002 die
434 936 611 1004 dominico
625 937 699 1002 texi
712 937 899 1018 coepisset,
917 936 1170 1000 concremavit.
1307 998 1311 1005 ,

312 1042 404 1109 3307.
448 1042 616 1124 sicergo
636 1044 683 1108 ad
703 1045 853 1108 salutem
874 1040 1072 1124 spectantia
1093 1042 1142 1107 illi
1164 1042 1425 1123 edoctierant,
1443 1052 1483 1109 ut

253 1152 495 1232 ignorantiam
516 1160 599 1217 ante
620 1152 774 1217 tribunal
793 1150 927 1217 Christi
946 1150 1138 1215 obtendere
1159 1150 1303 1215 minime
1324 1160 1482 1233 possent.

250 1257 327 1325 Nec
340 1268 460 1325 tamen
474 1260 587 1325 nostri
601 1260 678 1325 sine
693 1259 819 1343 timore
834 1266 938 1323 erant
946 1285 960 1336 ,·
970 1256 1064 1339 quod
1078 1274 1160 1322 cum
1173 1258 1211 1322 in
1232 1258 1329 1325 viros
1350 1259 1483 1323 evasis·
1522 1298 1525 1303 -

253 1373 349 1446 sent,
373 1366 433 1431 vel
450 1372 638 1448 parentum
657 1365 834 1431 voluntati
854 1364 1133 1442 consentientes,
1153 1367 1211 1429 vel
1230 1365 1382 1436 tumultu
1401 1365 1483 1438 belli

253 1472 452 1575 concitato,
474 1473 687 1555 praesertim
710 1480 835 1538 contra
854 1471 1084 1553 christianos,
1109 1470 1154 1535 ad
1172 1472 1342 1554 pristinos
1365 1489 1484 1541 mores

251 1579 423 1646 redirent.

312 1687 407 1754 3308.
447 1688 537 1777 Cum
548 1688 701 1769 curdam,
713 1688 926 1769 contagioso
937 1685 1093 1770 quodam
1104 1688 1240 1766 morbo,
1253 1688 1373 1771 leprae
1387 1689 1480 1755 simi-

252 1796 288 1878 li,
304 1795 496 1877 laboranti,
514 1794 682 1876 remedia,
703 1795 829 1877 quihus
848 1794 1034 1876 carebant,
1049 1795 1163 1860 nostri
1175 1812 1247 1860 non
1261 1796 1481 1877 adhiberent,

253 1902 451 1968 mirahatur
465 1902 639 1985 quaedam
653 1902 785 1969 femina
794 1902 895 1984 ‘quod
905 1918 968 1983 per
982 1910 1137 1985 nostros,
1153 1902 1217 1983 qui
1228 1920 1338 1984 opera
1348 1904 1483 1971 miseri·

155 2088 156 2091 Ἴ
250 2010 399 2076 cordiae
414 2010 586 2075 sectanda
600 2026 679 2075 esse
692 2009 879 2090 docebant,
895 2010 1008 2091 ipsius
1021 2010 1130 2075 saluti
1139 2026 1212 2077 non
1222 2010 1482 2093 provideretun

253 2118 317 2182 sed
330 2117 387 2182 his
406 2116 683 2199 cogitationibus
700 2116 851 2198 ipsamet
869 2116 1122 2198 respondebat,
1142 2128 1483 2201 nostrosencusans

252 2233 287 2291 et
301 2226 338 2291 in
352 2225 567 2309 pravitatem
582 2221 753 2307 [suorum]
766 2227 908 2307 culpam
919 2222 1094 2305 rejiciens,
1111 2225 1171 2306 qui
1185 2242 1298 2308 saepe·
1307 2226 1345 2294 in
1358 2229 1483 2293 morsi·

250 2334 318 2398 bus
331 2331 560 2399 colubrorum
573 2340 608 2397 et
621 2332 703 2399 aliis
716 2332 949 2413 languoribus
962 2332 1189 2422 gravissimis
1200 2348 1239 2397 se
1254 2333 1366 2399 vitam
1379 2351 1483 2409 suam

249 2437 353 2521 Juxta
368 2439 436 2505 Dei
450 2440 620 2505 mandata
634 2438 895 2521 composituros
909 2437 1176 2520 promittebant,
1192 2449 1227 2504 et
1242 2448 1375 2521 tamen,
1390 2442 1483 2524 sani·

250 2548 319 2613 tati
333 2548 498 2628 restituti,
515 2547 562 2611 ad
575 2557 710 2629 pravos
723 2562 843 2611 mores
857 2546 1030 2627 redibant
1046 2546 1143 2611 etita
1157 2547 1365 2614 existimans
1376 2550 1412 2613 in
1423 2568 1483 2617 uo·

252 2665 409 2721 strorum
429 2664 605 2738 potestate
623 2655 730 2721 sitam
751 2670 830 2720 esse
844 2654 1016 2724 sanitatis
1034 2654 1304 2742 restitutionem,
1325 2675 1368 2723 eo
1387 2658 1483 2740 quod

250 2761 368 2828 Deum
383 2765 568 2829 novissent
583 2763 785 2843 credenteS,
801 2780 866 2827 cur
880 2779 954 2827 non
969 2771 1136 2829 curarent
1149 2761 1353 2889 huiusmodi
1371 2765 1483 2831 homi·

251 2889 327 2952 nes,
343 2889 385 2937 ea
401 2872 539 2937 ratione
559 2871 764 2936 excusabat.
974 2880 978 2885 ”

311 2977 404 3044 3309
447 2978 537 3044 Cum
555 2989 674 3044 autem
694 2979 870 3060 quaedam
890 2979 1027 3059 mulier,
1044 2978 1198 3046 adversa
1211 2980 1418 3048 valetudine
1431 2983 1485 3050 la·-

251 3086 395 3166 borans‚
412 3104 433 3150 a
453 3084 607 3167 quodam
627 3103 672 3151 ex
691 3085 824 3154 nostris
838 3085 1064 3166 inviseretur,
1085 3094 1121 3154 et
1139 3103 1265 3154 manus
1284 3086 1360 3169 eius
1375 3091 1484 3172 capiti

250 3193 527 3276 imponerentur;
543 3201 624 3275 post
644 3210 778 3275 paucos
797 3192 928 3260 diesin
946 3193 1133 3274 pristinam
1154 3195 1345 3262 sanitatem
1362 3197 1478 3263 rediit.

249 3300 339 3366 Cum
359 3317 446 3382 ergo
461 3301 536 3366 ab
525 3300 637 3382 ipsius
656 3310 770 3368 matre
791 3309 1022 3382 quaereretur
1041 3301 1217 3382 quomodo
1236 3319 1276 3368 se
1293 3302 1355 3368 illa
1373 3305 1479 3370 habe·

248 3417 316 3474 ret:
335 3407 448 3474 “Bene
462 3410 571 3487 valet,
588 3407 717 3490 inquit3
734 3417 768 3472 et
783 3407 868 3490 quid
880 3407 1023 3489 mirum,
1038 3425 1120 3473 cum
1134 3417 1172 3476 tu
1185 3410 1219 3475 ei
1230 3427 1357 3477 manus
1369 3411 1478 3498 impo-

249 3516 397 3597 suerisi„
672 3571 714 3580 ..
1318 3547 1327 3581 ι
1464 3574 1471 3587 ,

307 3622 410 3688 3310.
442 3622 592 3704 Aliquos
616 3623 731 3688 nostri
758 3573 1020 3704 quodammodo
1047 3622 1182 3691 invitos
1210 3625 1275 3693 ad
1290 3627 1479 3695 ecclesiam

250 3731 455 3796 trahebant:
480 3731 751 3812 baptizabantur
774 3739 893 3795 autem
914 3730 1069 3795 infantes
1076 3747 1163 3813 ,per
1171 3743 1338 3815 parentes
1356 3735 1477 3818 oblati,

147 3899 153 3911 ,
250 3856 296 3903 ex
307 3837 438 3921 'quibus
450 3838 610 3902 nonnulli
623 3837 670 3902 ad
684 3835 877 3902 Dominum
891 3836 1107 3918 migrabant·
1121 3847 1157 3903 et
1170 3839 1229 3906 hic
1241 3839 1390 3923 fructus,
1405 3852 1480 3908 tan·

250 3951 357 4028 quam
370 3963 454 4010 rosa
468 3945 512 4010 de
526 3945 650 4026 spinis,
665 3944 885 4009 certissimus
895 3953 931 4009 et
940 3943 1033 4010 forte
1044 3945 1221 4013 maximus
1235 3965 1280 4013 ex
1295 3949 1479 4016 brasilien·

248 4053 280 4118 si
294 4054 399 4119 vinea
414 4053 633 4135 capiebatur;
649 4069 731 4117 cum
745 4051 815 4116 viri
829 4061 865 4116 et
881 4051 1035 4124 leminae
1053 4053 1195 4119 adultae
1213 4062 1285 4122 nou
1304 4063 1401 4139 eum,
1418 4061 1478 4142 qui

247 4177 314 4242 par
339 4165 451 4240 esset,
464 4161 561 4225 vitae
581 4159 798 4242 christianae
818 4157 1267 4230 fructum·reoderent..Er·
1277 4163 1346 4245 ipsi
1363 4168 1476 4249 pueri,

247 4273 336 4350 quos
350 4270 441 4332 lacte
456 4268 672 4350 christianae
688 4265 871 4332 doctrinae
886 4265 1001 4333 nostri
1013 4268 1251 4350 enutrierant,
1261 4277 1355 4338 cum
1372 4275 1478 4356 plene

243 4373 318 4456 jam
345 4375 508 4440 instructi
535 4375 790 4439 habitationem
817 4382 1007 4453 parentum
1028 4375 1477 4458 sequebantur,.muribus

245 4484 355 4548 etiam
373 4499 497 4548 eorum
517 4482 689 4564 paulatim
708 4480 980 4562 assuescebant,
1002 4482 1097 4563 quod
1116 4485 1348 4565 experientia
1350 4489 1478 4555 docuit

247 4591 345 4655 circa
359 4591 428 4655 hoc
439 4601 589 4671 tempus,
604 4606 686 4654 cum
697 4588 818 4670 aliqui,
832 4587 1054 4669 Piratiuiuga
1065 4591 1283 4697 recedentes,
1297 4595 1384 4701 alibi
1392 4603 1477 4710 snas

249 4693 372 4768 domos
387 4689 644 4775 construerent,
660 4704 696 4760 et
709 4695 840 4760 bonam
853 4703 1044 4777 puerorum
1063 4687 1201 4779 partem
1222 4683 1344 4768 secum
1346 4676 1477 4782 ahdu‘
