3642 5350
787 407 852 465 Au.
874 405 945 466 1556
1002 415 1005 420 ·
1430 405 1484 465 531

247 553 403 618 Beltram
419 554 616 630 dicebatur)
633 569 713 617 cum
728 550 884 633 quodam
898 551 1050 631 simplici
1065 549 1235 616 beneficio
1247 551 1485 631 quadringen-

148 703 156 718 .
246 673 366 726 torum
380 670 563 726 scutorum
583 659 693 724 annui
711 658 847 722 reditus
866 658 1027 737 volebat,
1044 667 1084 724 ut
1102 658 1149 722 ad
1170 658 1319 738 Collegii
1338 657 1486 724 Barchi-

245 768 417 832 nouensis
432 767 649 832 dotationem
665 767 846 847 applicare
861 774 992 846 posset.

309 872 401 939 2300.
444 874 579 940 Nobilis
598 873 757 957 quidam,
778 873 838 954 qui
861 873 897 935 in
920 873 1118 954 direptione
1138 873 1246 938 Urbis
1272 873 1487 955 quingentos

247 999 379 1046 aureos
392 1000 437 1046 ex
451 982 687 1063 quorumdam
703 980 835 1045 civium
850 979 1021 1044 nobilium
1040 979 1283 1062 redemptione
1299 980 1485 1059 habuerat,

244 1097 506 1154 cummortuus
521 1096 633 1164 esset,
651 1095 903 1152 testamentum
927 1084 1004 1166 ejus
1023 1088 1206 1168 apparuit,
1224 1107 1305 1170 quo,
1329 1097 1368 1152 ut
1386 1106 1486 1170 prae-

244 1196 363 1261 dictos
377 1197 591 1277 quingentos
607 1212 736 1259 aureos
751 1212 776 1277 a,
787 1193 860 1257 suis
875 1193 1103 1274 haeredibus,
1121 1206 1312 1276 antequam
1326 1195 1485 1259 haeredi·

243 1312 357 1368 tutem
373 1304 526 1384 adirent,
546 1302 686 1367 restitui
702 1301 862 1384 jubebat;
880 1313 916 1368 et
935 1305 985 1368 ita
1003 1301 1156 1366 Romam
1174 1301 1401 1366 Barchinona
1422 1320 1487 1383 per

243 1421 390 1474 nostros
414 1409 515 1474 missi
539 1410 699 1488 suerunt,
727 1418 761 1473 et
788 1411 966 1474 nonnullis
989 1408 1127 1474 civibus
1149 1409 1313 1484 restituti;
1338 1419 1374 1474 et
1393 1410 1486 1491 quod

244 1517 389 1582 cambio
405 1517 679 1596 impendendum
699 1527 788 1597 erat,
813 1515 849 1580 id
865 1527 957 1582 est...
975 1515 997 1596 ¹,
1014 1533 1159 1595 aureos,
1180 1526 1344 1580 curatum
1361 1527 1426 1593 est,
1449 1526 1487 1580 ut

248 1625 363 1688 nostri
377 1624 680 1689 barchinonenses
695 1624 731 1688 in
746 1625 1013 1706 eleemosynam
1023 1624 1238 1704 acciperent.

310 1731 355 1796 Et
370 1732 460 1795 haec
475 1731 519 1796 de
534 1732 693 1812 collegio
705 1731 1001 1796 Barchinonensi.

444 2105 508 2172 un
536 2067 769 2172 contacto
798 2105 1284 2172 cassianususrnno

307 2375 399 2440 2301.
444 2375 619 2440 Postridie
636 2375 843 2440 Nativitatis
858 2376 898 2440 B.
915 2374 1079 2456 Virginis
1094 2373 1231 2438 Mariae
1242 2377 1328 2438 anni
1343 2391 1487 2454 praece·

243 2483 364 2548 dentis
385 2484 546 2548 revocati
568 2484 707 2547 fuerant
727 2483 861 2562 nostri,
882 2492 1032 2561 urgente
1051 2482 1336 2563 Archiepiscopo
1352 2492 1387 2546 et
1409 2481 1487 2562 ejus

248 2591 408 2670 Vicario,
425 2591 485 2670 qui
506 2600 671 2654 auctores
689 2588 832 2654 fuerant
855 2590 1076 2670 expulsionis
1092 2588 1120 2669 '3
1136 2598 1170 2652 et
1185 2589 1284 2670 prius
1305 2589 1400 2654 idem
1420 2589 1485 2653 Ar·

245 2699 498 2779 chiepiscopus
514 2716 728 2779 componere
745 2716 801 2762 res
821 2706 965 2762 nostras
986 2715 1069 2762 curn
1088 2698 1276 2761 monachis
1291 2706 1326 2761 et
1346 2698 1487 2761 clericis

245 2806 438 2886 diligenter
450 2815 663 2885 tentaverat,
674 2817 708 2869 et
720 2814 878 2886 exparte
889 2806 1103 2882 obtinuerat,
1117 2816 1152 2869 et
1165 2806 1319 2884 interim,
1330 2804 1415 2868 dum
1427 2805 1487 2868 alii

245 2913 411 2979 duriores
427 2912 471 2977 ad
487 2913 716 2977 concordiam
731 2913 1012 2991 adducebantur,
1030 2922 1067 2976 ut
1082 2913 1197 2976 nostri
1212 2913 1258 2975 ad
1272 2912 1418 2993 propria
1434 2930 1486 2975 re-

244 3022 365 3085 dirent
380 3020 529 3084 sollicite
545 3020 708 3099 urgebat;
724 3037 808 3083 nam
830 3020 919 3083 dure
935 3018 1127 3083 admodum
1141 3037 1163 3082 a
1178 3018 1342 3100 Principe
1366 3018 1485 3083 Portu·

244 3128 378 3207 galliae
393 3137 427 3190 et
442 3126 700 3191 Gubernatrice
715 3126 911 3206 Hispaniae
924 3126 967 3189 D.
985 3126 1124 3209 Joanna
1137 3110 1367 3206 arguebatur3
1380 3144 1485 3208 quae,

246 3244 288 3298 ut
299 3252 366 3315 par
378 3243 467 3313 erat,
477 3228 636 3313 justitiae
649 3235 724 3297 zelo
738 3242 863 3296 contra
878 3251 952 3312 eos,
965 3235 1026 3313 qui
1039 3235 1243 3314 persequuti
1255 3250 1321 3298 nos
1332 3219 1485 3315 fuerant,

245 3351 438 3405 exarserat
454 3338 476 3403 ³.

308 3446 400 3511 2302.
445 3447 555 3511 Binae
573 3447 693 3527 itaque
709 3447 848 3511 litterae
868 3448 913 3511 ab
934 3446 1077 3510 officiali
1096 3465 1139 3511 ac
1159 3447 1308 3512 Vicario
1326 3449 1487 3528 generali

248 3553 523 3636 Archiepiscopi
538 3563 761 3634 emanarunt,
779 3554 907 3635 quibus
921 3564 956 3617 et
971 3571 1143 3617 censuras
1155 3564 1280 3618 contra
1296 3563 1439 3619 nostros
1452 3565 1487 3619 et

248 3662 341 3727 alios
354 3680 401 3725 ex
416 3662 540 3725 eadem
556 3678 666 3725 causa
680 3662 785 3741 latas,
801 3662 918 3725 nullas
933 3678 1081 3742 prorsus
1096 3678 1175 3725 esse
1190 3661 1434 3740 declarabant;
1450 3672 1486 3725 et

251 3770 462 3851 religionem
478 3779 622 3833 nostrae
638 3766 837 3848 SocietatiS,
855 3768 898 3831 de
915 3785 984 3848 qua
1005 3776 1079 3832 tam
1100 3769 1248 3847 indigna
1260 3768 1398 3848 iactata
1414 3769 1486 3832 fue·

246 3886 343 3953 rant,
361 3894 381 3939 a
396 3875 470 3940 85¹³
488 3875 717 3940 Pontificibus
737 3892 816 3940 esse
837 3875 1083 3956 approbatam,
1101 3884 1136 3939 et
1156 3877 1361 3939 eorumdem
1381 3875 1487 3955 privi-

247 3984 352 4063 legiis
368 3993 540 4047 consueta
556 3982 752 4048 ministeria
767 3999 937 4047 exercere
954 3998 1060 4063 posse
1071 3982 1328 4064 profitebantur
1344 3981 1366 4042 ⁸.

290 4156 299 4187 ¹
328 4152 441 4197 Delinire
452 4164 501 4197 non
513 4164 649 4207 possumus
660 4164 693 4197 un
704 4153 841 4207 legendum
853 4153 887 4197 sit
898 4153 931 4197 10
941 4154 985 4196 vel
996 4153 1040 4197 ⁴0.
1064 4183 1069 4191 .

288 4224 301 4257 ⁸
327 4224 395 4269 Vide
405 4236 492 4280 supra,
504 4232 522 4268 t.
533 4238 559 4279 v,
570 4237 632 4279 pag.
642 4226 690 4277 391.
702 4238 726 4270 n.
738 4225 790 4269 1059
801 4232 826 4269 et
838 4236 919 4280 seqq..
931 4226 974 4269 ubl
992 4226 1048 4269 fuse
1064 4234 1214 4279 narrantur,
1232 4238 1299 4281 qnae
1315 4236 1489 4280 caesarum·

247 4296 332 4341 stunls
342 4296 428 4349 sociis,
438 4298 568 4351 superiori
578 4308 654 4349 auno,
666 4297 824 4341 acciderunt.
838 4296 1065 4352 Archiepiscopns,
1077 4298 1108 4341 de
1119 4309 1168 4352 qno
1178 4298 1221 4341 hic
1232 4298 1330 4351 agitur,
1341 4304 1381 4341 est
1397 4296 1489 4341 Fordi-

246 4368 349 4412 nandus
359 4368 390 4411 de
404 4370 518 4422 dragum
531 4368 586 4424 ejus
597 4376 685 4412 autem
695 4368 819 4412 vicarius
829 4373 869 4412 est
880 4367 969 4423 Lupus
980 4367 1073 4424 (Lupe)
1083 4369 1180 4422 Murco,
1192 4369 1252 4412 Ord.
1264 4368 1289 4413 S.
1301 4368 1389 4423 Rern,
1407 4368 1491 4413 Veru·

249 4439 329 4484 lensia
344 4440 496 4484 monasterii
512 4440 687 4484 libbam-Ad
702 4441 770 4484 bunc
787 4450 882 4485 annum
899 4446 1019 4495 spectant
1030 4440 1154 4485 litterae
1169 4440 1403 4495 Quadrimeslres,
1420 4446 1438 4485 t.
1455 4450 1492 4484 tv,

249 4520 312 4565 pag.
322 4510 414 4555 282&ss
429 4517 455 4555 et
467 4510 568 4563 tou-tou.
581 4512 672 4567 quibus
684 4512 812 4557 Polancus
824 4519 946 4556 estuans:
958 4522 1003 4556 eus
1014 4512 1083 4558 vide.

293 4582 306 4615 ⁸
332 4582 400 4627 Vide
412 4582 567 4637 chronicon,
578 4584 595 4627 l.
606 4594 638 4637 a,
649 4594 710 4638 pag.
720 4583 770 4637 399,
781 4595 805 4627 n.
817 4584 876 4633 1075.
885 4592 976 4629 annot.
988 4586 1009 4627 l.

293 4654 305 4687 ⁴
332 4653 400 4700 Vide
411 4655 437 4699 in
449 4654 545 4699 Curias
556 4656 590 4699 de
601 4654 657 4699 San
672 4654 792 4709 lgnacro,
803 4661 821 4699 t.
833 4666 869 4709 vr,
881 4666 943 4710 pag.
953 4654 1003 4707 ⁶09.
1019 4656 1113 4700 barum
1129 4657 1279 4700 litterarum
1297 4662 1491 4711 transumptum
