3642 5350
322 408 377 470 380
781 406 909 468 Canon.
931 405 1008 467 Soc.
1030 404 1100 481 Jss.

324 554 416 617 miae
429 554 698 619 benevolentiae
719 572 762 617 ac
782 554 1034 617 familiaritatis
1055 551 1351 631 reconciliandae;
1367 550 1555 615 videbatur

320 660 393 743 jam
415 662 482 726 sibi
507 661 544 726 P.
571 660 737 727 Canisius
757 662 802 726 ad
823 661 1020 741 Collegium
1042 661 1324 741 Ingolstadiense
1347 660 1453 740 paulo
1473 668 1555 722 ante

323 768 532 833 inchoatum
547 770 598 833 ire
619 786 734 850 posse;
755 770 919 851 quamvis
939 770 1045 833 amici
1066 786 1263 851 pragenses
1277 767 1485 845 suadebant,
1505 775 1554 848 ut,

324 875 529 959 aliquandiu
552 877 601 940 ibi
625 887 797 956 maneret,
821 877 936 940 donec
954 877 1095 940 radices
1111 878 1256 939 altiores
1278 876 1458 956 Pragense
1477 874 1556 940 Col·

324 984 456 1063 legium
472 994 606 1064 ageret3
626 1002 708 1048 nam
724 984 894 1049 Bohemia
911 987 1014 1065 plena
1026 985 1171 1064 proprio
1183 983 1317 1064 J‘udicio
1333 993 1421 1063 erat,
1437 1000 1502 1046 nec
1517 1000 1555 1046 se

324 1090 433 1168 vinci,
460 1092 567 1155 immo
590 1110 634 1155 ne
659 1093 759 1171 tangi
779 1093 928 1169 sinebat,
952 1091 1046 1173 quod
1066 1092 1192 1155 attinet
1207 1091 1254 1154 ad
1273 1090 1556 1155 communionem

325 1198 459 1263 calicis.
475 1197 586 1263 Immo
602 1210 638 1263 et
652 1198 729 1263 Rex
745 1201 821 1279 ipse
834 1208 937 1263 caute
949 1210 983 1262 et
995 1199 1153 1263 suaviter
1169 1216 1249 1262 cum
1264 1200 1317 1262 eis
1332 1214 1440 1277 agere
1456 1197 1556 1261 debe·

325 1307 397 1385 bat,
418 1305 513 1387 quod
539 1324 581 1369 ea
607 1322 697 1386 gens
722 1308 814 1385 duci,
833 1325 903 1369 non
923 1308 1005 1393 cogi
1024 1325 1063 1370 se
1082 1308 1249 1387 patiatur,
1273 1323 1316 1368 ac
1332 1306 1424 1369 bona
1444 1286 1556 1368 verba

326 1412 527 1478 efficaciora
545 1414 638 1494 apud
654 1416 733 1478 illos
748 1432 855 1495 quam
870 1414 1018 1494 quaevis
1029 1416 1187 1477 rationes
1201 1424 1314 1477 erant.

389 1520 478 1584 1596.
522 1519 578 1585 De
593 1521 754 1602 Collegio
771 1521 866 1603 quod
885 1520 1076 1603 Oeniponti
1094 1522 1336 1586 Romanorum
1350 1520 1427 1584 Rex
1441 1520 1555 1585 aedifi·

326 1628 443 1709 cubat,
461 1629 641 1692 consuluit
660 1628 697 1693 P.
715 1628 892 1709 ignatium
912 1629 1148 1693 Provincialis
1162 1628 1338 1708 CanisiuS,
1355 1646 1402 1692 an
1416 1627 1555 1708 expedi·

325 1745 380 1800 ret
394 1753 521 1800 curare
536 1747 574 1801 ut
589 1734 758 1801 Societati
774 1736 931 1814 daretur,
949 1749 982 1801 et
1003 1754 1212 1818 responsum
1231 1738 1381 1817 accepit,
1398 1736 1467 1799 hoc
1482 1736 1554 1818 qui·

325 1832 514 1923 dem‘anno
526 1845 617 1908 mitti
632 1863 702 1908 non
718 1862 823 1925 posse
836 1846 1025 1924 collegium
1036 1830 1182 1924 novumn
1196 1845 1258 1908 sed
1270 1844 1430 1926 sequenti
1443 1842 1557 1924 primo

326 1967 411 2015 vere
427 1952 517 2016 mitti
532 1968 647 2033 posse;
669 1953 766 2015 etita
783 1970 821 2015 se
837 1964 1042 2016 curaturum
1058 1954 1212 2033 scripsit;
1234 1952 1398 2034 quamvis
1417 1952 1485 2015 hae
1504 1951 1557 2015 lit·

326 2067 425 2123 terae
439 2058 478 2123 P.
494 2059 671 2140 ignatium
686 2061 722 2123 in
737 2062 842 2125 terris
858 2072 1023 2140 agentem
1037 2078 1108 2123 non
1123 2062 1346 2124 invenerunt.

390 2166 478 2230 1597.
521 2164 716 2231 Dubitabat
732 2186 777 2231 an
789 2166 939 2249 juvenes
953 2169 1106 2243 bohemi,
1120 2158 1261 2250 qui'sub
1275 2178 1425 2248 utraque
1440 2166 1558 2249 specie

325 2274 636 2339 communicabant
652 2284 686 2337 et
702 2275 748 2339 ad
763 2276 906 2349 scholas
922 2285 1065 2338 nostras
1080 2276 1281 2353 veniebant,
1299 2275 1437 2338 absolvi
1458 2274 1558 2337 debe·

326 2391 416 2461 rent;
442 2390 477 2445 et
496 2381 654 2445 decrevit
679 2400 723 2445 ne
749 2383 794 2445 ad
820 2382 1080 2446 consessionem
1105 2382 1247 2463 quidem
1271 2400 1333 2445 eos
1359 2382 1556 2445 admittere:

327 2506 440 2570 neque
455 2489 548 2553 enim
563 2489 794 2553 mutationem
810 2490 907 2554 illam
922 2491 1107 2570 religionis
1121 2489 1197 2553 sine
1212 2499 1398 2569 parentum
1413 2504 1558 2552 consen·

328 2612 371 2659 su
388 2595 517 2660 facturi
536 2596 769 2678 videbantur,
789 2597 850 2679 qui
869 2606 988 2661 tamen
1007 2597 1187 2661 mordicus
1202 2615 1286 2660 suos
1306 2613 1447 2660 errores
1467 2605 1559 2659 tene·

328 2705 425 2785 bant;
437 2714 472 2768 et
486 2705 536 2768 ita
551 2705 662 2786 aliqui
676 2723 758 2769 suos
774 2705 865 2768 filios
880 2705 927 2768 ad
948 2706 1091 2769 scholas
1112 2716 1254 2769 nostras
1268 2722 1339 2768 non
1361 2704 1558 2782 mittebant,

327 2813 422 2893 quod
435 2813 611 2893 timerent,
628 2831 671 2876 ne
692 2833 712 2876 a
733 2815 865 2877 nostris
885 2813 1036 2890 seducti,
1058 2813 1103 2877 ad
1118 2814 1221 2877 fidem
1237 2813 1420 2876 Romanae
1440 2811 1559 2876 Eccle-

327 2919 402 2984 siae
413 2930 717 2984 converterentur.
733 2921 853 3003 Aliqui
866 2939 952 2984 vero
964 2921 1057 3002 quod
1070 2922 1113 2985 de
1125 2921 1345 2984 institutione
1357 2928 1560 2983 nostrorum

327 3037 362 3090 et
374 3026 536 3090 doctrina
549 3044 716 3107 magnam
728 3030 1015 3108 expectationem
1027 3030 1209 3107 haberent,
1223 3029 1408 3092 mittebant
1419 3027 1560 3108 quidem

328 3135 420 3200 filios
435 3135 479 3198 ad
495 3134 647 3215 scholas,
665 3137 727 3200 sed
743 3135 954 3216 adjurabant
969 3155 1013 3200 ne
1028 3137 1259 3200 mutationem
1270 3136 1453 3216 religionis
1468 3134 1560 3198 face·

328 3253 418 3308 rent.
436 3240 506 3323 Ipsi
520 3243 613 3306 enim
628 3245 797 3307 ecclesias
813 3263 833 3307 a
849 3244 1035 3307 catholicis
1050 3255 1236 3324 separatas
1251 3253 1285 3307 et
1300 3241 1559 3330 caeremonias,

330 3350 531 3429 concioneS,
544 3349 759 3430 sacerdoteS,
773 3353 952 3431 praelatos
962 3363 996 3413 et
1005 3349 1143 3430 judices
1154 3366 1313 3414 seorsum
1325 3350 1514 3428 habebant,
1527 3359 1560 3411 et

329 3458 379 3523 ita
405 3474 487 3522 cum
506 3455 705 3538 hujusmodi
725 3459 949 3522 scholasticis
969 3460 1130 3537 regulam
1152 3458 1247 3522 illam
1270 3458 1313 3521 de
1339 3457 1560 3521 consessione

329 3565 477 3646 singulis
498 3565 676 3628 mensibus
695 3565 868 3642 facienda,
890 3583 962 3629 non
985 3566 1201 3629 servandam
1226 3582 1304 3628 esse
1329 3565 1368 3628 P.
1396 3564 1560 3629 Canisius

330 3673 508 3752 censebat,
522 3673 687 3754 quamvis
701 3673 899 3753 promiscue
912 3673 1079 3736 catholici
1089 3682 1123 3736 et
1136 3673 1355 3736 schismatici
1366 3681 1427 3736 aut
1438 3672 1559 3737 haere·

331 3780 393 3844 tici
405 3780 554 3862 juvenes
570 3779 849 3844 admitterentur.

394 3886 480 3950 1598.
525 3887 580 3951 Ex
596 3888 664 3950 alio
679 3903 810 3966 genere
824 3888 1095 3966 haereticorum,
1110 3906 1198 3969 quos
1213 3886 1404 3968 pichardos
1415 3898 1558 3969 vocant,

331 3992 505 4075 majorem
521 3995 837 4058 contradictionem
857 3975 989 4059 nostris
1009 3997 1191 4060 imminere
1207 3996 1408 4071 timebatur,
1425 4007 1459 4060 et
1478 3997 1559 4079 quia

331 4102 476 4167 tandem
491 4103 601 4181 virus,
620 4104 713 4184 quod
729 4104 764 4167 in
779 4122 900 4168 eorum
921 4105 1119 4186 synagogis
1138 4116 1286 4168 eatenus
1301 4105 1559 4185 continebatur,

333 4211 370 4276 in
396 4219 554 4292 apertam
577 4211 857 4292 persecutionem
884 4227 1090 4293 erupturum
1116 4230 1193 4276 esse
1220 4211 1456 4295 [credebatur,
1483 4213 1561 4278 ideo

334 4317 409 4400 ipse
431 4316 607 4400 Canisius]
629 4319 787 4400 timebat,
808 4323 865 4383 vel
891 4321 1009 4402 potius
1034 4321 1212 4401 sperabat,
1229 4322 1340 4384 stolas
1360 4331 1562 4384 nostrorum

334 4427 507 4508 sanguine
522 4427 697 4490 lavandas
713 4445 802 4491 esse.
1573 4425 1578 4433 '

330 4615 332 4622 Α
398 4535 486 4598 1599.
529 4533 629 4598 Multi
644 4546 762 4600 autem
777 4555 821 4600 ex
840 4537 967 4600 husitis
987 4554 1033 4600 ex
1052 4535 1295 4600 familiaritate
1310 4554 1391 4600 curn
1410 4538 1559 4601 luthera·

335 4642 390 4709 uis
410 4637 549 4723 pejores
570 4643 606 4707 in
625 4642 701 4706 dies
720 4642 930 4723 evadebant,
954 4653 988 4708 et
1010 4644 1180 4725 paulatim
1195 4643 1354 4723 expilare
1373 4645 1504 4726 templa
1525 4653 1560 4708 et
