3642 5350
803 468 866 525 Art.
888 467 958 526 1556
1443 469 1493 526 o7l

267 627 347 674 cum
361 611 508 674 civitate
524 612 728 690 ingratiam
749 611 868 689 rediit,
889 611 1073 675 sedetiam
1090 629 1171 676 cum
1187 629 1251 676 sua
1267 613 1436 692 ecclesia,
1458 613 1495 676 in

265 733 372 797 quam
388 716 462 798 jam
481 716 615 782 dudum
635 718 819 798 ingressus
837 735 909 781 nou
929 727 1021 796 erat,
1048 727 1087 782 nt
1112 717 1243 782 divinis
1264 717 1387 782 officiis
1409 720 1495 783 assi-

266 833 386 888 steret.
411 823 697 890 Archidiaconus
716 833 853 905 autem,
877 825 1021 890 nomine
1039 825 1148 890 totius
1167 827 1328 908 capituli,
1350 827 1397 891 ad
1416 844 1495 892 eum

265 931 489 996 invisendum
509 942 673 1013 venerat,
689 942 725 996 et
745 933 896 1013 genibus
916 931 1029 1012 flexiS,
1048 951 1127 997 eum
1146 941 1292 1016 propter
1312 933 1379 998 Dei
1400 951 1494 998 amo·

185 1084 191 1096 .
265 1056 341 1103 rem
356 1041 517 1120 rogavit,
533 1050 572 1103 nt
591 1041 764 1105 ecclesiae
785 1056 872 1104 suae
892 1042 1109 1120 consuleret,
1132 1059 1224 1122 quae
1246 1042 1312 1122 ipsi
1335 1042 1422 1106 nihil
1436 1059 1493 1106 no·

264 1156 403 1224 cuerat,
420 1156 455 1210 et
470 1148 500 1211 si
516 1148 584 1228 ipsi
597 1157 836 1229 peccaverant
857 1157 896 1211 ut
916 1148 1059 1212 veniam
1080 1149 1244 1224 donaret,
1261 1158 1295 1212 et
1313 1149 1363 1212 ita
1378 1150 1493 1230 placa·

264 1264 320 1318 tus
335 1253 382 1316 ad
397 1253 542 1318 Missam
557 1254 805 1320 celebrandam
821 1256 857 1319 in
872 1255 1101 1336 paschalibus
1120 1255 1222 1320 iestis
1241 1256 1286 1320 ad
1306 1256 1495 1320 ecclesiam

263 1361 431 1440 accessit,
448 1371 483 1425 et
497 1361 654 1427 secundo
669 1361 726 1426 die
740 1361 902 1426 Paschae
923 1364 1117 1428 canonicos
1133 1363 1177 1427 ad
1199 1362 1377 1445 quoddam
1391 1381 1495 1429 suum

263 1485 388 1532 nemus
409 1470 444 1532 in
467 1470 599 1534 amoris
618 1469 759 1550 signum
779 1470 962 1550 invitavit;
986 1479 1116 1534 etcum
1137 1471 1249 1535 nostri
1267 1489 1347 1535 eum
1367 1471 1493 1536 invise·

263 1585 352 1654 rent,
369 1584 404 1639 et
419 1585 622 1657 promptum
641 1577 799 1641 animum
813 1574 889 1656 ejus
902 1577 1072 1657 obsequio
1088 1576 1324 1658 ostenderent,
1342 1579 1494 1660 benigne

263 1700 327 1747 eos
340 1684 482 1764 excepit
495 1693 530 1748 et
543 1701 647 1748 suam
661 1701 808 1766 operam
824 1684 962 1749 obtulit.

320 1787 412 1854 2886.
456 1789 524 1869 Qui
547 1791 645 1855 soliti
665 1800 768 1854 erant
792 1802 1019 1855 sacramenta
1045 1791 1270 1874 frequentare
1290 1809 1492 1875 persevera-

262 1897 363 1976 bant,
381 1908 415 1961 et
429 1898 489 1960 alii
503 1897 721 1963 accedebant
735 1898 782 1962 ad
797 1898 832 1961 id
853 1899 1010 1977 invitati,
1034 1908 1069 1962 et
1087 1900 1217 1964 civitas
1232 1901 1292 1965 illa
1306 1902 1433 1966 mirum
1458 1904 1494 1967 in

261 2005 405 2070 modum
420 2006 465 2069 ad
480 2006 591 2070 vitam
604 2006 809 2070 christianis
820 2006 966 2087 dignam
979 2007 1157 2087 agendam
1168 2009 1323 2072 excitata
1336 2006 1415 2091 [est]
1431 2027 1492 2074 no·

260 2121 415 2178 strornm
430 2114 661 2178 concionibus
675 2130 718 2176 ac
734 2113 957 2195 potissimum
971 2115 1142 2195 praedicti
1158 2111 1301 2198 [Patris]
1313 2115 1489 2196 Ramirez;

259 2238 325 2285 nec
336 2221 440 2285 facile
453 2220 519 2285 suit
533 2221 593 2285 ulli
608 2222 668 2285 alii
686 2221 850 2301 religioni
864 2222 954 2286 duas
969 2221 1005 2286 in
1020 2221 1225 2287 Cathedrali
1240 2225 1391 2289 ecclesia
1410 2242 1490 2289 con·

258 2329 379 2392 cioues
394 2330 438 2393 ab
453 2329 631 2412 Episcopo
646 2330 847 2410 impetrare,
863 2331 945 2394 licet
961 2328 996 2392 id
1011 2331 1245 2412 tentaverint;
1268 2333 1383 2397 solum
1398 2334 1491 2397 enim

258 2438 391 2502 nostris
402 2437 438 2500 id
449 2437 648 2518 Episcopus
659 2438 846 2502 concessit.
859 2437 1022 2502 Studium
1038 2439 1146 2503 etiam
1160 2439 1327 2504 audiendi
1342 2441 1492 2505 verbum

259 2543 325 2608 Dei
345 2545 382 2608 in
399 2546 529 2626 populo
548 2562 593 2609 ex
612 2563 654 2610 eo
673 2546 771 2610 cerni
794 2553 926 2627 potest,
954 2544 1048 2628 quod
1072 2545 1109 2610 in
1130 2545 1410 2628 quibuscumque
1436 2565 1490 2611 ec·

258 2652 376 2717 clesiis
400 2651 504 2717 Pater
528 2652 587 2717 ille
607 2651 772 2717 Ramirez
790 2652 1075 2733 concionaretur,
1097 2653 1178 2718 licet
1198 2662 1316 2718 esseut
1337 2655 1488 2736 amplae,

258 2778 404 2825 necesse
417 2770 494 2825 erat
508 2771 716 2841 suggestum
732 2761 778 2825 ad
792 2771 935 2842 portam
950 2761 1112 2840 educere;
1132 2771 1171 2826 ut
1194 2764 1243 2827 ita
1264 2772 1337 2826 tam
1358 2763 1403 2828 ab
1423 2762 1490 2843 hia,

261 2868 320 2949 qui
334 2878 437 2933 erant
450 2869 487 2955 in
503 2870 645 2949 templo,
659 2885 766 2949 quam
779 2869 824 2932 ab
838 2869 929 2945 aliiS,
942 2869 1001 2951 qui
1013 2870 1149 2950 plateas
1160 2870 1363 2951 implebant,
1377 2870 1491 2934 audiri

261 2986 390 3057 posset;
406 2977 514 3041 immo
529 2978 635 3058 aliqui
653 2978 688 3040 in
704 2977 806 3041 tectis
819 2977 1006 3041 domorum
1021 2994 1101 3041 eum
1116 2976 1318 3041 audiebant.

318 3082 410 3147 2887.
453 3082 515 3148 illa
529 3096 648 3149 autem
662 3094 765 3148 nocte
780 3101 849 3164 qua
865 3082 1035 3164 Princeps
1046 3082 1186 3164 Juratus
1197 3083 1262 3149 suit
1278 3084 1440 3163 CaroluS,
1454 3086 1489 3149 in

260 3193 377 3273 platea
391 3192 623 3255 concionatus
638 3201 692 3255 est
708 3190 729 3255 ¹.
744 3190 815 3255 Sed
829 3199 864 3254 et
878 3192 969 3255 alios
984 3192 1254 3256 concionatores
1269 3192 1417 3256 libenter
1429 3192 1490 3256 ho·

259 3299 372 3363 mines
395 3298 586 3364 audiebant
607 3308 642 3362 et
666 3315 798 3378 magna
816 3298 861 3362 de
879 3295 1058 3363 Societate
1077 3306 1201 3363 nostra
1220 3299 1437 3363 existimatio
1456 3308 1491 3362 et

257 3406 413 3471 studium
427 3423 515 3486 erga
529 3422 608 3470 eam
623 3404 809 3471 Cordubae
822 3405 891 3469 hoc
901 3414 1060 3487 tempore
1077 3406 1298 3482 cernebatur;
1312 3423 1378 3470 nec
1392 3406 1490 3470 omit·

258 3522 331 3577 tam
345 3513 450 3594 quod,
467 3530 547 3577 cum
562 3523 645 3577 ante
659 3512 695 3577 id
710 3521 850 3593 tempus
863 3512 924 3593 qui
940 3528 1062 3577 curam
1077 3511 1254 3577 habebant
1266 3513 1393 3577 domus
1406 3530 1489 3577 con-

259 3636 455 3700 versarum,
471 3629 770 3700 conquererentur
786 3636 920 3701 paucas
933 3628 994 3683 aut
1009 3622 1125 3684 nullas
1141 3638 1185 3683 ex
1200 3618 1403 3701 hujusmodi
1419 3637 1491 3684 mu·

257 3727 401 3792 lieribus
415 3729 461 3792 ad
475 3746 514 3792 se
528 3729 661 3806 venire,
678 3738 759 3808 post
772 3727 963 3791 conciones
977 3725 1013 3789 P.
1031 3726 1196 3791 Ramirez
1212 3737 1285 3793 tam
1300 3728 1430 3792 multas
1444 3745 1490 3792 ex

258 3836 313 3899 his
327 3836 490 3917 excipere
509 3836 720 3913 debuerunt,
744 3844 782 3898 ut
801 3832 875 3914 jam
894 3834 1020 3898 domus
1039 3851 1102 3898 eas
1120 3852 1250 3916 capere
1271 3853 1342 3899 non
1357 3844 1490 3916 posset;

258 3943 420 4008 certatim
433 3944 526 4007 enim
541 3942 665 4007 flentes
678 3941 725 4006 ad
738 3958 801 4006 eos
815 3942 1017 4022 veniebant,
1034 3952 1069 4007 et
1084 3950 1122 4005 ut
1142 3943 1414 4007 admitterentur
1436 3959 1491 4007 ur·

256 4053 399 4131 gebaut,
416 4059 451 4115 et
464 4050 571 4115 nullis
586 4050 767 4115 laboribus
781 4048 957 4113 adductae
970 4050 1252 4115 retrocedebant.

315 4157 407 4223 2888.
447 4158 597 4223 Flebant
611 4158 718 4222 etiam
732 4158 974 4221 restitutiones
996 4174 1116 4221 rerum
1130 4159 1223 4222 male
1237 4166 1436 4240 partarum;
1454 4168 1491 4222 et

257 4265 405 4331 sollicite
420 4267 529 4331 etiam
541 4283 604 4347 per
618 4265 697 4329 loca
715 4266 835 4329 vicina
856 4262 1044 4330 Cordubae
1064 4266 1100 4329 hi
1119 4265 1393 4347 quaerebantur,
1416 4266 1490 4348 qui·

256 4375 322 4438 bus
336 4374 577 4439 restitutiones
588 4381 689 4438 erant
700 4372 896 4451 faciendae,
909 4382 944 4437 et
956 4381 995 4436 ut
1009 4373 1275 4455 intelligeretur,
1293 4390 1339 4436 an
1355 4372 1390 4437 in
1407 4390 1490 4437 con·

257 4483 429 4548 tractibus
443 4481 576 4563 aliquid
591 4482 753 4545 illicitum
764 4479 888 4545 fuisset
899 4478 1106 4545 admissum.

297 4652 306 4684 ¹
333 4651 400 4695 Vide
410 4650 533 4695 Litterae
541 4650 773 4705 Quadrimestm,
783 4654 801 4693 t.
810 4660 848 4703 rr,
858 4660 919 4704 paz.
931 4648 979 4693 232.
990 4648 1061 4702 Quae
1071 4649 1140 4694 enlm
1152 4649 1197 4693 hic
1209 4656 1301 4694 narrat
1313 4650 1449 4705 Polancne,
1460 4660 1491 4693 ea

257 4734 352 4779 magna
363 4734 395 4767 ex
405 4729 481 4779 parte
491 4723 628 4777 desumpta
638 4728 699 4767 tunt
709 4732 742 4765 ex
751 4722 846 4766 litteris
856 4720 1067 4775 cordubensibus,
1080 4718 1189 4766 Romam
1200 4722 1248 4767 hoc
1259 4732 1327 4767 anno
1340 4723 1437 4767 mittit.
