3642 5350
744 445 808 500 Aa.
831 442 901 500 lfao
1401 441 1441 499 79

208 591 264 654 tiis
279 589 412 670 primas
428 590 463 652 in
481 606 523 652 eo
538 588 669 669 oppido
684 588 840 652 haberet.
857 587 901 650 Et
916 603 958 650 eo
975 587 1109 650 clarior
1125 587 1235 650 motio
1251 583 1319 650 Dei
1340 586 1378 650 in
1396 605 1439 650 eo

206 697 398 760 observata
418 705 482 770 est,
507 695 599 775 quod
621 693 806 758 duodecim
830 693 949 772 annis,
977 703 1123 775 propter
1137 693 1395 774 dissensioneS,
1418 713 1441 757 a

211 803 444 867 sacramentis
458 802 689 864 abstinuerat.

265 909 336 972 255.
381 906 494 988 Hujus
509 907 628 988 oppidi
644 907 818 988 primores
834 907 1016 970 instabant
1030 907 1260 970 vehementer
1276 917 1315 970 ut
1336 907 1440 970 colle·

208 1017 304 1096 glum
321 1013 510 1080 Societatis
526 1015 620 1096 apud
635 1016 731 1094 ipsos
745 1013 854 1084 lieren
872 1023 908 1078 et
925 1014 961 1077 in
981 1015 1140 1094 ipsorum
1161 1015 1320 1093 consilio,
1343 1015 1441 1095 quod

203 1133 350 1187 centum
369 1123 497 1202 viginti
518 1121 718 1184 hominibus
741 1129 893 1198 constat,
917 1121 1151 1183 decreverant
1177 1121 1362 1200 assignare
1386 1121 1436 1183 lo-

207 1247 287 1294 cum
311 1229 500 1310 quemdam
525 1229 562 1290 in
588 1245 691 1290 usum
716 1227 868 1306 collegii,
896 1224 997 1304 cujns
1021 1227 1206 1306 longitudo
1235 1236 1376 1291 centum
1406 1236 1442 1289 et

205 1337 388 1415 octoginta
401 1352 580 1416 passuum,
598 1334 748 1396 latitudo
763 1333 959 1412 nonaginta
974 1342 1064 1410 erat;
1086 1342 1211 1398 ettam
1232 1334 1362 1397 multas
1378 1332 1440 1396 ha-

206 1443 394 1520 bitationes
423 1441 589 1518 habebat,
616 1450 656 1503 nt
681 1451 823 1503 centum
853 1458 897 1502 ex
925 1441 1058 1503 nostris
1089 1441 1255 1521 excipere
1281 1438 1439 1521 [posset].

205 1549 356 1613 Hortum
370 1549 478 1611 etiam
493 1547 666 1627 grandem
681 1558 716 1609 et
730 1563 832 1610 muro
848 1546 1005 1609 cinctum
1020 1546 1174 1610 habebat
1200 1556 1234 1610 et
1254 1548 1442 1610 ecclesiam

206 1657 434 1734 mediocrem;
456 1654 520 1718 sed
540 1654 674 1716 reditus
697 1654 930 1716 ducentorum
955 1663 1093 1716 tantum
1114 1665 1297 1718 scutorum
1320 1653 1443 1717 offere·

207 1765 303 1840 bant,
321 1762 416 1843 quod
432 1761 668 1824 communitas
683 1759 874 1840 ampliores
888 1777 960 1822 non
975 1769 1096 1840 posset
1116 1771 1311 1841 praestare.
1328 1761 1438 1824 Bene-

206 1869 326 1934 ficium
340 1869 529 1950 quoddam,
546 1866 642 1948 quod
656 1866 694 1930 P.
710 1866 906 1930 Madridius
921 1866 1094 1930 habuerat
1110 1868 1170 1931 illo
1187 1868 1222 1931 in
1237 1869 1328 1946 loco,
1351 1871 1442 1934 satis

204 1979 349 2058 pingue,
371 1976 622 2056 applicandum
647 1974 692 2036 ad
708 1975 777 2036 hoc
797 1974 913 2054 ipsum
933 1991 1023 2053 opus
1044 1975 1119 2037 fore
1144 1977 1351 2056 sperabant;
1377 1977 1442 2041 sed

203 2084 285 2164 quia
312 2099 436 2146 curam
460 2081 614 2144 babebat
640 2081 851 2159 animarum,
880 2081 923 2144 de
947 2081 1208 2161 permutatione
1238 2083 1331 2146 illius
1358 2100 1441 2164 age·

203 2191 300 2254 bant.
314 2187 384 2252 Sed
396 2187 435 2251 P.
450 2187 646 2251 Madridius
657 2185 866 2250 beneficium
887 2187 957 2250 hoc
976 2188 1184 2268 simpliciter
1206 2191 1403 2270 resignavit
1418 2191 1438 2269 ¹3

202 2309 238 2360 et
255 2315 300 2360 ne
316 2295 383 2360 hoc
399 2294 539 2376 quidem
555 2295 743 2374 collegium
760 2295 939 2371 maturuit,
964 2311 1044 2358 cum
1068 2295 1113 2358 ad
1134 2313 1231 2359 nova
1255 2297 1440 2362 admitten-

196 2405 245 2468 da
274 2403 426 2483 collegia
451 2403 567 2466 minus
595 2400 755 2465 Societas
785 2409 877 2464 esset
903 2417 1079 2482 propensa
1113 2419 1220 2482 quam
1248 2404 1441 2484 aliquando

200 2513 329 2576 suerat.

260 2618 333 2683 256.
378 2617 476 2683 Missi
491 2627 573 2683 sunt
588 2618 696 2683 etiam
711 2617 818 2698 aliqui
833 2634 878 2680 ex
893 2615 1026 2680 nostris
1042 2616 1088 2680 ad
1103 2614 1270 2681 Castrum
1294 2615 1440 2684 Fichar·

199 2728 287 2790 dum
302 2724 314 2756 ²
327 2736 365 2789 ut
377 2725 543 2807 populum
555 2727 663 2805 illum,
677 2726 735 2787 cui
746 2741 892 2805 operam
902 2724 1090 2803 perutilem
1103 2724 1294 2804 aliquando
1305 2726 1440 2807 impen-

200 2834 340 2910 derant,
357 2832 457 2896 verbi
472 2832 539 2895 Dei
558 2831 821 2912 praedicatione
847 2839 882 2893 et
907 2840 1214 2894 sacramentorum
1241 2833 1439 2897 ministerio

201 2942 484 3018 consolarentur,
501 2939 596 3020 quod
616 2948 651 3002 et
671 2938 804 3001 lactum
828 2946 882 3000 est
901 2954 983 3000 cum
1003 2954 1138 3016 magno
1160 2938 1318 3015 ipsorum
1338 2940 1437 3020 spiri·

200 3048 291 3111 tuali
306 3046 478 3127 profectu.

258 3153 334 3218 257.
378 3154 585 3217 Accersitus
606 3152 713 3217 etiam
732 3161 785 3216 est
807 3150 996 3215 Anconam
1016 3170 1037 3214 a
1060 3152 1308 3217 Gubernatore
1324 3156 1439 3217 almae

199 3258 341 3325 Domus
354 3260 590 3339 Lauretanae,
608 3260 667 3340 qui
682 3270 765 3322 tunc
781 3259 830 3321 ibi
851 3259 995 3338 agebat,
1018 3258 1055 3323 P.
1074 3257 1275 3324 Oliverius⁸
1294 3260 1437 3325 Rector.

198 3369 355 3449 Cognito
376 3376 495 3431 autem
515 3366 589 3447 ejus
609 3366 778 3445 adventu,
800 3366 921 3429 statim
948 3367 1052 3429 multi
1077 3367 1279 3447 spirituales
1297 3369 1377 3446 viri,
1399 3386 1439 3433 se

200 3477 356 3540 invicem
380 3475 581 3553 incitantes
602 3473 639 3536 in
658 3475 826 3553 templum
853 3472 1033 3553 quoddam
1051 3484 1305 3553 convenerunt,
1329 3485 1374 3554 et,
1391 3478 1438 3539 le-

197 3584 346 3663 gatione
373 3582 418 3643 ad
443 3580 664 3661 praedictum
691 3578 834 3643 Patrem
859 3579 980 3655 missa,
1009 3580 1129 3643 multis
1150 3582 1312 3661 precibus
1333 3581 1379 3645 ad
1398 3600 1437 3645 se

199 3691 298 3753 illum
315 3686 550 3765 adduxerunt,
567 3688 661 3749 etad
677 3686 860 3767 spirituale
876 3686 1109 3767 colloquium,
1131 3688 1166 3751 in
1189 3706 1259 3769 quo
1273 3706 1438 3753 normam

199 3798 296 3860 vitae
313 3794 509 3859 secundum
523 3793 637 3857 Deum
656 3793 892 3857 instituendae
908 3794 996 3873 ipsis
1016 3794 1289 3875 demonstraret,
1311 3803 1439 3875 coege-

199 3914 295 3980 runt,
313 3919 384 3965 non
398 3901 475 3964 sine
497 3917 628 3981 magno
649 3899 716 3963 Dei
731 3900 878 3979 honore,
896 3900 1140 3964 consolatione
1159 3912 1193 3965 et
1207 3900 1337 3965 fructu.
1353 3902 1437 3966 Alia

194 4012 309 4073 etiam
324 4009 467 4089 pietatis
487 4025 594 4088 opera
620 4006 749 4071 ibidem
774 4007 914 4087 peregit
937 4018 971 4070 et
994 4018 1034 4070 nt
1054 4008 1089 4070 in
1112 4018 1293 4087 posterum
1309 4008 1438 4073 fierent

199 4117 366 4181 instituit.

235 4395 244 4427 ¹
274 4393 344 4437 Vide
354 4403 443 4447 supra.
454 4396 473 4435 t.
485 4402 511 4443 v.
521 4402 580 4447 pag.
592 4392 626 4441 87.
638 4405 662 4437 n.
671 4392 723 4438 217.

234 4466 247 4499 ἱ
276 4462 476 4509 Castelfidardo.
486 4462 552 4508 Vide
563 4475 650 4519 snpra,
661 4472 679 4509 t.
688 4479 714 4517 v,
725 4477 784 4520 pag.
795 4464 831 4521 76,
846 4478 871 4509 n.
884 4465 923 4508 t77
932 4474 958 4509 et
968 4477 1027 4520 pag.
1044 4464 1080 4522 86,
1095 4477 1120 4509 n.
1130 4466 1178 4520 ‘2l6;
1193 4472 1219 4509 et
1235 4465 1357 4511 litterae
1366 4467 1438 4521 Qua-

192 4539 371 4588 drlmestres,
381 4542 400 4579 t.
412 4546 447 4589 tv,
458 4546 521 4590 pag.
530 4536 568 4581 71.

235 4609 248 4643 ⁸
276 4608 307 4653 P.
316 4607 447 4652 Oliverlus
457 4606 601 4652 Mennreus.
613 4607 680 4651 Vlde
690 4618 776 4661 supra,
789 4614 808 4651 t.
818 4620 844 4662 v,
856 4619 917 4663 pag.
927 4608 963 4661 87,
973 4620 998 4652 n.
1010 4608 1058 4653 218.
1069 4608 1234 4653 Gubernator
1249 4616 1335 4654 autem
1350 4611 1437 4655 almae

194 4680 297 4727 Duum
307 4678 473 4725 Lauretanae
484 4684 541 4723 erat
552 4678 583 4723 D.
593 4678 695 4735 Gaspnr
704 4680 736 4722 de
747 4678 845 4723 Doctls.
857 4678 978 4724 Litterae
988 4679 1218 4734 eradrlrnestres,
1228 4682 1332 4727 lbldem.
