3642 5350
813 455 879 516 An.
900 454 971 514 1556
1453 451 1512 512 635

272 600 383 666 Arias
405 599 620 682 praedictus,
648 601 684 664 in
705 601 878 682 parochia
900 600 1073 680 quadam,
1102 615 1209 681 quam
1231 597 1436 664 Ludovicus
1463 597 1508 662 de

274 706 448 772 Mendoza
473 706 695 790 possidebat;
721 708 782 790 qui
801 706 994 772 admodum
1013 705 1163 771 idoneus
1182 705 1229 769 ad
1247 704 1508 770 aedificandam

271 814 463 878 ecclesiam
477 823 513 879 et
531 813 730 894 Collegium
748 815 979 894 censebatur,
1001 831 1066 878 nec
1087 812 1226 877 vicinus
1245 821 1322 876 erat
1341 811 1508 895 cuiquam

275 922 504 998 monasterio,
521 939 543 984 a
557 939 628 1003 quo
642 921 880 986 contradictio
894 924 1090 986 timeretur.

335 1027 428 1092 2734.
471 1027 764 1094 Commutaverat
779 1040 897 1092 autem
912 1029 1005 1092 hauc
1021 1027 1195 1108 praedicti
1205 1026 1372 1108 Episcopi
1386 1027 1509 1090 volun·

276 1145 387 1200 tatem
401 1134 534 1200 Paulus
547 1135 586 1200 P.
602 1134 649 1200 111
661 1134 708 1199 ad
724 1135 1020 1216 supplicationem
1031 1133 1075 1198 D.
1093 1133 1202 1198 Arias
1218 1133 1379 1212 Gonzali,
1393 1132 1507 1198 Comi-

274 1243 320 1306 tis
343 1242 600 1323 Pugnorostro,
624 1254 659 1306 et
682 1244 846 1307 voluerat
871 1251 910 1306 ut
935 1243 1015 1305 loco
1040 1241 1227 1322 hospitalis
1251 1240 1508 1305 monasterium

273 1350 482 1414 monialium
505 1349 617 1428 fieren
643 1367 709 1413 nec
724 1359 845 1413 tamen
863 1349 932 1412 hoc
956 1348 1002 1413 ad
1023 1347 1187 1412 effectum
1207 1347 1397 1413 deductum
1417 1358 1506 1426 erat,

272 1458 356 1538 quia
372 1467 520 1521 narrata
536 1473 606 1521 non
626 1457 742 1520 iuerat
757 1457 800 1520 lis
815 1455 907 1520 inter
922 1454 1144 1536 praedictum
1160 1454 1205 1520 D.
1222 1453 1364 1519 Petrum
1386 1455 1507 1533 Arias,

274 1580 519 1627 successorem
530 1563 739 1643 fundatoris,
753 1573 787 1627 et
801 1561 1020 1644 Episcopum
1034 1561 1301 1643 Segoviensem,
1314 1563 1376 1644 qui
1390 1562 1433 1625 de
1449 1579 1507 1642 pa·

274 1680 421 1735 tronatu
435 1671 625 1751 hospitalis
639 1671 836 1735 certabant.

335 1777 427 1841 2785.
470 1777 669 1841 Videbatur
691 1786 810 1841 autem
836 1778 967 1842 rationi
984 1795 1192 1856 consonum,
1215 1786 1253 1842 ut
1274 1785 1511 1846 commutare·

275 1895 334 1949 tur
344 1885 526 1949 testatoris
542 1886 708 1949 voluntas
726 1885 763 1949 in
782 1884 979 1966 Collegium
1000 1875 1203 1965 Societatis,
1220 1903 1312 1967 quae
1331 1901 1509 1966 gramma·

276 1993 370 2057 ticae
395 1993 538 2056 scholas
559 1993 596 2055 in
617 2009 661 2056 ea
680 1992 825 2056 civitate
845 1992 1012 2073 haberet;
1028 1994 1162 2057 nullum
1186 1992 1336 2056 enimin
1356 2009 1399 2055 ea
1419 1993 1511 2057 urbe

277 2100 435 2164 studium
449 2109 527 2163 erat
547 2097 761 2179 hujusmodi;
777 2110 812 2163 et
833 2100 883 2165 ita
902 2100 948 2164 ad
962 2097 1076 2180 majus
1091 2117 1277 2164 commune
1292 2100 1424 2164 bonum
1439 2100 1510 2164 hoc

277 2225 367 2289 opus
376 2207 657 2273 redundaturum
668 2208 867 2284 videbatur,
877 2217 1110 2290 cumpraeter
1121 2207 1509 2289 institutionemjuveu·

273 2316 371 2395 tutis,
389 2315 469 2380 aliis
480 2315 588 2378 etiam
603 2315 718 2379 modis
728 2313 773 2379 de
784 2315 923 2379 civibus
934 2315 1154 2380 benemereti
1166 2316 1365 2394 Collegium
1377 2325 1508 2397 posset.

334 2421 428 2486 2736.
471 2421 599 2486 Comes
619 2432 739 2486 autem
759 2422 802 2486 de
820 2419 1082 2502 Pugnorostro,
1100 2421 1276 2486 Dominus
1291 2423 1399 2488 Arias
1416 2421 1509 2487 Gon·

273 2532 409 2609 zalvuS,
436 2530 529 2593 hanc
553 2529 869 2593 commutationem
890 2529 1078 2611 cupiebat3
1106 2530 1169 2594 sed
1193 2531 1274 2611 quia
1302 2530 1339 2593 P.
1367 2529 1508 2610 ignatio

272 2636 390 2702 visum
411 2645 556 2701 nonest
575 2635 743 2719 expedire
758 2646 797 2701 ut
813 2636 926 2701 nostri
947 2653 1028 2703 eam
1045 2635 1285 2719 postularent,
1305 2636 1511 2717 praedictus

274 2745 404 2811 Comes
417 2744 552 2824 recepit
566 2762 606 2809 se
620 2748 700 2809 eam
714 2754 938 2825 curaturum,
955 2762 1035 2808 cum
1051 2743 1201 2809 Romam
1209 2744 1379 2824 venissen
1395 2756 1430 2808 et
1449 2744 1511 2809 alil

275 2852 395 2932 etiam,
411 2853 554 2916 nomine
568 2852 680 2932 ipsius
697 2851 873 2916 Ludovici
892 2852 936 2915 de
957 2850 1149 2931 Mendoza,
1173 2852 1208 2916 id
1223 2853 1340 2931 ipsum
1355 2854 1508 2932 postula·

274 2969 369 3039 runt,
386 2968 420 3024 et
435 2957 569 3023 Romae
585 2958 824 3038 obtinuerunt,¹
839 2968 878 3022 ut
892 2976 957 3023 suo
971 2961 1051 3023 loco
1067 2970 1191 3040 postea
1207 2960 1355 3023 dicetur.
1371 2958 1510 3023 Funda-

274 3075 394 3130 menta
407 3065 481 3149 jam
493 3064 590 3146 Jacta
605 3074 707 3129 erant
721 3067 759 3130 in
774 3065 948 3144 aedificio,
966 3066 1012 3130 ad
1026 3066 1121 3148 quod
1137 3068 1410 3147 absolvendum,
1424 3068 1510 3132 civi·

274 3188 332 3237 tas
346 3173 443 3253 ligna
458 3173 663 3237 necessaria
674 3172 801 3236 datura
813 3182 903 3236 erat:
920 3172 1110 3254 cupiebant
1122 3182 1241 3238 tamen
1252 3175 1361 3238 etiam
1375 3174 1510 3256 aliquid

273 3280 518 3361 philosophiae
532 3279 614 3360 legi,
628 3288 663 3343 et
677 3280 771 3361 quod
786 3280 857 3343 alia
868 3288 987 3343 essent
1001 3281 1191 3361 hospitalia
1205 3281 1241 3345 in
1256 3282 1316 3345 illa
1330 3282 1428 3363 urbe,
1442 3284 1512 3346 hoc

271 3386 377 3451 facile
391 3387 548 3451 carebat.

612 3732 677 3797 DE
711 3732 848 3798 ACTIS
876 3733 924 3798 lN
951 3732 1174 3799 HISPANIA

781 3943 807 3985 Α
822 3941 855 3986 P.
875 3940 1008 3987 NATnll

332 4137 424 4202 2737.
467 4137 597 4201 Missus
612 4099 740 4217 fuerat,
758 4146 795 4201 ut
811 4139 974 4219 superius
990 4138 1145 4203 diximus
1162 4136 1188 4217 ¹,
1211 4138 1247 4202 in
1261 4138 1470 4219 Hispaniam
1488 4158 1512 4203 a

272 4244 312 4309 P.
327 4244 466 4325 ignatio
480 4244 519 4309 P.
536 4243 778 4325 Hieronymus
792 4244 944 4325 Natalis,
961 4245 1006 4308 ad
1018 4245 1054 4308 id
1065 4244 1289 4326 potissimum
1301 4254 1339 4310 ut
1351 4244 1513 4327 Collegio

312 4486 323 4521 ¹
351 4486 436 4542 Supra
446 4498 506 4542 pag.
518 4488 587 4539 lan.
598 4485 764 4541 8211113808.
776 4498 800 4531 n.
811 4485 866 4530 2288
875 4492 902 4530 et
918 4497 980 4542 pag.
993 4486 1047 4541 582,
1062 4452 1087 4531 11.
1101 4486 1163 4532 2889.
1174 4486 1243 4532 Vide
1259 4488 1285 4531 111
1296 4486 1392 4532 Canus
1406 4489 1439 4533 cie
1454 4488 1512 4533 San

273 4558 393 4613 ignatio,
403 4565 423 4602 t.
433 4569 468 4611 vr.
479 4558 622 4612 1111322821
633 4558 767 4603 Memoria
777 4559 810 4602 de
820 4559 863 4603 ias
873 4568 950 4603 rosas
961 4568 1011 4613 que
1022 4558 1057 4603 ha
1068 4559 1102 4603 de
1111 4559 1194 4603 bocer
1207 4571 1241 4603 en
1255 4570 1288 4603 su
1303 4560 1375 4617 viaje
1392 4562 1408 4605 a
1423 4560 1510 4616 aspa·

275 4632 322 4684 aa,
332 4637 359 4675 et
368 4629 394 4674 iu
404 4629 545 4685 Epistulae
554 4630 584 4675 P.
594 4628 694 4682 Nadai,
703 4637 726 4675 t.
735 4642 752 4686 1,
762 4642 828 4686 quae
840 4631 902 4686 ipae,
912 4632 942 4675 de
953 4634 1031 4676 rebus
1041 4643 1056 4677 a
1065 4643 1092 4675 ue
1102 4630 1127 4676 ln
1134 4630 1262 4689 Hispania
1269 4634 1361 4687 gestia,
1372 4632 1426 4677 Sto.
1436 4631 1514 4686 Igna·

276 4703 314 4748 tio
323 4702 465 4747 rcribebat.
1452 4707 1454 4716 ⁴
