3642 5350
316 455 371 518 77⁸
774 452 903 518 Canon.
923 456 1000 518 soc.
1019 454 1089 532 Jns.

314 605 383 669 hac
400 603 473 669 rita
494 602 692 669 decederet.
714 600 833 669 Unum
853 602 962 668 etiam
976 610 1039 668 aut
1061 603 1214 667 alterum
1227 601 1433 681 theologum
1448 598 1494 663 ad
1507 616 1547 663 se

316 712 407 777 mitti
421 712 573 794 petebat,
589 711 684 793 quod
698 729 793 777 anno
804 710 1034 793 praecedenti
1044 710 1084 775 Ρ.
1100 709 1281 775 Gonzalez
1294 708 1302 741 ¹
1315 726 1397 774 cum
1409 707 1546 773 duobus

316 820 397 885 aliis
406 820 589 895 iratribus,
602 821 716 884 altero
727 836 850 884 eorum
861 819 1043 899 theologo,
1053 819 1090 883 in
1100 818 1256 899 quadam
1266 817 1394 897 insula,
1408 825 1447 881 ut
1458 816 1545 881 dixi·

315 944 394 993 mus
407 926 420 959 ¹
434 927 633 1008 periissent,
650 927 710 1009 qui
725 926 830 991 valde
843 926 966 992 utilem
977 942 1124 1009 operam
1133 926 1170 989 in
1183 924 1376 1006 Aethiopia
1390 923 1544 988 Patriar-

316 1034 406 1101 chae
421 1034 589 1099 navaturi
603 1034 850 1100 credebantur.

374 1140 467 1205 3352.
508 1140 642 1207 Didicit
652 1160 698 1206 ex
709 1142 891 1222 praedicto
901 1141 1040 1224 Joanne
1050 1138 1257 1220 Bermudez,
1271 1138 1545 1222 quisePatriar-

316 1249 421 1313 cham
435 1249 587 1329 dicebat,
603 1249 697 1330 quod
711 1249 748 1313 in
761 1248 953 1328 Aethiopia
969 1264 1040 1313 non
1054 1248 1246 1312 utebantur
1260 1264 1303 1312 ea
1316 1248 1432 1312 forma
1444 1246 1481 1311 in
1491 1262 1545 1311 or-

317 1355 457 1421 dinibus
471 1354 706 1436 conierendis,
726 1373 797 1437 qua
817 1355 980 1421 Ecclesia
1000 1371 1149 1419 romana
1171 1354 1295 1435 utitur;
1320 1353 1484 1437 quamvis
1502 1353 1547 1417 de

317 1461 519 1544 hujusmodi
541 1464 665 1528 formis
686 1463 738 1527 eis
756 1470 897 1528 constat
911 1480 957 1526 ex
972 1462 1126 1544 quodam
1145 1470 1301 1527 tractatu
1320 1461 1367 1525 ab
1384 1460 1546 1541 Eugenio

318 1570 415 1653 Papa
434 1570 497 1650 lV,
513 1578 594 1651 post
613 1570 810 1635 Concilium
825 1569 1066 1635 Florentinum
1086 1578 1283 1651 acceptum,
1303 1579 1342 1634 ut
1357 1567 1461 1651 hujus
1480 1565 1547 1631 Re-

316 1678 373 1759 gis
384 1677 597 1760 Aethiopiae
608 1686 709 1759 pater
720 1677 981 1758 perquemdam
991 1674 1226 1742 Franciscum
1235 1675 1393 1741 Alvarez
1401 1673 1544 1740 Summo

315 1783 479 1850 Pontifici
493 1785 665 1851 Clementi
679 1782 745 1848 Vll
763 1784 967 1865 scripserat.

377 1892 454 1957 Hac
469 1900 587 1957 autem
606 1890 722 1956 forma
741 1891 790 1955 ibi
805 1891 1004 1956 utebantur:
1028 1890 1124 1971 “Ego
1141 1899 1176 1954 te
1195 1890 1334 1970 ordino,
1349 1899 1456 1971 prout
1470 1889 1546 1971 ipse

318 1999 503 2064 ordinatus
524 1980 613 2076 sum,
635 1996 831 2063 secundum
850 1998 1059 2063 cathedram
1079 1997 1139 2064 sa
1162 1998 1306 2077 Marci,;
1329 2014 1411 2061 cum
1428 1995 1547 2061 dicere

318 2116 509 2188 oporteret:
520 2105 673 2188 “Accipe
681 2113 891 2189 potestatem
900 2106 1121 2185 celebrandi,
1135 2116 1203 2171 etc.
1218 2104 1317 2169 Haec
1328 2114 1448 2169 autem
1457 2106 1548 2169 satis

319 2224 485 2279 constare
513 2223 677 2296 poterant
705 2212 888 2294 praedicto
916 2213 1129 2293 Bermudez,
1159 2214 1221 2294 qui
1255 2213 1409 2295 quinque
1441 2212 1547 2276 annis

319 2321 435 2386 fuerat
455 2320 664 2386 Patriarcha
685 2320 895 2387 auctoritate
917 2320 1152 2385 Alexandrini
1172 2319 1412 2399 Patriarchae;
1429 2328 1464 2385 et
1484 2336 1546 2383 su-

319 2429 451 2511 spicari
466 2436 616 2510 poterat,
633 2427 727 2509 quod
741 2429 820 2493 ideo
835 2427 990 2493 Litteras
1003 2428 1233 2510 Apostolicas
1246 2445 1318 2491 non
1330 2427 1544 2503 ostenderet,
1563 2452 1566 2455 ·

318 2537 415 2617 quod
428 2537 493 2601 sub
508 2535 710 2601 conditione
725 2536 843 2616 aliqua
858 2535 1067 2600 Patriarcha
1082 2536 1356 2600 constitueretur
1370 2532 1393 2598 ⁸.
1411 2534 1466 2598 Ex
1479 2532 1547 2598 hac

318 2653 437 2711 tamen
456 2644 572 2709 forma
592 2642 854 2709 ordinationum
878 2660 945 2709 nec
967 2643 1085 2726 ipsum
1108 2642 1357 2708 Patriarcham
1380 2660 1447 2708 nec
1471 2659 1545 2722 eoS,

304 2752 377 2834 *qui
391 2752 436 2816 ab
456 2752 534 2834 ipso
555 2751 600 2816 ad
620 2751 762 2816 ordines
780 2768 905 2817 sacros
924 2751 1238 2832 promovebantur,
1258 2768 1345 2814 vere
1364 2759 1546 2832 promotos

316 2877 406 2940 esse,
422 2869 484 2924 aut
499 2858 645 2924 Missam
659 2859 839 2924 celebrare
853 2875 959 2940 posse
975 2858 1200 2939 admonebat;
1215 2867 1251 2923 et
1265 2859 1371 2922 italus
1390 2857 1450 2922 ille
1463 2857 1545 2940 Epi·

317 2964 478 3048 scopus·
501 2965 591 3030 dixit
612 2965 746 3031 Romae
764 2965 874 3030 fuisse
893 2966 1135 3043 constitutum,
1156 2976 1195 3030 ut
1213 2965 1358 3047 quidam
1379 2964 1547 3030 sacerdos

317 3075 433 3139 denuo
448 3073 673 3139 ordinaretur
685 3074 751 3139 sub
763 3073 832 3138 hac
847 3073 1059 3139 conditione:
1074 3072 1130 3138 “Si
1141 3074 1326 3139 ordinatus
1338 3090 1409 3138 non
1420 3081 1546 3150 esset,.

359 3279 368 3311 ¹
397 3279 426 3325 Ρ.
436 3280 557 3325 Andreas
566 3279 696 3325 Gonznlez
705 3281 762 3324 sive
773 3278 931 3334 Gonealvez.

357 3349 370 3382 ¹
396 3348 489 3406 Supra.
500 3356 519 3396 t.
529 3362 556 3403 v,
566 3362 626 3406 paz.
634 3351 676 3394 666
684 3359 710 3395 et
719 3349 768 3403 ⁶⁴7,
780 3361 803 3394 n.
816 3349 942 3394 lvi-1775.
954 3348 1020 3393 Vide
1030 3349 1108 3402 inire,
1118 3359 1143 3392 n.
1153 3348 1218 3404 bow,
1226 3349 1290 3394 anst.

357 3419 370 3453 ³
396 3421 520 3477 Disputat
530 3421 780 3476 Tesana-Annene,
791 3421 916 3466 Historia
926 3421 1004 3475 gerni
1013 3422 1048 3466 de
1057 3419 1185 3476 meropia
1195 3432 1212 3464 a
1222 3421 1290 3474 alta,
1298 3421 1346 3466 liv.
1355 3432 1383 3476 n,
1398 3431 1456 3477 cap.
1470 3421 1506 3471 w.
1516 3433 1550 3466 nn

317 3493 440 3538 laudatus
450 3493 562 3546 Joannee
571 3493 713 3540 Bermudez
723 3504 751 3538 re
762 3503 827 3538 vera
842 3492 999 3538 Patrlurcha
1014 3492 1101 3537 inerit.
1116 3491 1258 3538 Dubitandl
1273 3503 1367 3538 cautu
1383 3493 1433 3538 lm
1446 3493 1550 3548 quidem

318 3565 373 3619 lpse
382 3565 493 3610 ailcrta..
504 3565 573 3611 “ldae
584 3567 645 3621 logo
654 3565 778 3621 poderam
788 3566 881 3619 altune
892 3574 951 3609 com
966 3570 1057 3620 muyta
1072 3575 1152 3608 cansa
1167 3563 1289 3618 duvider,
1303 3575 1377 3609 como
1393 3570 1500 3609 tratura
1514 3563 1549 3610 El

318 3633 374 3694 Rey
385 3635 507 3691 [joannos
519 3635 563 3691 llll
573 3638 605 3681 de
616 3637 725 3681 mandam
736 3635 893 3681 Patriarche
902 3646 918 3680 ι
928 3635 1184 3690 sternumentum
1192 3637 1312 3691 nequelle
1322 3647 1418 3682 menno
1425 3643 1513 3692 tempo
1522 3639 1550 3682 le

317 3715 411 3753 errave
421 3707 487 3753 Dom
497 3708 571 3762 Joam
581 3709 724 3754 Bermudea
733 3719 790 3753 com
800 3720 815 3752 o
825 3709 864 3753 tel
873 3719 980 3763 carpo...
994 3707 1018 3752 tt
1033 3713 1174 3753 ncrecente
1187 3719 1217 3752 re
1229 3719 1247 3753 ι
1261 3709 1348 3753 renim
1361 3708 1393 3753 de
1409 3707 1553 3770 davida„

283 3839 286 3847 ‹
318 3791 415 3836 perque
427 3792 475 3825 nn
485 3781 575 3826 Bullu
584 3782 618 3825 do
629 3781 713 3826 Pndre
724 3779 881 3825 Patrierchn
892 3777 925 3827 D.
935 3778 1011 3833 Jonm
1021 3779 1108 3824 Nunez
1123 3779 1261 3825 Berreto...
1274 3781 1377 3826 nenhda
1391 3785 1507 3827 mem
1520 3794 1548 3828 ne

316 3851 384 3898 iaz...
393 3853 426 3897 do
436 3851 592 3898 Putrlarchn
602 3851 634 3900 b.
644 3853 718 3907 Jocm
729 3851 876 3902 Bermudee.
887 3851 968 3896 tendo
977 3863 1026 3906 que
1035 3852 1113 3896 aloda
1122 3862 1169 3896 ern
1178 3851 1281 3905 vivo...

357 3921 406 3970 Hie
414 3933 479 3968 vero
488 3924 683 3970 difficultatibus
693 3925 747 3980 lpse
758 3924 934 3979 respondete..
945 3921 980 3967 “O
990 3933 1040 3978 que
1053 3934 1086 3967 en
1101 3923 1180 3967 tenho
1194 3923 1338 3978 sternendo
1351 3923 1385 3968 he
1399 3936 1449 3980 que
1463 3937 1479 3970 o
1494 3927 1549 3973 dito

316 3994 383 4058 Dona
392 3993 466 4049 Joern
476 3995 626 4050 bermudee,
636 3997 714 4042 aloda
724 4007 772 4051 que
783 4007 812 4040 os
822 3995 956 4040 Authorer
965 3995 1009 4039 lhe
1018 3996 1140 4040 channam
1148 3995 1305 4040 Patrlercha
1313 3997 1344 4040 de
1351 3996 1485 4053 Ethiopla,
1493 4010 1549 4043 com

316 4067 380 4111 tudo
389 4067 439 4111 elle
450 4067 494 4125 toy
504 4067 618 4121 unrado
628 4069 687 4123 pelo
697 4067 771 4123 Papa
780 4079 821 4112 em
833 4066 992 4112 Patrlarchn
1002 4068 1034 4111 de
1048 4067 1224 4122 Alexandria,
1240 4079 1338 4124 parque
1353 4078 1427 4113 como
1441 4069 1473 4114 de
1487 4071 1550 4115 Ale·

317 4138 428 4184 sandrin
437 4149 465 4182 re
475 4138 572 4184 devant
587 4151 617 4184 os
630 4139 808 4192 Pctrlarchus,
823 4149 856 4184 ou
871 4139 981 4185 nanae·
994 4150 1058 4194 perc
1071 4139 1206 4194 Erulopte,
1222 4151 1332 4196 pcreceo
1347 4152 1364 4185 a
1381 4151 1396 4184 ο
1412 4141 1485 4197 Papa
1500 4153 1551 4198 qne

317 4212 416 4256 melhor
432 4221 479 4254 era
494 4211 543 4256 dar
557 4211 600 4255 lhe
615 4212 717 4267 nquelle
733 4211 816 4264 titulo,
833 4221 932 4266 perque
945 4211 1026 4255 usim
1041 4209 1127 4256 licava
1141 4210 1270 4256 ecudlndo
1285 4222 1301 4256 a
1316 4212 1488 4267 Alexandria,
1497 4221 1524 4259 et
1535 4226 1552 4259 a

317 4281 449 4337 Ethiopian.
460 4281 538 4340 Τίτος
549 4290 607 4328 esta
619 4283 706 4328 minha
716 4283 830 4336 soluetur
841 4283 921 4327 culm
931 4283 964 4327 do
974 4282 1042 4327 tlvro
1052 4283 1085 4327 do
1095 4283 1151 4327 dlto
1161 4281 1326 4336 Patrimcha,
1337 4295 1411 4328 como
1424 4285 1458 4330 do
1472 4288 1551 4331 titulo

318 4353 352 4398 da
361 4355 502 4408 sepultura.
514 4366 563 4410 que
573 4357 631 4399 esta
640 4366 673 4399 un
684 4353 771 4410 lurein
780 4354 812 4399 de
824 4353 886 4399 Sam
902 4353 1050 4399 Sebastiam
1066 4354 1099 4399 da
1114 4355 1248 4410 Pedreyre
1262 4365 1303 4400 em
1320 4354 1426 4409 Llsboa,
1442 4367 1492 4412 que
1508 4359 1552 4403 dlz

318 4425 406 4470 enlm:
417 4425 487 4480 Aqui
490 4426 541 4482 jas
551 4425 584 4471 D.
593 4425 675 4483 Joam
685 4425 837 4471 Bormum
848 4425 1011 4470 Patriarcita
1022 4427 1057 4471 de
1071 4426 1250 4472 Alexandria:
1263 4437 1337 4472 como
1353 4439 1400 4473 nos
1413 4430 1553 4475 communi·

318 4508 366 4542 con
376 4508 391 4541 o
401 4497 553 4543 doctissimo
561 4491 590 4543 P.
600 4497 679 4554 ,lorge
690 4498 815 4552 Cardono,
825 4505 852 4543 et
862 4505 998 4554 ertempou
1008 4509 1041 4542 no
1051 4510 1124 4544 reu...
1136 4499 1281 4552 spatario.
1289 4511 1315 4555 p.
1331 4511 1360 4552 u,
1371 4499 1401 4545 ω
1413 4499 1492 4546 biart.
1505 4502 1550 4547 iol.

317 4568 359 4613 667
368 4575 395 4614 et
404 4567 453 4624 ⁸6²,
462 4571 546 4615 nonde
556 4577 655 4616 mentre
665 4581 738 4616 como
748 4583 763 4616 o
773 4571 826 4616 dito
837 4571 996 4616 Patrluche
1003 4571 1049 4626 foy
1056 4571 1159 4617 homene
1167 4571 1198 4616 de
1206 4579 1298 4630 mnytn
1305 4572 1431 4628 virturis..
1439 4572 1549 4620 remu·

301 4693 303 4699 ¹
320 4641 462 4696 Auaron,
473 4641 489 4684 l.
501 4653 533 4694 c„
541 4653 602 4696 pag.
614 4643 662 4695 167,
674 4642 720 4687 li&

360 4713 373 4750 t
400 4712 467 4760 Vide
477 4724 568 4772 nuper,
578 4724 603 4760 n.
612 4713 675 4760 8666.
