3642 5350
656 1017 716 1099 DE
735 1015 972 1098 PROVINCIA
990 1013 1241 1098 ARAGONIAE

850 1267 896 1312 Ac
918 1266 1052 1312 PRIMUM

592 1464 661 1531 ue
694 1463 963 1530 consecro
1000 1444 1311 1529 vnnanruto

394 1697 486 1762 2170.
530 1697 598 1779 Qui
613 1699 814 1763 valentinae
828 1697 927 1762 urbis
948 1697 1094 1776 faciem,
1116 1714 1207 1778 quae
1227 1695 1295 1758 hoc
1317 1704 1476 1776 tempore
1491 1712 1571 1758 cer·
1607 1743 1612 1750 .

336 1807 496 1885 uebatur,
514 1807 788 1886 considerasset,
804 1815 839 1870 et
854 1824 946 1887 quae
961 1805 1164 1887 praeteritis
1175 1803 1278 1868 annis
1292 1801 1423 1867 ibidem
1437 1802 1571 1883 fuerat;

336 1913 440 1977 iacile
453 1913 614 1995 judicare
629 1914 801 1994 potuisset
816 1913 899 1977 olim
913 1912 1002 1976 vitia
1017 1914 1144 1992 multa,
1162 1921 1247 1975 tunc
1260 1918 1378 1974 autem
1398 1909 1571 1973 virtutem
1588 1959 1603 1984 ,

336 2028 371 2082 et
396 2021 564 2100 pietatem
589 2037 752 2101 regnare.
780 2019 888 2100 Cujus
913 2020 1121 2084 mutationis
1146 2036 1255 2082 causa
1280 2017 1402 2082 divina
1427 2015 1572 2080 bonitas

337 2143 423 2190 sane
442 2126 523 2206 fuit,
545 2137 636 2208 quae
655 2128 779 2209 optimi
797 2127 1080 2209 Archiepiscopi,
1107 2125 1148 2189 F.
1168 2126 1326 2189 Thomae
1346 2125 1390 2189 de
1410 2123 1568 2188 Villano-

336 2251 384 2296 va
401 2233 421 2312 ¹,
438 2243 472 2297 et
487 2232 673 2299 Societatis
687 2237 795 2299 etiarn
809 2245 953 2299 nostrae
969 2234 1164 2298 ministerio
1181 2233 1231 2296 uti
1247 2230 1394 2312 dignata
1409 2240 1473 2294 est.
1487 2229 1574 2293 Fuit

337 2349 456 2404 autem
467 2342 627 2422 perutilis
640 2342 703 2406 Dr.
717 2342 882 2406 Ramirez
894 2346 907 2378 ¹
918 2359 1039 2423 opera,
1053 2339 1153 2421 quus
1168 2339 1398 2404 concionibus
1410 2354 1453 2402 ac
1464 2338 1568 2401 collo·

337 2447 428 2528 quiis
448 2449 548 2512 multi
570 2449 707 2512 nobiles
726 2449 806 2526 viri,
828 2449 889 2529 qui
908 2449 1033 2530 procul
1055 2448 1101 2511 ab
1126 2446 1222 2510 omni
1246 2446 1419 2510 virtutum
1438 2461 1576 2526 genere

336 2555 528 2620 recessisse
541 2555 766 2633 videbantur,
783 2557 829 2620 ad
841 2555 910 2620 Dei
925 2554 1133 2636 obsequium
1148 2571 1365 2634 magnopere
1381 2561 1463 2618 sunt
1486 2552 1573 2616 inci·

336 2661 412 2741 tati,
429 2670 464 2726 et
478 2671 638 2745 peccata,
656 2682 677 2726 a
693 2662 819 2743 quibus
835 2660 1045 2727 confitendis
1057 2661 1117 2725 diu
1132 2661 1391 2740 abstinuerant,
1405 2659 1500 2742 apud
1512 2678 1576 2723 no·

337 2779 430 2833 stros
445 2770 482 2833 in
496 2778 721 2834 sacramento
735 2770 974 2850 poenitentiae
989 2769 1134 2850 expiati,
1151 2769 1390 2850 deposuerunt
1405 2766 1428 2830 ³.

396 2876 489 2941 2171.
532 2876 603 2940 Alii
619 2878 736 2955 etiarn,
752 2877 839 2939 vitia
856 2878 1084 2955 detestantes,
1099 2893 1141 2940 ac
1156 2876 1279 2957 pietati
1294 2884 1328 2939 et
1342 2874 1445 2939 bonis
1460 2875 1574 2956 operi-

337 2986 403 3049 bus
417 2992 600 3061 vacantes,
618 2982 685 3047 sibi
696 3002 741 3046 ex
753 2984 870 3063 impiis
886 2984 923 3047 in
940 2983 1155 3048 christianos
1171 2984 1330 3047 evasisse
1347 2983 1574 3046 videbantur.

339 3090 437 3156 Idem
451 3090 514 3153 Dr.
529 3089 704 3169 Ramirez,
718 3108 798 3153 cum
811 3091 1029 3170 mulieribuS,
1041 3090 1078 3154 in
1087 3091 1252 3171 lupanari
1264 3090 1413 3171 turpiter
1420 3072 1577 3152 'triventi

338 3199 414 3276 bue,
432 3199 665 3261 concionatus
679 3206 784 3271 esset,
801 3215 845 3261 ex
860 3198 1009 3277 triginta
1028 3216 1093 3261 sex
1107 3196 1262 3279 quadam
1276 3197 1312 3260 in
1327 3196 1500 3261 concione
1521 3196 1576 3258 vi-

339 3304 428 3385 ginti
443 3301 534 3367 duae
550 3304 595 3366 ad
608 3302 801 3367 Dominum
816 3321 1012 3369 conversae
1028 3304 1182 3382 fuerunt,
1198 3304 1385 3385 exquibus
1404 3303 1495 3367 aliae
1519 3303 1573 3365 vi·

339 3412 390 3475 ris
405 3419 612 3491 nupserunt,
630 3411 721 3474 aliae
736 3413 944 3492 parentibus
959 3420 993 3475 et
1009 3412 1147 3476 maritis
1162 3420 1243 3474 sunt
1255 3412 1452 3475 restitutae.

400 3517 492 3580 2172.
535 3517 626 3581 Ludi
651 3516 664 3548 ⁴
689 3518 828 3599 publice
853 3519 889 3582 in
910 3518 1122 3599 quibusdam
1143 3519 1316 3598 domibus,
1338 3534 1419 3581 curn
1436 3534 1579 3581 summo

382 3758 392 3793 ¹
420 3758 487 3803 Vide
496 3768 583 3813 supra.
594 3764 613 3801 t.
625 3770 650 3813 v,
661 3769 721 3813 pag.
732 3758 780 3813 ate,
790 3758 838 3811 ³65,
850 3772 875 3803 n.
889 3760 938 3813 985,
954 3766 981 3804 et
996 3770 1073 3815 saepe
1089 3760 1166 3813 alias,
1180 3769 1240 3803 cnm
1254 3759 1287 3802 de
1300 3759 1379 3802 rebus
1393 3757 1534 3802 valentinis
1550 3758 1578 3800 in

342 3829 482 3874 societatis
492 3828 628 3873 annalibus
638 3837 678 3873 est
690 3840 783 3875 sermo.
794 3830 865 3883 Quae
876 3838 964 3876 autem
975 3833 1018 3875 hic
1029 3832 1159 3884 dicuutur,
1174 3830 1207 3875 ad
1218 3837 1319 3885 tempus
1330 3830 1396 3884 quod
1407 3829 1511 3881 attinet,
1521 3830 1580 3873 late

344 3900 514 3955 intelligenda
524 3908 592 3955 aunt,
602 3912 652 3945 non
663 3912 726 3946 vero
736 3903 837 3955 stricte,
849 3905 921 3957 quasi
933 3904 981 3947 boc
992 3914 1060 3947 anuo
1070 3909 1117 3947 aut
1131 3903 1249 3958 proxime
1263 3902 1441 3954 superioribus
1456 3899 1577 3954 contigis-

342 3980 408 4028 sent;
419 3974 545 4029 siqnidem
555 3981 581 4019 et
592 3982 699 4020 sauctus
708 3975 928 4029 archiepiscopus
940 3975 1053 4019 Thomas
1061 3976 1093 4018 rie
1103 3974 1272 4024 Villanueva,
1279 3976 1312 4018 ab
1322 3984 1390 4018 anno
1401 3972 1455 4017 1545
1463 3974 1580 4024 ineunte,

343 4047 537 4091 valentinorum
547 4048 684 4091 ecclesiam
694 4048 812 4102 regebat.
823 4053 850 4091 ct
860 4054 992 4092 nostrates
1003 4047 1065 4098 illic,
1077 4053 1107 4091 ut
1116 4047 1250 4091 minimum
1259 4047 1383 4096 dicamus,
1394 4056 1445 4089 uon
1459 4044 1580 4089 inutilem

340 4118 395 4173 jam
406 4118 479 4161 abeo
493 4123 610 4173 tempore
622 4130 726 4173 operam
741 4120 884 4163 navabant.
895 4118 964 4162 Vide
974 4118 1115 4173 Epistulae
1129 4118 1242 4169 Mixiae,
1253 4124 1272 4161 t.
1282 4128 1300 4172 r,
1311 4118 1419 4171 passim,
1429 4123 1455 4161 et
1465 4117 1520 4161 alis
1529 4114 1583 4160 Mo·

344 4199 515 4233 uuuauroauu
524 4190 665 4234 volumina.
1488 4212 1499 4249 0

384 4261 395 4291 ³
425 4260 490 4305 Vide
500 4272 587 4316 supra,
600 4268 618 4306 t.
629 4274 655 4313 v,
668 4272 727 4315 pag.
737 4262 786 4311 3⁶5.
798 4273 821 4305 ni
832 4262 881 4308 986.
892 4267 980 4305 annot.
991 4260 1012 4314 5,
1024 4272 1091 4315 qnae
1101 4261 1133 4305 de
1143 4261 1171 4306 P.
1180 4260 1279 4315 Joaune
1288 4260 1409 4305 Ramirez
1420 4259 1548 4305 dicuntur.

383 4330 394 4363 ³
423 4332 556 4377 videndae
571 4332 686 4378 adhunc
701 4344 756 4377 rem
771 4331 894 4377 Litterae
909 4326 1132 4386 Quadrimestres
1147 4334 1197 4376 boc
1210 4343 1278 4377 auno
1293 4331 1417 4376 Valentia
1431 4332 1465 4375 ad
1480 4330 1582 4377 Urbem

344 4406 447 4455 missae,
459 4408 479 4448 t.
488 4414 524 4461 rr,
535 4415 595 4459 pag.
605 4406 653 4457 276,
663 4406 712 4459 391,
722 4405 770 4455 tea,
782 4416 814 4447 ex
825 4406 918 4459 quibus
929 4404 1058 4449 Polancus
1067 4416 1142 4449 suam
1152 4404 1312 4459 deprompsit
1322 4404 1509 4448 narrationem.
1520 4404 1580 4447 Ali·

344 4486 396 4531 qua
406 4482 493 4519 tamen
503 4478 669 4531 temperavit,
681 4488 747 4531 quae
758 4476 876 4520 oratoria
887 4476 1027 4520 verborum
1042 4477 1247 4531 exaggeratione
1257 4475 1284 4520 iu
1296 4476 1415 4530 epistolis
1424 4476 1584 4531 consignata

345 4548 427 4591 fuere.

386 4620 397 4652 ⁴
425 4618 471 4665 lis.
482 4618 554 4663 Lude·
564 4619 734 4673 quipubls'ca.
