3642 5350
686 458 689 467 r
764 400 825 463 Au.
849 399 920 464 1556
1408 396 1457 459 131

232 578 239 617 .·
288 548 368 613 179.Υ
402 546 472 612 Sed
485 548 553 611 duo
569 547 643 627 ejus
653 549 731 611 loco
745 548 842 613 missi
856 556 949 627 sunt,
967 556 1006 611 ut
1020 548 1121 627 alter,
1136 547 1278 613 nomine
1292 544 1456 624 Sanctus,

217 671 237 723 r,
250 655 506 720 udimentarios
531 671 658 735 pueros
683 656 801 735 legere
821 672 863 719 ac
880 655 1036 719 scribere
1060 655 1215 731 doceret,
1235 656 1341 732 alter,
1367 651 1458 716 scili·

231 771 297 841 cet,
316 763 460 827 Gabriel
474 761 628 825 Bisolius
645 760 665 840 ¹,
682 763 955 841 grammaticam
971 762 1131 827 doceret:
1147 763 1229 841 quia
1244 772 1363 825 tamen
1377 777 1458 823 con·

231 870 506 937 fluebantvmulti
525 869 570 932 ad
596 870 769 933 elementa
793 871 908 949 prima
933 869 1114 948 discenda,
1143 869 1269 950 quibus
1292 865 1459 931 satisfieri

231 977 292 1039 vix
308 985 457 1058 poterat,
474 978 593 1057 plures
606 973 681 1055 ejus
695 976 836 1056 generis
851 994 921 1040 non
936 976 1174 1041 admittendos
1185 977 1301 1039 visum
1315 983 1380 1054 est,
1396 974 1460 1037 sed

232 1086 291 1165 qui
316 1086 434 1163 legere
459 1094 494 1147 et
519 1084 673 1147 scribere
695 1082 768 1163 jam
793 1085 938 1163 scirent;
963 1084 1127 1165 quamvis
1151 1084 1259 1147 semel
1283 1082 1459 1147 admissos

232 1200 497 1273 promoverunt,
513 1200 550 1254 ut
565 1191 804 1271 superioribus
820 1192 993 1255 classibus
1007 1208 1072 1272 pro
1086 1191 1276 1255 seminario
1292 1197 1409 1253 essent
1424 1196 1460 1251 et

232 1317 312 1362 cum
327 1298 459 1362 eisdem
474 1298 632 1363 charitas
646 1306 891 1361 exerceretur.-

232 1446 237 1457 ·
292 1405 362 1471 480.
407 1404 577 1469 Doctrina
607 1415 727 1469 autem
752 1406 958 1481 christiana,
986 1406 1147 1469 omnibus
1172 1404 1396 1483 necessaria,
1422 1404 1458 1467 in

233 1515 357 1595 primis
382 1530 489 1576 curae
514 1514 645 1576 nostris
670 1512 743 1575 suit.
765 1512 912 1591 Ingenia
934 1529 1126 1593 puerorum
1149 1513 1351 1577 senensium
1372 1512 1460 1575 satis

234 1630 338 1685 acuta
353 1619 635 1697 inveniebantur,
652 1629 686 1682 et
701 1620 814 1682 bonae
829 1618 974 1699 indolis,
991 1628 1025 1683 et
1044 1620 1287 1684 adolescentes
1307 1628 1368 1683 aut
1386 1608 1460 1701 jam

234 1736 350 1791 aetate
372 1726 521 1807 juvenes
540 1727 627 1789 satis
647 1742 777 1805 magno
797 1724 957 1789 discendi
976 1726 1151 1791 desiderio
1177 1727 1402 1806 tenebantur;
1426 1734 1461 1789 et

234 1836 270 1899 in
285 1844 537 1916 praeceptores
551 1833 777 1896 observantia
797 1850 839 1897 ac
854 1834 890 1896 in
905 1832 1031 1899 studiis
1046 1834 1226 1915 diligentia
1247 1852 1317 1898 non
1332 1834 1461 1898 medio·

235 1945 306 2008 cris
320 1944 355 2005 in
370 1942 422 2005 eis
436 1940 657 2005 cernebatur.

294 2049 364 2113 481.
408 2048 544 2113 Morem
558 2053 570 2085 ⁹
584 2057 702 2113 autem
717 2048 919 2113 scholarum
931 2048 1117 2114 Societatis
1129 2050 1165 2113 in
1181 2048 1462 2114 confessionibus

235 2158 385 2237 singulis
399 2156 579 2221 mensibus
594 2155 818 2219 instituendis
837 2166 934 2220 recte
953 2156 1202 2221 observabant.
1223 2155 1323 2219 Haec
1344 2164 1461 2219 autem

234 2264 406 2347 juvenum
420 2254 592 2328 institutio
608 2280 669 2326 eos
683 2263 730 2326 ad
752 2263 984 2328 eruditionem
1003 2273 1037 2327 et
1052 2264 1220 2345 pietatem
1234 2280 1460 2344 promovenS,

236 2374 366 2436 mirum
385 2372 420 2434 in
436 2370 578 2434 modum
593 2380 779 2450 parentum
800 2371 938 2435 animos
951 2370 1120 2435 Societati
1136 2385 1280 2435 nostrae
1300 2370 1463 2435 concilia·

237 2480 318 2557 bat,
349 2489 383 2541 et
411 2477 619 2542 nobilissimi
647 2477 776 2559 quique
804 2479 934 2542 liberos
955 2496 1050 2542 -suos
1079 2480 1212 2543 nostris
1240 2477 1465 2543 instruendos

237 2586 449 2669 perlibenter
477 2585 686 2665 tradebant,
721 2604 786 2649 nec
814 2586 943 2667 plebeji
976 2587 1092 2651 minus
1125 2586 1273 2651 libenter
1305 2586 1465 2650 admitte·

237 2697 378 2758 bantur.
1237 2770 1242 2779 .
1328 2771 1331 2776 ,

298 2801 368 2865 482.
413 2801 589 2866 Praedicti
621 2803 728 2866 etiam
756 2812 943 2883 parenteS,
979 2803 1167 2868 occasione
1198 2803 1350 2867 filiorum
1383 2819 1464 2867 cum

239 2910 369 2975 nostris
385 2910 546 2990 agendo,
569 2909 612 2972 de
631 2925 717 2973 suae
739 2910 834 2973 vitae
854 2910 1049 2974 mutatione
1070 2910 1257 2989 admoniti,
1278 2927 1404 2990 parere
1425 2927 1464 2972 se

238 3019 328 3082 velle
340 3015 599 3096 significabilia
609 3034 675 3080 nec
686 3017 870 3081 minimum
882 3018 951 3080 hoc
963 3027 1038 3081 erat
1050 3017 1214 3082 solatium
1227 3026 1301 3080 tam
1314 3016 1466 3080 afflictae

239 3124 396 3202 civitati,
413 3141 519 3205 quam
533 3133 612 3204 post
627 3123 718 3188 bella
741 3126 888 3206 penuria
904 3133 938 3188 et
952 3125 1065 3190 sames
1089 3125 1191 3189 valde
1211 3125 1408 3204 vexabant,
1431 3132 1465 3187 et

239 3231 323 3296 dum
346 3231 473 3295 liberos
493 3231 607 3294 excoli
630 3231 772 3312 litteriS,
795 3232 989 3296 christiana
1008 3232 1170 3297 doctrina
1186 3241 1221 3296 et
1241 3232 1343 3296 bonis
1362 3232 1465 3296 mori·

238 3339 304 3403 bus
320 3339 453 3416 vident,
470 3355 540 3401 non
555 3339 723 3418 exiguum
739 3337 806 3404 Dei
826 3338 1032 3404 beneficium
1052 3341 1088 3404 id
1110 3357 1188 3404 esse
1209 3340 1464 3420 agnoscebant,

240 3455 273 3510 et
289 3447 334 3510 ab
349 3446 427 3509 aliis
442 3445 584 3526 scholiS,
601 3455 639 3509 ut
660 3448 776 3510 minus
794 3447 852 3527 pie
875 3465 918 3510 ac
937 3448 1051 3527 pretio
1070 3449 1184 3511 soluto
1202 3447 1465 3525 erudiebantur,

241 3554 387 3617 libenter
399 3553 448 3615 ad
468 3563 609 3618 nostras
630 3571 713 3618 suos
734 3553 1012 3636 transferebant,
1037 3555 1096 3619 ubi
1114 3573 1186 3618 non
1205 3555 1319 3619 solum
1338 3555 1466 3634 stipen-
1515 3605 1525 3622 .

225 3661 339 3726 dium
354 3660 486 3724 nullum
505 3660 568 3724 sed
583 3675 627 3724 ne
647 3662 856 3724 munuscula
877 3662 1018 3742 quidem
1037 3663 1145 3726 etiam
1164 3661 1286 3740 exigui
1299 3659 1467 3724 momenti

242 3777 385 3850 propter
401 3767 655 3831 institutionem
669 3768 809 3831 illorum
825 3767 1113 3834 admittebantur.

302 3873 373 3937 483.
416 3873 540 3937 invisit
565 3882 599 3937 et
628 3873 828 3938 Cardinalis
854 3875 1047 3954 Burgensis
1073 3875 1270 3956 Collegium
1295 3884 1466 3954 nostrum,

242 3995 275 4046 et
291 3983 408 4046 omnia
428 3990 463 4044 et
483 3978 559 4061 ejus
580 3983 712 4046 classes
728 3983 932 4064 inspicicnS,
954 4001 1026 4047 non
1041 3983 1210 4048 mediocri
1231 3984 1368 4047 laetitia
1387 3981 1467 4046 affe·

245 4099 325 4154 ctus
343 4089 424 4164 luit,
446 4105 525 4152 cum
543 4097 595 4151 tot
614 4107 742 4169 pueros
764 4106 830 4154 sua
849 4108 957 4171 opera
979 4090 1109 4155 ibidem
1135 4091 1271 4155 institui
1296 4097 1467 4154 cerneret.

238 4196 337 4260 Jnter
362 4196 428 4259 bos
453 4196 644 4276 discipulos
668 4195 736 4259 duo
759 4197 900 4261 fuerunt
921 4198 1193 4263 honestissimae
1216 4198 1373 4262 mulieris
1397 4196 1468 4277 filii,

243 4304 303 4384 qui
324 4303 414 4366 inter
434 4312 594 4366 caeteros
613 4302 649 4367 in
670 4304 844 4384 probitate
866 4313 900 4368 et
919 4303 1115 4370 eruditione
1137 4305 1380 4387 proficiebant.
1401 4305 1471 4368 Ho-

284 4581 292 4632 ς
322 4577 388 4623 Vide
399 4592 485 4636 supra,
494 4588 514 4626 t.
524 4593 551 4638 u,
563 4593 615 4638 pag
633 4583 682 4638 tet,
693 4591 779 4628 annot.
793 4585 815 4628 l.

284 4635 296 4683 ὅ
322 4649 493 4698 Mamurram.
