3642 5350
367 400 421 461 3⁰2
825 398 953 461 ennon.
973 399 1050 459 Soc.
1077 398 1147 473 Jns.

367 558 443 611 tare
459 553 746 624 consuescerent,
767 554 801 610 et
823 546 914 610 aliae
937 546 1134 610 cantilenae
1153 561 1268 608 vanae
1288 535 1460 608 oblivioni
1479 542 1594 606 trade·

368 654 507 717 bantur.

410 760 497 825 1207.
539 760 578 825 In
597 760 892 841 disputationibus
912 769 947 824 et
966 761 1145 825 exercitiis
1167 758 1389 850 scholasticis
1405 752 1457 822 sic
1478 776 1516 821 se
1529 773 1593 837 ge·

367 870 503 947 rebant,
517 876 555 932 ut
566 868 749 932 doctrinae
761 877 940 932 amatores
951 886 1013 932 eos
1023 886 1103 932 esse
1117 866 1205 931 satis
1218 876 1434 945 cerneretur,
1450 875 1486 928 et
1500 865 1592 945 ipso-

367 994 446 1040 rum
461 975 622 1058 exemplo
636 976 695 1038 alii
711 976 829 1056 etiam,
845 985 882 1040 ut
898 975 944 1039 ad
958 976 1101 1039 easdem
1116 975 1259 1039 scholas
1273 974 1452 1053 venirent,
1468 972 1592 1035 invita·

366 1086 504 1148 bantur.

429 1190 515 1255 1208.
559 1192 692 1257 Eorum
706 1208 873 1256 numerus
888 1193 935 1256 ad
950 1203 1091 1256 centum
1110 1200 1144 1255 et
1164 1191 1420 1272 quinquaginta
1441 1188 1449 1222 ³
1472 1206 1592 1270 perve-

366 1301 428 1377 nit,
443 1309 477 1363 et
492 1316 537 1363 ex
552 1299 782 1363 nobilioribus
796 1299 893 1362 urbis
908 1308 1027 1379 erant,
1045 1298 1209 1379 quamvis
1223 1297 1384 1363 nonnulli
1401 1314 1447 1360 ex
1466 1296 1594 1359 vicinis

367 1406 543 1470 montibus
557 1404 757 1486 Syracusas
772 1406 878 1470 studii
896 1406 1015 1485 gratia
1030 1406 1297 1469 descenderant.

430 1513 516 1577 1209.
560 1514 599 1577 In
623 1530 815 1593 progressu
840 1521 958 1578 autem
977 1510 1081 1594 hujus
1100 1513 1200 1592 anni,
1222 1531 1302 1578 cum
1328 1512 1492 1593 puritatis
1513 1528 1593 1574 con·

365 1622 533 1685 scientiae
558 1622 594 1684 in
622 1620 697 1685 dies
726 1620 958 1685 studiosiores
985 1620 1229 1700 redderentur,
1258 1638 1330 1684 non
1359 1618 1594 1700 expectabant

364 1726 560 1809 praefixum
573 1727 640 1791 sibi
654 1735 873 1791 menstruum
889 1737 1039 1808 tempuS,
1056 1726 1118 1791 sed
1133 1738 1168 1792 et
1182 1726 1296 1807 maior
1312 1744 1396 1808 pars
1411 1743 1534 1790 eorum
1548 1725 1593 1789 ad

365 1834 603 1899 conscientiae
616 1836 906 1917 tranquillitatem
921 1835 1107 1915 generales
1122 1835 1227 1899 totius
1242 1835 1337 1898 vitae
1352 1834 1593 1898 confessiones

366 1943 605 2022 instituebant,
619 1950 664 2021 et,
674 1952 713 2007 ut
725 1943 885 2006 exactius
893 1942 929 2007 id
935 1942 1105 2022 iacerent,
1119 1943 1226 2006 etiam
1237 1941 1380 2023 scriptis
1387 1941 1594 2006 memoriam

361 2049 546 2131 juvabant;
558 2059 593 2114 et
604 2066 771 2129 magnam
782 2050 1048 2114 venerationem
1060 2050 1194 2114 sanctis
1203 2050 1437 2113 sacramentis
1448 2050 1592 2114 omnino

365 2158 588 2238 exhibebant,
605 2166 643 2221 ut
657 2160 826 2238 seniores,
843 2158 950 2222 immo
966 2166 1001 2221 et
1015 2159 1174 2239 ipsorum
1188 2168 1374 2239 parentes,
1395 2167 1429 2221 et
1444 2158 1594 2222 admira·

365 2266 504 2346 bantur,
526 2276 560 2329 et
575 2266 805 2330 mutationem
824 2283 964 2330 morum
978 2267 1013 2329 in
1037 2266 1119 2329 filiis
1143 2265 1385 2341 observantes,
1412 2266 1595 2330 civitatem
1618 2292 1621 2297 ·

366 2374 461 2436 illam
477 2380 645 2454 perpetuo
661 2372 955 2453 obligatissimam
969 2372 1046 2436 iore
1062 2372 1326 2453 praedicabant.

428 2478 514 2543 1210.
558 2479 626 2559 Qui
651 2489 768 2544 autem
793 2481 838 2544 ad
857 2480 1058 2559 ingressum
1080 2478 1267 2544 Societatis
1288 2478 1529 2545 afficiebantur
1550 2498 1595 2544 ex

365 2588 420 2651 his
435 2588 627 2669 discipulis,
644 2606 715 2651 non
730 2587 843 2651 solum
858 2588 989 2667 pietate
1004 2588 1066 2651 sed
1081 2598 1115 2651 et
1132 2588 1276 2668 ingenio
1296 2588 1389 2653 inter
1407 2589 1495 2652 alios
1513 2587 1594 2651 emi·

366 2697 506 2761 nebant.

427 2803 514 2867 1211.
559 2803 733 2868 Dominus
747 2801 880 2867 Suetus
894 2803 938 2867 de
956 2802 1057 2882 Vega
1073 2803 1163 2866 mira
1179 2803 1365 2867 dilectione
1384 2790 1593 2883 Collegium,

366 2913 472 2976 immo
493 2921 527 2975 et
549 2909 736 2976 Societatis
752 2911 961 2991 institutum,
980 2911 1270 2991 prosequebatur.
1291 2912 1528 2976 Familiariter
1550 2911 1596 2975 ad

365 3020 450 3084 illud
464 3019 628 3083 veniebat
643 3028 677 3082 et
692 3017 957 3084 cumfratribus
973 3018 1091 3082 cibum
1105 3019 1286 3106 capiebat3
1311 3037 1377 3084 nec
1400 3020 1596 3084 dissimula·

366 3129 425 3192 bat
454 3126 584 3206 impelli
613 3142 714 3190 suum
739 3127 895 3190 animum
921 3143 1093 3207 persaepe
1118 3127 1164 3190 ad
1190 3127 1463 3192 renuntiandum
1492 3128 1596 3191 rebus

366 3233 606 3298 saecularibus
631 3241 665 3296 et
690 3231 904 3298 Societatem
929 3233 1210 3313 ingrediendam,
1239 3242 1273 3298 et
1298 3235 1438 3299 dicebat
1463 3252 1534 3299 non
1557 3251 1597 3298 se

366 3357 463 3422 spem
479 3338 648 3419 abjecisse
664 3340 757 3421 quod
773 3340 974 3422 aliquando,
991 3357 1033 3402 eo
1049 3338 1206 3422 Collegio
1230 3343 1431 3422 constituto,
1449 3343 1597 3422 ipsemet

366 3447 533 3512 fratribus
553 3443 726 3510 inservire
747 3447 782 3509 in
797 3464 839 3510 eo
860 3456 989 3528 posset,
1012 3465 1081 3528 quo
1107 3449 1241 3514 honore
1262 3450 1396 3514 nullum
1416 3458 1597 3531 praestan·

367 3557 491 3619 tiorem
511 3553 748 3618 existimabat.

429 3662 516 3725 1212.
559 3662 636 3742 Ipse
668 3662 775 3724 etiam
806 3661 1004 3744 Episcopus
1030 3663 1279 3744 Syracusanus
1308 3681 1442 3745 magno
1468 3664 1596 3729 affectu

366 3770 551 3834 charitatis
569 3768 766 3848 Collegium
788 3770 1078 3851 amplectebatur.
1100 3772 1212 3835 Erant
1234 3781 1269 3834 et
1284 3773 1384 3835 cives
1403 3773 1515 3851 multi,
1536 3771 1596 3852 qui

365 3878 447 3943 totis
468 3876 603 3940 viribus
628 3893 690 3939 eos
715 3877 966 3956 reprimebant,
983 3896 1072 3958 quos
1097 3879 1256 3959 Collegio
1272 3878 1459 3943 detrahere
1479 3878 1595 3942 audie·

365 3987 460 4066 bant;
476 3995 510 4048 et
536 3985 616 4047 licet
638 3983 854 4063 sacerdotes,
877 3985 983 4049 immo
999 3996 1033 4049 et
1055 3986 1214 4066 religiosi
1234 3995 1364 4066 essent,
1386 3986 1517 4049 acriter
1535 4003 1598 4050 eos

364 4091 679 4176 reprehendebant.
701 4089 770 4155 Sed
790 4089 987 4174 Episcopus
1009 4111 1095 4173 prae
1117 4094 1269 4157 caeteris
1296 4092 1389 4157 hane
1420 4094 1598 4158 existima·

365 4201 471 4266 tionis
492 4196 504 4228 ¹
526 4197 715 4263 Societatis
735 4199 991 4279 protectionem
1011 4201 1211 4282 suscepisse
1237 4199 1435 4277 videbatur;
1459 4211 1494 4264 et
1516 4202 1598 4282 quia

405 4444 414 4477 Ι
442 4442 602 4487 Emendatus
617 4442 658 4485 hic
674 4452 794 4486 numerus
805 4448 853 4497 est,
869 4454 915 4486 nec
928 4443 993 4487 satis
1004 4449 1115 4497 apparet
1131 4454 1164 4486 an
1182 4443 1318 4497 legendum
1335 4445 1438 4487 tandem
1455 4444 1599 4494 sitleam

364 4515 420 4570 190,
432 4527 464 4560 an
475 4525 536 4559 vero
547 4515 602 4556 140.
615 4513 666 4558 Nos
676 4519 762 4558 tamen
773 4516 880 4558 centum
892 4517 917 4557 et
928 4516 1127 4568 qulnquaginta
1137 4515 1283 4566 scribimus,
1294 4516 1355 4570 quia
1363 4516 1502 4571 perspicue
1511 4515 1596 4560 admo-

364 4589 423 4632 dum
433 4588 475 4630 hlc
482 4597 603 4630 numerus
613 4592 652 4628 est
662 4585 687 4628 in
697 4585 793 4629 litteris
804 4596 882 4640 sopra
893 4586 1043 4630 memoratis
1054 4584 1187 4630 Michaelis
1199 4587 1293 4641 Angeli
1304 4586 1413 4633 Labeci.

405 4663 416 4692 ²
444 4657 488 4703 his.
498 4657 739 4702 existimationem.
1242 4664 1245 4671 ’
