3642 5350
358 401 413 465 242
797 395 924 461 Canon.
946 392 1022 460 Soc.
1043 392 1114 472 Jes.

357 550 528 630 ecclesiis,
542 548 731 631 praecipue
742 545 1045 627 Quadragesimae
1058 552 1226 625 tempore,
1239 542 1364 609 eodem
1375 540 1490 609 officio
1502 540 1586 609 cira·

359 660 477 725 ritatis
490 657 603 722 nostri
616 654 728 719 iuncti
743 665 838 719 sunt.
1038 731 1040 737 Α

418 766 490 833 919.
532 764 573 829 ln
584 763 708 829 eodem
719 763 848 843 templo
859 771 983 826 nostro
995 761 1161 843 profestis
1171 761 1295 825 diebus
1305 760 1426 827 addita
1437 759 1501 825 luit
1513 758 1582 823 hoc

361 891 455 939 anno
469 888 616 937 casuum
630 869 869 935 conscientiae
884 870 1000 949 lectio,
1016 887 1123 951 quarn
1143 869 1183 932 P.
1205 868 1382 933 Antonius
1400 867 1444 931 de
1465 866 1584 932 Solde·

360 982 463 1061 villa,
488 978 602 1043 Roma
626 978 771 1059 missus,
799 994 881 1041 cum
905 977 1150 1041 satisfactione
1170 994 1241 1041 non
1261 974 1429 1040 mediocri
1449 976 1585 1057 praele·

361 1088 470 1171 gebat
486 1086 507 1151 ¹.

361 1243 364 1248 <
419 1194 492 1259 920.
536 1193 728 1259 Crescebat
743 1191 998 1274 apud'nostros
1012 1193 1252 1259 confitentium
1267 1200 1302 1256 et
1322 1209 1462 1257 sacram
1481 1208 1587 1273 syna·

361 1301 435 1365 xim
449 1300 662 1365 sumentium
676 1301 712 1364 in
726 1300 801 1365 dies
816 1301 1013 1366 multitudo.
1029 1302 1125 1366 Inter
1140 1301 1229 1365 alios
1243 1310 1361 1366 autem
1375 1299 1513 1365 fructus
1526 1315 1586 1363 no·

268 1454 273 1463 -
363 1409 524 1473 minatim
538 1406 696 1473 referunt
710 1407 816 1489 quod,
833 1427 915 1473 cum
929 1409 1098 1473 meretrix
1118 1408 1293 1490 quaedam
1311 1408 1372 1472 uni
1390 1426 1436 1472 ex
1457 1406 1588 1471 nostris

363 1515 527 1581 confessa
540 1524 635 1579 esset
649 1524 685 1579 et
700 1515 812 1581 vitam
826 1516 861 1579 in
881 1516 1007 1580 melius
1027 1526 1164 1581 mutare
1184 1515 1414 1594 decrevisset,
1434 1513 1588 1579 xenodo-

364 1622 445 1687 chio
469 1621 717 1686 incurabilium
742 1604 888 1702 operam
913 1639 1015 1687 suam
1039 1622 1123 1687 dum
1149 1624 1286 1687 viveret
1307 1620 1473 1687 addicere
1498 1621 1587 1700 (erat

363 1729 458 1794 enim
474 1729 505 1792 ei
519 1730 599 1793 loco
614 1727 702 1792 satis
716 1729 931 1808 necessaria)
948 1730 1140 1794 constituit.
1158 1730 1264 1797 Forte
1281 1738 1398 1794 autem
1413 1729 1449 1793 in
1464 1726 1586 1792 codem

363 1835 530 1917 hospitali
544 1836 600 1898 vir
616 1834 759 1916 quidam
774 1836 935 1914 graviter
950 1846 1143 1916 aegrotans
1157 1837 1324 1901 inventus
1345 1844 1411 1914 est,
1431 1836 1490 1918 qui
1509 1834 1587 1899 Deo

363 1952 526 2021 voverat,
542 1942 572 2005 si
588 1942 838 2021 convaluisset,
860 1944 1082 2009 meretricem
1103 1961 1141 2007 se
1161 1944 1196 2007 in
1222 1958 1368 2009 uxorem
1386 1942 1584 2007 ducturum.

365 2050 453 2114 Cum
473 2059 591 2114 autem
611 2050 851 2113 valetudinem
870 2059 1130 2132 recuperasset,
1154 2059 1351 2133 opportune
1371 2050 1496 2113 mulier
1514 2048 1586 2129 illa,

363 2156 408 2222 de
422 2174 493 2239 qua
507 2156 672 2235 diximus,
689 2157 721 2221 ci
737 2157 856 2221 oblata
871 2167 937 2237 est,
954 2174 1061 2240 quam
1075 2158 1131 2221 ille
1151 2158 1217 2221 sibi
1237 2156 1462 2221 matrimonio
1483 2172 1587 2237 copu-

362 2264 464 2328 lavit.
480 2262 697 2345 Aliquandiu
712 2264 806 2327 enim
819 2272 843 2341 ¹,
860 2274 898 2329 ut
914 2264 1071 2329 mulieris
1091 2264 1308 2328 continentia
1328 2263 1445 2342 magis
1464 2262 1588 2328 confir·

362 2380 532 2450 maretur,
549 2372 728 2435 communi
742 2388 918 2435 consensu
933 2374 969 2437 in
990 2372 1156 2452 hospitali
1178 2379 1396 2450 manserunt,
1418 2388 1588 2453 suamque

363 2495 509 2560 operam
524 2478 763 2557 indigentibus
778 2495 909 2558 magna
925 2496 1005 2545 cum
1021 2479 1196 2543 charitate
1211 2479 1475 2560 praestiterunt.

422 2584 494 2649 921.
538 2584 672 2649 Diebus
687 2593 805 2649 autem
821 2585 1125 2666 Quadragesimae
1139 2597 1174 2651 et
1190 2587 1269 2651 aliis
1284 2586 1383 2651 lestis
1403 2586 1588 2651 solemnio·

363 2694 463 2760 ribus
477 2693 528 2756 sic
542 2692 749 2758 sacerdotes
763 2695 877 2758 nostri
892 2694 927 2758 in
943 2695 1224 2760 confessionibus
1239 2703 1341 2759 erant
1356 2695 1531 2776 occupati,
1548 2704 1586 2759 ut

363 2800 624 2883 quodammodo
638 2801 859 2866 multitudine
874 2799 1124 2866 confluentium
1138 2802 1383 2883 obruerentur,
1397 2811 1432 2866 et
1444 2802 1506 2866 vix
1519 2801 1587 2867 cibi
1627 2783 1631 2790 ’

365 2905 528 2988 capiendi
547 2907 656 2971 otium
676 2906 728 2971 eis
746 2906 1046 2989 suppeditaretur,
1067 2917 1102 2972 et
1120 2909 1287 2990 quamvis
1306 2927 1376 2974 non
1397 2908 1589 2974 admodum

363 3014 468 3096 pauci
483 3023 585 3078 erant
598 3013 815 3093 sacerdotes,
831 3015 915 3079 licet
929 3015 1077 3080 totidem
1092 3017 1152 3080 alii
1166 3017 1315 3082 fuissent
1331 3016 1500 3097 adjuncti,
1514 3026 1588 3082 tan·

363 3130 421 3186 tae
442 3121 550 3186 messi
575 3121 610 3186 in
633 3121 761 3185 horrea
786 3120 930 3186 Domini
951 3123 1229 3204 congregandae
1250 3123 1413 3189 sufficere
1434 3141 1507 3188 non
1529 3140 1587 3205 po·

364 3227 524 3292 tuissent.

421 3335 492 3401 922.
535 3335 835 3402 scholasticorum
856 3355 1025 3404 numerus
1039 3340 1105 3403 sub
1120 3339 1256 3403 initium
1277 3339 1360 3402 anni
1382 3339 1428 3404 ad
1448 3347 1588 3404 centum

362 3454 397 3509 ct
411 3444 599 3524 sexaginta
614 3445 692 3526 plus
711 3446 827 3510 minus
842 3446 1073 3526 ascendebat,
1091 3447 1127 3511 in
1141 3463 1334 3528 progressu
1355 3446 1514 3510 nonnihil
1532 3447 1589 3511 de·

362 3551 487 3629 crevit,
503 3552 669 3632 quamvis
682 3550 756 3616 iere
771 3562 913 3616 centum
932 3553 1170 3634 quadraginta
1186 3553 1412 3634 accederent;
1427 3570 1493 3618 nec
1508 3569 1588 3634 poe·

363 3657 544 3722 nitendum
560 3658 713 3722 fructum
729 3660 783 3722 sui
797 3660 931 3723 laboris
952 3669 1202 3742 praeceptores
1221 3677 1349 3742 capere
1364 3659 1586 3740 videbantur,

364 3782 445 3830 cum
460 3765 657 3830 eruditione
672 3775 706 3829 et
721 3766 895 3848 spirituali
913 3767 1070 3848 prosectu
1085 3784 1314 3849 progressum
1329 3767 1501 3834 iacerent.

423 3871 494 3935 923.
537 3871 631 3937 Inter
645 3873 818 3937 foeminas
833 3874 979 3951 nobiles,
995 3892 1085 3955 quac
1101 3885 1223 3938 nostro
1239 3875 1276 3938 in
1290 3876 1420 3957 templo
1431 3875 1589 3958 proiece-

364 3988 457 4060 runt,
475 3979 565 4044 duae
580 3981 751 4077 virgines,
767 3999 910 4046 sorores
929 3980 1113 4062 cujusdam
1135 3983 1257 4048 fratris
1279 3984 1406 4063 nostri,
1430 3995 1464 4047 et
1487 3983 1590 4049 tertia

364 4086 490 4166 vidua,
516 4085 673 4166 eJ'usdem
697 4089 822 4168 amita,
843 4090 1084 4170 spiritualibus
1107 4091 1287 4155 exercitiis
1306 4091 1511 4172 aliquandiu
1530 4109 1591 4156 va·

365 4203 501 4275 canteS,
517 4195 569 4258 sic
582 4195 820 4276 profecerunt,
837 4206 872 4261 ut
892 4197 1001 4262 vidua
1022 4199 1164 4279 quidem
1184 4213 1265 4262 cum
1286 4199 1400 4264 altera
1418 4217 1464 4264 ex
1486 4198 1592 4280 virgi·

365 4300 468 4369 uibus
493 4311 630 4366 castam
650 4312 685 4366 et
703 4304 942 4368 continentem
962 4305 1072 4368 vitam
1099 4305 1193 4369 domi
1219 4323 1304 4368 suae
1331 4323 1451 4388 agere,
1480 4307 1592 4371 altera

406 4576 415 4610 ¹
442 4577 509 4623 Vide
520 4590 607 4634 supra,
619 4585 638 4624 t.
649 4591 676 4635 r,
686 4591 747 4635 pag.
758 4580 804 4635 tls,
815 4593 840 4626 n.
850 4582 898 4626 511.

405 4647 417 4682 ²
444 4649 495 4706 Sic3
506 4653 604 4698 rectius
613 4652 734 4697 fortassis
744 4657 844 4697 autent.
