3642 5350
361 390 418 449 494
824 386 952 447 Canon.
973 384 1050 445 Soc.
1070 386 1140 459 Jas.

363 536 404 599 Β.
431 532 566 599 Mariae
591 532 825 613 Magdalenae
849 530 990 607 redire,
1005 532 1087 612 quia
1111 541 1196 594 tunc
1221 529 1338 595 studia
1366 548 1430 612 per
1454 542 1597 596 nostros

364 652 468 707 erant
481 640 682 705 inchoanda
698 648 733 703 et
747 638 917 719 magnam
931 638 1174 703 studiosorum
1193 638 1453 703 multitudinem
1472 649 1595 703 ventu-

364 768 443 815 ram
458 747 697 819 existimabat.

424 856 516 921 2133.
560 855 671 919 Erant
685 854 797 918 nostri
812 852 977 933 Bigliomi
993 864 1087 931 octo,
1103 862 1138 916 et
1153 870 1283 934 corpus
1297 855 1439 934 collegii
1459 865 1595 919 utcum-

363 983 435 1047 que
449 962 694 1042 conficiebant,
713 971 747 1024 et
761 961 971 1025 exuberanti
985 960 1121 1024 laetitia
1141 961 1263 1024 urbem
1279 961 1393 1037 illam,
1412 963 1474 1026 sed
1494 963 1595 1027 scho-

366 1072 511 1136 lasticos
526 1069 758 1152 potissimum,
776 1069 933 1132 adventu
947 1085 1024 1142 suo,
1039 1068 1098 1148 qui
1113 1067 1226 1132 Roma
1241 1069 1340 1133 missi
1355 1080 1469 1147 erant,
1483 1072 1595 1151 reple·

365 1189 505 1245 verunt.
519 1178 631 1243 Erant
645 1178 737 1241 inter
752 1193 814 1239 eos
827 1176 983 1256 quinque
997 1176 1214 1254 sacerdotes
1228 1187 1262 1239 et
1273 1178 1420 1241 liberius
1431 1186 1596 1258 poterant

368 1296 470 1351 extra
491 1286 703 1365 Bigliomum
723 1302 843 1348 semen
864 1284 966 1346 verbi
986 1281 1054 1346 Dei
1082 1300 1269 1363 spargere,
1297 1294 1333 1347 et
1356 1285 1406 1348 ita
1431 1302 1598 1365 egressus

367 1395 406 1460 P.
422 1394 664 1475 Hieronymus
678 1392 823 1455 Bassius
838 1394 948 1456 semel
967 1400 1074 1471 atque
1092 1390 1238 1469 iterum,
1259 1392 1296 1455 in
1317 1392 1446 1473 oppido
1468 1394 1600 1457 celebri

367 1502 498 1567 Montis
512 1500 662 1564 Ferrani
679 1497 686 1530 ¹
702 1498 943 1577 concionatus,
962 1499 1011 1561 ita
1026 1500 1165 1563 civibus
1179 1499 1323 1579 placuit,
1337 1509 1375 1562 ut
1385 1501 1422 1562 in
1437 1499 1596 1580 Quadra·

366 1611 542 1691 gesimam
556 1608 756 1688 proximam
771 1606 876 1669 fuerit
890 1606 936 1668 ab
951 1606 1139 1687 oppidanis
1153 1607 1365 1687 postulatus.

428 1716 519 1780 2134.
563 1714 659 1778 Idem
675 1714 794 1791 etiam,
812 1730 891 1777 cum
903 1713 1050 1794 Jubilaei
1068 1714 1185 1793 gratia
1201 1715 1427 1795 promulgata
1441 1714 1521 1793 suit,
1538 1732 1597 1777 an·

367 1826 481 1889 tidoto
497 1820 730 1887 consessionis
744 1822 936 1885 multorum
951 1821 1084 1883 morbis
1098 1822 1206 1885 etiam
1222 1820 1450 1885 Claromonte
1464 1822 1600 1887 mederi

367 1932 516 1996 studuit·
810 1988 811 1993 ,

429 2038 521 2101 2135.
565 2036 623 2100 Sic
638 2037 745 2099 etiam
767 2035 804 2099 P.
822 2034 1010 2115 Robertus,
1028 2036 1112 2099 dum
1123 2036 1240 2100 studia
1254 2037 1482 2116 inchoantur,
1499 2055 1599 2118 prae·

368 2157 424 2211 ter
453 2146 740 2208 claramontanos
769 2161 811 2206 ac
840 2142 1066 2223 bigliomeos,
1103 2144 1378 2225 Aquaesparsae
1405 2154 1442 2208 et
1469 2143 1601 2209 Montis

372 2254 499 2317 Morini
524 2252 660 2315 incolas
684 2249 794 2313 verbo
819 2248 887 2314 Dei
912 2249 1047 2329 refecit,
1073 2262 1108 2313 et
1133 2250 1375 2314 confessiones
1396 2252 1504 2316 etiam
1524 2253 1601 2333 ipse

369 2362 516 2437 multas,
534 2369 568 2421 et
583 2356 724 2438 quidem
738 2359 943 2435 generales,
960 2357 1142 2435 audiebat;
1160 2359 1324 2438 quamvis
1346 2359 1454 2439 aliqui
1476 2360 1601 2423 adver·

368 2468 471 2546 sarii,
489 2466 583 2547 quod
598 2464 723 2528 attinet
738 2465 784 2528 ad
799 2465 1048 2528 auctoritatem
1067 2465 1382 2529 ministrandorum
1400 2483 1600 2531 sacramen·

370 2588 486 2639 torum
501 2571 738 2654 poenitentiae
750 2580 785 2634 et
799 2571 1058 2651 Eucharistiae,
1072 2570 1243 2636 Societati
1255 2591 1277 2635 a
1288 2571 1379 2636 Sede
1389 2572 1600 2653 Apostolica

366 2699 593 2760 concessam,
615 2680 882 2760 obstrepebant3
903 2696 970 2743 nec
989 2681 1083 2743 enim
1102 2681 1276 2744 avaritiae
1296 2691 1358 2744 aut
1379 2682 1487 2746 etiam
1509 2682 1601 2746 invi-

368 2792 450 2855 diae
477 2789 608 2853 stimuli
636 2787 682 2851 ad
710 2785 766 2868 [id
793 2785 1047 2868 ministerium]
1076 2786 1088 2817 ²
1116 2788 1355 2852 exercendum
1387 2790 1600 2868 quibusdam

369 2897 535 2975 deerant3
559 2905 594 2959 et
617 2895 696 2958 ideo
719 2894 923 2986 diplomatis
943 2893 1112 2974 pontificii
1133 2896 1333 2975 exemplum
1354 2896 1601 2977 subsignatum

371 3005 484 3069 Roma
499 3003 590 3067 mitti
604 3000 808 3082 postulavit;
825 3003 1002 3081 quamvis,
1019 3002 1231 3065 adveniente
1245 3014 1371 3082 postea
1387 3003 1424 3066 P.
1438 3003 1601 3084 Baptista

372 3112 542 3188 Violaeo,
571 3109 676 3172 facile
704 3108 769 3171 fuit
795 3109 1020 3188 exigentibus
1046 3110 1288 3173 testimonium
1317 3109 1519 3190 hujusmodi
1548 3128 1602 3174 sa-

370 3217 549 3282 tisfacere.

429 3323 520 3388 2136.
565 3321 910 3386 Precibus‘officiarii
929 3324 1226 3387 claramontensis
1248 3325 1452 3405 praedictus
1466 3325 1505 3390 P.
1521 3325 1602 3389 Hie·

370 3447 542 3512 ronymus
557 3429 755 3495 orationem
769 3431 917 3494 latinam
931 3430 968 3492 in
983 3431 1121 3511 synodo
1141 3433 1367 3497 sacerdotum
1388 3435 1603 3498 luculentam

371 3539 505 3602 habuit.
540 3537 705 3617 Bigliomi
738 3545 856 3600 autem
890 3535 928 3600 P.
966 3535 1159 3616 Robertus,
1193 3548 1383 3621 postquam
1418 3541 1602 3620 epistolam

371 3646 410 3710 B.
436 3644 537 3709 Pauli
558 3643 603 3707 ad
623 3643 805 3708 Romanos
826 3644 1044 3722 absolverat,
1065 3645 1222 3724 priorem
1241 3646 1281 3709 B.
1303 3647 1398 3711 Petri
1415 3647 1602 3728 epistolam

368 3753 581 3817 canonicam
595 3762 675 3832 post
689 3750 828 3815 Pascha
844 3751 1049 3832 auspicatus
1064 3761 1133 3830 est,
1150 3761 1185 3815 et
1204 3753 1254 3816 ita
1274 3754 1512 3834 theologicam
1526 3754 1601 3817 fun·

370 3860 525 3924 ctionem
545 3871 627 3922 ante
641 3857 678 3921 P.
702 3859 883 3938 Baptistae
903 3867 939 3922 et
963 3859 1141 3923 sociorum
1162 3860 1355 3925 adventum
1379 3869 1602 3936 exercuerat;

369 3967 535 4049 quamvis
560 3984 631 4030 non
655 3966 839 4030 omittebat
864 3983 1038 4031 excursus
1061 3968 1099 4030 in
1124 3970 1227 4031 varia
1251 3970 1343 4046 loca,
1375 3968 1604 4050 praedicandi

369 4076 499 4155 gratia,
516 4092 582 4138 nec
597 4086 904 4138 sacramentorum
919 4074 1128 4138 ministeria.
1149 4075 1272 4155 ltaque
1293 4076 1524 4140 advenientes
1543 4076 1606 4139 alii

370 4183 609 4246 introductam
629 4191 934 4244 sacramentorum
953 4179 1187 4262 frequentiam
1209 4182 1285 4263 ejus
1310 4201 1419 4265 opera
1441 4182 1606 4263 Bigliomi

368 4291 599 4368 invenerunt;
615 4306 707 4369 quae
722 4305 781 4351 res
795 4304 943 4368 prorsus
957 4298 1035 4352 erat
1050 4290 1169 4354 illisio
1184 4291 1272 4354 locis
1283 4300 1367 4355 ante
1381 4293 1450 4355 hoc
1465 4299 1608 4372 tempus

371 4395 548 4474 inaudita,
563 4412 654 4475 quae
670 4403 789 4458 tamen
805 4394 922 4474 magis
937 4411 980 4459 ac
994 4397 1111 4476 magis
1126 4399 1163 4460 in
1178 4398 1254 4461 dies
1269 4400 1531 4465 crebrescebat.

413 4570 421 4599 ¹
449 4565 635 4610 Montierrand.
647 4565 768 4609 Litterae
778 4563 1009 4621 Quadrimestres,
1024 4575 1043 4612 r.
1053 4578 1089 4622 ιν,
1100 4568 1217 4622 panau).

414 4637 425 4668 ¹
453 4637 499 4684 Ma.
510 4649 580 4682 eum.
