3642 5350
744 392 902 455 hainao
947 392 987 434 τ
1386 376 1442 455 roo

209 558 300 625 quae
307 528 500 608 vernacula
508 550 585 607 erat
592 541 660 606 illis
667 541 703 605 in
712 542 810 623 locis,
821 541 884 607 sed
894 542 1046 607 aliarum
1056 544 1164 608 etiam
1175 542 1359 610 nationum
1372 540 1382 576 ⁸
1394 542 1441 608 ad

210 666 366 715 canones
379 649 552 731 quosdam
566 658 600 713 et
615 648 819 715 methodum
833 648 958 731 paucis
969 649 1148 715 mensibus
1159 667 1197 714 se
1208 666 1270 714 eas
1280 650 1440 715 reductu·

212 775 291 824 rum
309 754 500 840 [sperabat]
516 756 593 821 sive
605 755 814 841 japonensis
827 756 905 821 sive
920 757 1110 839 chinensis,
1127 758 1204 822 sive
1218 756 1440 839 Aethiopiae,

214 867 272 931 vel
286 865 435 947 quaevis
449 865 519 929 alia
534 882 576 929 ea
590 874 700 945 esset;
717 880 806 946 quas
820 853 945 929 tamen
953 865 1096 945 linguas
1110 865 1187 946 ipse
1201 845 1272 930 non
1286 866 1440 945 tenebat,

213 974 276 1039 sed
286 972 409 1038 iniisse
420 972 594 1037 rationem
606 970 793 1038 videbatur
806 970 1077 1053 conjugationes
1088 990 1131 1038 ac
1144 970 1400 1038 declinationes
1408 981 1442 1037 et

213 1080 513 1147 constructionem
528 1096 571 1145 ac
585 1080 766 1162 syntaxim
780 1096 903 1145 earum
918 1080 1141 1162 aliquatenus
1155 1081 1201 1146 ad
1213 1090 1327 1146 artem
1341 1079 1442 1146 redu·

212 1187 326 1268 cendi,
345 1187 556 1270 quibusdam
570 1188 723 1269 auxiliis,
745 1197 887 1270 praeter
906 1187 974 1252 Dei
992 1188 1158 1268 gratiam,
1182 1188 1336 1254 innixus.
1353 1186 1443 1254 Etsi

213 1296 469 1379 occupationes
484 1295 614 1361 nimiae
628 1295 663 1360 id
678 1295 932 1378 permisissent,
949 1296 1018 1361 alia
1034 1298 1143 1361 multa
1155 1297 1191 1361 in
1201 1296 1323 1377 lingua
1335 1292 1444 1361 mala&

93 1436 96 1443 =
212 1405 302 1485 bari,
317 1421 425 1486 quam
439 1402 660 1468 familiariter
675 1404 828 1482 tenebat,
842 1404 887 1468 ad
902 1403 1179 1469 christianorum
1194 1402 1394 1469 doctrinam
1408 1390 1449 1469 etw

213 1529 374 1577 errorum
398 1511 652 1593 gentilicorum
673 1510 954 1575 confutationem
974 1512 1134 1576 scrihere
1155 1510 1330 1593 cupiebat
1342 1522 1385 1577 et
1399 1510 1450 1577 ex'
1493 1535 1498 1544 ·

215 1630 315 1703 parte
328 1618 403 1702 jam
417 1619 452 1682 id
465 1618 616 1684 fecerat:
631 1617 726 1700 quod
737 1628 925 1700 postquam
937 1619 1123 1701 praestitit,
1137 1621 1263 1685 melius
1273 1619 1444 1703 neophyti

215 1727 295 1792 fidei
310 1728 480 1807 dogmata
494 1725 677 1807 percipere
691 1734 895 1806 coeperunt;
914 1734 949 1790 et
963 1727 1031 1793 hac
1046 1725 1170 1792 eadem
1185 1726 1323 1792 ratione
1337 1744 1443 1809 penu·

216 1836 305 1901 riam
318 1832 605 1915 praedicatorum
620 1831 738 1914 aliqua
757 1850 803 1897 ex
821 1842 923 1914 parte
942 1834 1107 1915 supplere
1125 1843 1281 1917 poterat;
1304 1834 1388 1899 dum
1409 1834 1446 1899 in

215 1944 365 2024 singulis
380 1942 519 2024 populis
533 1940 720 2005 dominicis
735 1957 778 2005 ac
792 1938 893 2005 festis
907 1940 1032 2006 diebus
1047 1941 1309 2008 declarationes
1327 1940 1446 2023 hujus·

217 2050 312 2116 modi
326 2050 535 2131 dogmatum
554 2047 637 2114 fidei
655 2048 811 2129 scriptae
829 2049 1052 2135 legebantnr;
1074 2050 1214 2132 quodsi
1233 2067 1321 2115 cura
1339 2048 1446 2132 Supe-

217 2158 323 2223 rioris
336 2156 461 2223 fuisset
474 2156 691 2235 sublevatus
707 2157 818 2221 multo
833 2156 940 2221 etiam
954 2156 1094 2221 facilius
1109 2175 1148 2222 se
1162 2157 1292 2223 talibus
1305 2156 1448 2241 'scriptis

218 2282 365 2347 operam
379 2264 545 2330 daturum
559 2280 630 2328 non
644 2280 771 2346 parum
786 2262 936 2327 dicebat.

276 2370 368 2437 3427.
411 2370 663 2452 Baptizaverat
674 2387 769 2433 anno
781 2369 1008 2451 praecedenti
1020 2370 1276 2454 quinquaginta
1286 2372 1448 2440 homines

218 2479 376 2562 ejusdem
390 2478 625 2560 cognationis,
641 2478 746 2542 simul
760 2494 842 2541 cnm
857 2493 899 2541 eo
911 2478 973 2559 qni
986 2487 1094 2559 caput
1105 2479 1257 2544 aliorum
1267 2491 1356 2546 erat.
1369 2480 1448 2546 iloc

219 2604 313 2653 anno
327 2586 475 2653 totidem
488 2585 684 2667 baptizavit
698 2582 861 2664 ejusdem¹
874 2585 1034 2664 generis,
1055 2586 1150 2667 quod
1170 2589 1319 2653 multum
1339 2588 1448 2654 refert

220 2707 257 2762 ut
271 2697 308 2760 in
322 2703 487 2776 suscepta
502 2693 674 2775 religione
688 2691 850 2756 homines
864 2704 1106 2773 perseverent,
1122 2712 1204 2760 cum
1218 2697 1310 2761 enim
1325 2715 1371 2761 ex
1385 2697 1447 2762 dif-
1474 2694 1476 2698 ’

219 2802 413 2870 ferentibus
432 2798 704 2882 cognationibus
723 2799 833 2881 aliqui
852 2800 899 2864 ad
919 2800 1128 2880 religionem
1150 2802 1281 2868 Christi
1299 2804 1450 2869 adduce·

219 2912 367 2992 bantur,
384 2927 455 2984 non
470 2910 520 2974 ita
535 2907 742 2973 conservari
757 2914 939 2988 poterant,
957 2918 994 2971 ut
1010 2908 1060 2972 illi
1079 2909 1140 2989 qui
1161 2920 1269 2992 caput
1283 2910 1448 2993 quodam·

223 3019 330 3084 modo
344 3017 437 3082 inter
450 3034 490 3081 se
504 3015 694 3081 habebant.

278 3125 370 3192 3428.
413 3125 535 3192 Grave
553 3125 801 3190 detrimentum
815 3123 915 3206 passi
932 3133 1015 3189 sunt
1034 3125 1155 3208 populi
1175 3126 1453 3196 christianorum

220 3238 257 3301 in
276 3235 344 3301 hoc
369 3243 486 3299 tractu
509 3229 722 3297 Pescharlae
745 3243 890 3313 propter
911 3231 1083 3315 quosdam
1105 3233 1214 3300 duces
1235 3253 1299 3300 seu
1317 3236 1453 3318 praefe-

221 3351 310 3422 ctos,
325 3341 398 3423 qui,
415 3340 498 3406 dum
513 3339 621 3405 lucris
635 3339 710 3403 suis
725 3339 922 3419 vacabant,
935 3339 1094 3421 justitiae
1109 3341 1453 3412 administrationem

222 3450 461 3532 negligebant;
477 3457 513 3514 et
526 3449 590 3528 eis,
607 3445 666 3529 qui
681 3463 830 3512 munera
845 3446 1052 3531 offerebant,
1065 3467 1168 3514 suum
1179 3449 1341 3517 favorem
1354 3470 1452 3535 prae·

223 3559 377 3624 stabant.
400 3558 444 3622 Et
466 3574 547 3622 curn
571 3555 716 3639 quidam
736 3573 822 3638 prae
843 3558 994 3622 caeteris
1011 3559 1237 3639 tyrannidem
1256 3571 1454 3642 exerceret,

224 3667 367 3748 scripsit
381 3665 419 3730 P.
436 3664 612 3730 Henricus
626 3665 768 3743 nostris,
782 3665 842 3747 qui
855 3665 955 3730 Goae
967 3667 1213 3748 versabantur,
1227 3671 1405 3751 quomodo
1415 3687 1455 3734 se

223 3791 282 3839 res
296 3774 455 3838 haberet.
471 3771 524 3837 llli
538 3782 657 3836 autem
671 3789 694 3835 a
710 3769 877 3852 Pro-rege
892 3770 984 3836 mitti
999 3772 1188 3853 quemdam
1207 3776 1254 3841 ad
1273 3794 1353 3842 eam
1376 3795 1467 3861 pror

224 3882 380 3947 vinciam
401 3881 651 3961 impetrarunt,
674 3877 734 3960 qui
754 3877 797 3942 de
816 3876 1018 3959 hujusmodi
1036 3878 1209 3961 injustitia
1229 3891 1264 3946 et
1284 3885 1387 3949 malis
1406 3887 1456 3950 in·

223 3979 389 4074 quireret;
407 3997 441 4052 et
456 3996 614 4052 remotus
628 3996 682 4050 est
697 4002 843 4067 praeses
857 3985 926 4064 ille,
943 3994 977 4049 et
993 3987 1084 4051 alius
1098 3989 1155 4053 vir
1169 3989 1297 4066 bonus,
1314 3994 1457 4057 nomine

222 4095 432 4163 Emmanuel
452 4093 654 4174 Rodriguez
674 4091 874 4172 Quotignus
896 4088 1039 4174 [missus
1058 4091 1140 4177 est],
1162 4097 1222 4177 qui
1244 4106 1363 4164 tamen
1386 4117 1458 4164 non

224 4204 284 4272 diu
299 4221 443 4272 manere
458 4205 495 4270 in
510 4221 551 4268 ea
566 4201 751 4284 provincia
766 4202 926 4282 volebat;
941 4213 975 4267 et
991 4200 1151 4285 [causam
1167 4205 1312 4287 quidem
1327 4195 1459 4290 signifi·

228 4311 337 4396 cavit]
353 4329 434 4378 cum
449 4309 530 4377 inde
544 4309 727 4375 recederet
740 4309 786 4374 ad
801 4309 984 4373 civitatem
1004 4308 1063 4374 Sal
1079 4309 1250 4393 Thomae3
1267 4316 1401 4379 namin
1417 4334 1460 4382 ea

227 4423 376 4503 regione
394 4417 578 4486 Comarini
593 4435 613 4479 a
629 4415 838 4498 quibusdam
859 4426 1042 4481 turcarum
1064 4418 1231 4499 navigiis,
1256 4439 1347 4503 quos
1368 4422 1462 4504 adju·

275 4664 285 4699 ί
313 4661 360 4708 lis.
371 4663 527 4716 linguarum
