3642 5350
363 469 419 530 586
455 537 458 542 ,
825 472 954 532 Canon.
974 470 1051 531 Soc.
1071 469 1142 544 Jns.
1198 424 1202 429 .

365 614 457 679 alter
474 617 687 696 cognomine
702 616 855 697 Cuevas,
869 617 958 680 alter
969 616 1209 696 Hieronymus
1220 615 1264 678 de
1275 613 1413 693 Castro,
1427 614 1509 678 huic
1520 633 1604 680 con-

366 722 570 788 tradictioni
585 741 664 788 sese
680 741 859 805 opponere
874 733 909 787 et
924 722 1118 787 remedium
1134 721 1302 786 adhibere
1316 731 1523 803 coeperunt;
1537 724 1600 788 sed

364 829 556 894 multorum
570 831 829 909 benevolentia,
846 838 881 894 et
896 829 1107 911 praesertim
1122 829 1291 892 nobilium
1307 838 1551 893 matronarum
1562 841 1597 894 et

368 935 529 1001 virorum
544 938 663 1017 etiam,
680 939 755 1019 qui,
771 938 903 1003 fastum
919 939 1051 1002 saeculi
1065 939 1261 1013 calcantes
1278 934 1355 1002 Deo
1370 954 1408 1000 se
1430 945 1524 1000 totos
1538 938 1595 1000 ob·

364 1042 530 1121 tulerant,
556 1045 710 1109 studium
736 1055 771 1108 et
795 1063 896 1109 amor
923 1061 1009 1124 erga
1035 1054 1178 1108 nostros
1200 1043 1305 1108 facile
1322 1043 1415 1106 illius
1437 1043 1596 1122 religiosi

364 1149 683 1215 contradictionem
703 1161 739 1216 et
759 1153 922 1232 aliorum,
948 1153 979 1215 si
1000 1152 1061 1232 qui
1079 1153 1169 1214 tales
1189 1159 1308 1229 erant,
1329 1151 1596 1231 compensabat.

363 1255 418 1319 Ex
441 1258 541 1338 plebe
564 1261 668 1324 etiam
692 1261 791 1324 multi
810 1277 1035 1341 summopere
1055 1259 1173 1322 affecti
1193 1268 1312 1334 erant,
1333 1275 1415 1322 cum
1439 1275 1485 1322 ne
1508 1259 1597 1339 ipsis

363 1362 505 1442 quidem
520 1365 580 1430 diu
595 1376 773 1448 noctuque
794 1385 940 1448 operam
961 1374 1164 1430 nostrorum
1182 1365 1368 1446 denegari,
1384 1365 1597 1445 praesertim

364 1470 562 1537 assistendo
585 1474 817 1538 morientibus
832 1485 866 1538 et
883 1473 1164 1554 aegrotantibus
1179 1472 1358 1552 viderent;
1374 1482 1410 1535 et
1425 1481 1499 1536 tam
1512 1473 1592 1536 ube-

362 1593 439 1640 rem
454 1595 606 1644 messem
621 1583 752 1645 nostris
767 1582 984 1647 exhibebant
1003 1582 1062 1662 pia
1082 1579 1239 1643 civitatis
1260 1577 1452 1657 desideria,
1468 1593 1507 1642 ut
1523 1581 1596 1660 plu·

362 1701 422 1746 res
437 1687 590 1766 operarii
605 1688 731 1752 merito
746 1688 792 1751 ad
806 1707 885 1753 eam
901 1687 1137 1768 colligendam
1158 1696 1376 1768 optarentur.
1398 1685 1468 1750 Sed
1488 1686 1529 1766 ii,
1546 1703 1598 1749 re·

363 1791 509 1856 cedente
524 1791 562 1856 P.
580 1777 761 1874 Victoria,
778 1794 953 1859 imminuti
974 1804 1055 1858 sunt
1072 1793 1080 1825 ¹
1090 1810 1099 1874 ;
1115 1803 1149 1857 et
1164 1793 1351 1857 duodecim
1369 1809 1518 1856 numero
1533 1793 1594 1856 ibi·

362 1897 443 1960 dem
462 1911 684 1976 manserunt,
705 1919 751 1965 ex
775 1903 902 1983 quibus
924 1910 1060 1965 tantum
1082 1911 1234 1982 quatuor
1253 1900 1460 1963 sacerdotes
1478 1908 1592 1965 erant.

422 2005 513 2070 2534.
557 2009 596 2072 ln
611 1994 778 2073 Adventu
794 2009 863 2074 duo
878 2028 924 2074 ex
939 2010 993 2073 his
1008 2009 1043 2072 in
1059 2009 1196 2073 duabus
1211 2007 1413 2088 praecipuis
1427 2006 1524 2070 urbis
1538 2025 1593 2071 ec·

362 2110 481 2176 clesiis
501 2130 582 2178 cum
600 2114 718 2180 fructu
736 2119 882 2180 verbum
903 2116 970 2181 Dei
990 2115 1259 2197 praedicarunt,
1280 2131 1347 2178 nec
1371 2113 1593 2193 praedictam

363 2220 520 2283 carceris
535 2223 744 2287 concionem
759 2224 966 2288 omiserunt.

421 2327 512 2389 2535.
557 2327 822 2395 Concurrebant
839 2333 938 2396 multi
952 2331 1224 2395 consultationis
1239 2330 1357 2409 gratia
1371 2329 1405 2392 in
1418 2329 1485 2407 his,
1501 2345 1594 2408 quae

363 2432 409 2495 ad
423 2436 622 2500 animarum
637 2439 837 2517 proiectum
853 2440 1020 2518 attinent,
1036 2448 1070 2502 et
1085 2457 1157 2502 non
1177 2455 1302 2516 parum
1318 2437 1465 2500 invitae
1481 2447 1591 2501 muta·

360 2539 472 2620 tione,
489 2542 555 2606 Dei
569 2545 687 2624 gratia
703 2555 933 2627 cooperante,
950 2546 1192 2627 proficiebant.
1209 2543 1279 2608 Sed
1295 2545 1387 2608 inter
1409 2544 1498 2606 alios
1518 2560 1590 2607 mu·

358 2646 424 2712 lier
438 2651 623 2733 quaedam,
640 2652 823 2719 daemonis
836 2654 979 2719 fallacia
994 2654 1133 2733 delusa,
1149 2663 1184 2717 et
1198 2654 1310 2717 variis
1329 2651 1589 2732 imaginationi-

359 2756 427 2820 bus
451 2758 638 2839 implicita,
662 2762 769 2842 (quae
789 2762 980 2842 aliquando
1000 2779 1152 2841 magnos
1172 2762 1206 2823 in
1227 2761 1287 2823 via
1311 2760 1486 2840 spirituali
1510 2774 1589 2839 pro·

360 2878 507 2942 gressus
521 2865 648 2931 fecisse
663 2868 883 2948 dicebatur),
900 2868 1062 2933 Rectoris
1078 2887 1186 2949 opera
1202 2868 1249 2930 ad
1265 2868 1445 2930 meliorem
1460 2866 1592 2929 mentis

361 2980 495 3035 statum
510 2975 680 3053 paulatim
695 2976 943 3041 reducebatur.

419 3078 509 3142 2536.
552 3081 632 3163 Jam
647 3083 871 3148 incommoda
888 3084 1076 3147 videbatur
1091 3092 1213 3146 nostra
1229 3081 1380 3144 ecclesia
1400 3081 1456 3143 vel
1479 3081 1587 3142 sacel-

360 3184 443 3263 lum,
460 3195 498 3249 ut
513 3204 584 3251 non
599 3191 713 3253 solu'm
728 3192 833 3271 pauci
849 3192 917 3255 viri
933 3209 974 3255 eo
991 3190 1213 3267 accederent,
1229 3206 1274 3252 ne
1288 3196 1432 3269 propter
1447 3187 1517 3251 loci
1529 3204 1589 3249 an-

357 3293 496 3369 gustias
511 3292 673 3359 foeminis
687 3297 838 3361 immixti
853 3298 1077 3376 viderentur,
1097 3297 1160 3360 sed
1179 3296 1342 3360 foeminis
1360 3294 1468 3357 etiam
1487 3294 1587 3374 ipsis,

358 3414 489 3477 magno
515 3400 644 3465 affectu
669 3404 714 3466 ad
738 3406 938 3485 spiritualia
963 3404 1179 3483 ardentibus,
1204 3404 1390 3468 molestum
1413 3411 1490 3464 erat
1514 3411 1587 3464 tam

276 3572 280 3582 Δ
359 3514 460 3567 arcto
475 3506 510 3569 in
526 3509 604 3572 loco
620 3514 852 3592 commorari,
869 3524 903 3575 et
920 3513 1044 3577 eadem
1059 3513 1102 3576 de
1118 3528 1227 3575 causa
1246 3510 1359 3574 nostri
1374 3508 1502 3572 ibidem
1517 3526 1588 3571 non

359 3612 673 3681 concionabantur.
690 3618 734 3681 Et
755 3635 835 3682 cum
855 3619 985 3683 civitas
1003 3619 1062 3681 illa
1078 3619 1164 3681 satis
1186 3617 1316 3698 alioqui
1341 3617 1386 3679 sit
1408 3615 1514 3679 avida
1542 3614 1588 3678 ad

359 3720 507 3784 verbum
522 3719 590 3785 Dei
605 3724 837 3803 audiendum,
855 3726 934 3788 aliis
950 3726 985 3789 in
1000 3726 1139 3806 templis
1159 3735 1348 3805 utcumque
1373 3724 1425 3787 eis
1449 3722 1589 3786 satisfa-

358 3843 440 3890 cere
456 3830 567 3892 nostri
583 3832 767 3895 curabant.
784 3830 934 3895 Difficile
950 3842 1068 3895 tamen
1080 3844 1156 3895 erat
1166 3832 1285 3895 locum
1299 3831 1406 3894 aliurn
1421 3829 1587 3894 idoneum

359 3933 532 4015 invenire,
549 3937 595 3999 ad
610 3954 713 4017 quern
729 3940 842 4003 nostri
858 3940 1065 4019 migrarent.
1082 3939 1127 4003 Et
1158 3939 1241 4019 quia
1264 3939 1398 4017 nullm,
1427 3937 1488 4017 qui
1505 3936 1586 3999 insi-

358 4041 440 4119 gnis
454 4052 549 4105 esset
563 4062 608 4107 ex
622 4046 767 4123 uostris,
783 4046 914 4125 Burgis
934 4047 1144 4110 versabatur
1157 4060 1164 4121 ;
1180 4055 1215 4109 et
1230 4046 1295 4125 illi,
1316 4046 1377 4126 qui
1397 4053 1587 4125 coeperant

359 4148 464 4212 valde
478 4152 621 4231 placere
637 4162 671 4214 et
687 4153 824 4216 animos
840 4154 1048 4229 conciliare,
1073 4154 1142 4217 alio
1161 4153 1260 4217 missi
1285 4162 1403 4232 erant;
1429 4170 1501 4215 non
1515 4168 1587 4215 ma·

358 4270 517 4335 guopere
542 4258 806 4322 incalescebant
830 4260 1059 4340 burgensium
1085 4260 1194 4323 animi
1218 4259 1264 4323 ad
1288 4260 1433 4323 domum
1455 4274 1590 4321 novam

359 4364 639 4443 comparandam
658 4366 716 4429 vel
737 4364 993 4430 aedificandam
1009 4385 1016 4445 ;
1043 4368 1207 4447 quamvis
1225 4377 1345 4430 tamen
1364 4366 1523 4431 nonnulli
1544 4381 1590 4428 ex

361 4469 574 4548 primoribus
602 4473 736 4535 nullum
771 4489 848 4535 esse
878 4474 1167 4536 concionatorem
1195 4473 1370 4553 insignem
1399 4487 1587 4551 conquere-

399 4706 407 4737 ¹
436 4708 599 4753 imminutus
610 4714 658 4756 est.
