3642 5350
325 423 379 487 226
777 419 905 481 Canon.
928 418 1005 481 Soc.
1034 419 1104 495 Jss.

384 570 456 636 841.
499 570 588 635 Cum
602 577 783 633 corrector
802 566 933 633 scholis
953 568 1089 633 venetis
1108 568 1332 633 necessarius
1359 575 1464 646 esset,
1491 582 1557 633 nec

324 681 496 745 haberent
520 678 633 743 nostri
652 677 744 742 unde
769 675 802 740 ei
824 674 1037 757 stipendium
1059 678 1251 757 solverent,
1274 676 1359 758 piae
1381 674 1557 756 quaedam
1655 662 1657 665 ’

325 797 510 852 matronae
523 785 592 850 hoc
607 802 697 850 onus
715 793 960 865 susceperunt,
976 792 1011 847 et
1026 792 1162 849 tantum
1178 802 1216 849 se
1232 783 1409 865 pecuniae
1428 783 1556 847 contri·

324 896 482 975 buturaS,
499 900 670 975 quantum
684 892 772 957 satis
786 898 891 970 esset,
904 890 1154 971 promiserunt,
1167 889 1281 955 donec
1292 889 1424 970 aliquis
1434 889 1556 971 perpess

324 1012 405 1068 tuos
418 1001 555 1067 reditus
569 1001 615 1066 ad
629 1001 715 1065 illud
733 998 885 1064 officium
904 998 1136 1080 applicasset;
1158 1007 1192 1062 et
1213 999 1263 1063 ita
1289 1006 1474 1063 corrector
1491 997 1557 1062 suit

329 1111 518 1176 adhibitus.

382 1217 474 1283 842..
498 1216 707 1283 Scholastici
723 1224 852 1295 autem,
873 1216 934 1297 qui
953 1216 1017 1279 sub
1036 1215 1121 1279 anni
1140 1214 1277 1279 initium
1298 1214 1344 1279 ad
1360 1215 1556 1295 sexaginta

323 1344 396 1391 non
415 1325 653 1391 ascendebant
678 1324 884 1404 inutraque
908 1323 1034 1400 classe,
1060 1340 1143 1386 nam
1167 1321 1257 1386 duae
1283 1330 1421 1387 tantum
1440 1332 1554 1401 erant,

324 1440 515 1500 creverunt
529 1443 563 1497 et
579 1449 690 1514 usque
705 1431 751 1495 ad
766 1431 951 1511 octoginta
966 1438 1217 1510 pervenerunt;
1234 1439 1268 1494 et
1284 1430 1385 1493 multi
1400 1428 1509 1494 exeis
1523 1437 1558 1495 et

324 1544 361 1606 in
375 1540 503 1606 litteris
516 1549 551 1604 et
566 1540 603 1603 in
616 1538 806 1604 virtutibus
821 1538 966 1617 egregie
982 1536 1228 1617 proficiebant.
1255 1537 1346 1617 Quia
1367 1548 1487 1601 tamen
1501 1537 1557 1602 de·
1585 1534 1587 1539 '

325 1650 415 1714 biles
432 1656 534 1712 erant
554 1644 816 1728 praeceptores,
839 1644 956 1724 aliqua
977 1660 1023 1707 ex
1045 1644 1101 1707 his
1123 1644 1308 1724 matronis,
1335 1660 1427 1725 quae
1448 1643 1496 1724 id,
1520 1652 1557 1709 ut

325 1755 540 1821 credendum
555 1762 620 1833 est,
636 1754 682 1817 ab
697 1753 776 1817 aliis
791 1750 964 1831 audierat,
981 1751 1163 1817 admonuit
1177 1759 1215 1814 ut
1229 1761 1397 1817 curarent
1410 1751 1558 1818 idoneos

327 1872 579 1945 praeceptores
597 1859 759 1924 Venetiis
778 1859 921 1923 habere.
942 1857 1125 1940 Philippus
1145 1857 1369 1923 Castellanus
1389 1857 1398 1891 ¹
1422 1860 1556 1941 primae

327 1971 434 2035 classi
447 1976 624 2051 praeerat,
640 1976 675 2032 et
689 1967 797 2032 alium
812 1966 928 2045 magis
943 1966 979 2029 in
993 1966 1122 2030 litteris
1142 1976 1337 2047 versatum,
1355 1966 1464 2031 etiam
1481 1964 1557 2048 ipse

326 2076 363 2143 P.
381 2077 515 2142 Caesar
527 2074 726 2157 expetebat;
742 2073 864 2137 sedne
878 2073 948 2137 hoc
963 2083 1122 2155 ternpore
1144 2072 1181 2136 id
1195 2072 1307 2152 fieret,
1323 2074 1435 2155 pestis
1449 2075 1555 2139 etiam

328 2184 520 2267 prohibuit,
537 2191 681 2264 propter
703 2198 811 2264 quam
830 2178 896 2245 sub
916 2180 1070 2245 medium
1089 2181 1184 2265 Junii
1204 2181 1349 2246 scholae
1368 2182 1485 2247 claudi
1500 2180 1555 2246 de-

328 2294 491 2372 buerunt;
517 2273 680 2372 ad'quas
704 2288 740 2352 id
764 2288 936 2368 temporis
960 2288 1144 2369 octoginta
1171 2278 1328 2371 quinque
1354 2290 1557 2356 scholastici

329 2399 559 2466 accedebant.

387 2506 460 2572 843.
503 2505 680 2571 Numerus
698 2505 805 2570 etiam
824 2514 1028 2570 nostrorum
1048 2504 1113 2570 fuit
1134 2504 1340 2571 imminutus
1359 2516 1394 2571 et
1411 2505 1459 2572 ad
1473 2524 1555 2589 qua·

327 2625 409 2689 tuor
422 2613 481 2680 vel
495 2614 649 2696 quinque
664 2613 842 2695 redactus,
855 2622 890 2678 et
905 2623 1102 2695 opportune
1117 2614 1151 2678 id
1170 2613 1311 2695 accidit,
1333 2614 1364 2678 si
1378 2624 1557 2696 spectetur

326 2731 519 2807 paupertas
533 2721 677 2786 Domini
693 2719 839 2801 PrioriS,
854 2719 955 2800 cujus
974 2721 1109 2787 reditus
1135 2739 1215 2787 cum
1230 2732 1348 2788 essent
1368 2723 1553 2800 imminuti,

326 2832 417 2896 forte
432 2830 478 2894 ob
492 2827 653 2893 eamdem
673 2828 784 2910 pestis
798 2845 956 2908 causam,
972 2846 1053 2893 cum
1074 2846 1205 2910 magna
1229 2830 1433 2895 difficultate
1448 2831 1556 2895 etiam

327 2937 447 3004 domui
458 2955 543 3026 suae
555 2937 756 3000 necessaria
769 2936 990 3016 providebat.
1004 2935 1048 3000 Et
1061 2937 1151 3017 ideo,
1164 2953 1244 3002 cum
1257 2937 1295 3002 P.
1305 2937 1441 3002 ¹Caesar
1453 2936 1556 3017 juxta

308 3046 513 3110 ‘consilium
527 3045 565 3108 P.
582 3043 711 3123 Ignatii
722 3044 767 3106 ab
788 3062 830 3107 eo
850 3044 1020 3124 petiisset,
1043 3054 1080 3109 ut
1099 3047 1189 3110 certi
1208 3046 1340 3128 aliquid
1356 3047 1555 3127 assignaret

326 3153 372 3218 ad
393 3161 596 3216 nostrorum
616 3150 920 3231 sustentationem,
948 3152 1177 3216 libentissime
1192 3171 1230 3216 se
1252 3153 1287 3217 id
1306 3153 1485 3218 facturum
1504 3171 1555 3218 re·

324 3259 478 3340 spondit,
499 3258 562 3323 sed
582 3268 667 3324 tunc
688 3257 831 3323 minime
855 3275 961 3340 posse
982 3259 1003 3325 ¹.
1026 3260 1171 3324 Etcum
1186 3262 1231 3324 ab
1251 3279 1293 3324 eo
1309 3269 1444 3342 peteret
1463 3262 1557 3326 idem
1664 3280 1668 3288 ·

325 3367 442 3447 Pater,
458 3382 543 3430 num
562 3365 600 3430 P.
621 3364 804 3430 Andream
824 3365 991 3429 Frusium
1005 3367 1062 3430 vel
1082 3367 1189 3432 alium
1210 3368 1360 3433 similem
1385 3367 1556 3434 Venetias

322 3475 415 3541 mitti
439 3475 546 3538 vellet
570 3473 730 3551 (amabat
754 3483 873 3537 autem
894 3489 1112 3555 magnopere
1137 3475 1359 3556 praedictum
1385 3475 1555 3541 Patrem*

322 3582 449 3663 Prior),
465 3580 680 3661 significavit
694 3597 733 3644 se
748 3580 783 3644 id
797 3599 869 3645 non
884 3590 1062 3662 expetere,
1078 3581 1172 3664 quod
1186 3584 1243 3648 ille
1261 3602 1332 3648 non
1345 3593 1465 3664 posset
1487 3583 1556 3650 Vc·

322 3689 427 3754 uetiis
437 3688 488 3752 sic
503 3688 662 3767 tractari,
679 3699 716 3751 ut
731 3687 989 3752 valetudinario
1005 3699 1040 3754 et
1060 3699 1097 3754 ut
1112 3692 1315 3770 aegrotanti
1330 3708 1420 3773 opus
1434 3702 1512 3756 erat
1529 3689 1555 3752 ⁴.

380 3795 452 3861 844.
495 3795 576 3879 Jam
589 3796 634 3858 ab
649 3795 748 3858 initio
761 3793 865 3874 hujus
876 3798 961 3860 anni
973 3798 1009 3861 in
1020 3797 1105 3861 villa
1117 3798 1258 3863 Astiani
1269 3799 1391 3863 utilem
1406 3815 1553 3880 operam

323 3904 490 3985 agricolis
511 3912 686 3967 eteorum
705 3901 785 3966 liliis
807 3901 845 3966 P.
867 3901 1020 3968 Sanctus
1043 3906 1212 3984 navabat,
1233 3905 1292 3986 qui
1313 3921 1446 3986 magna
1474 3922 1555 3972 cum

322 4010 510 4076 devotione
525 4018 750 4074 sacramenta
770 4011 815 4073 ab
835 4026 877 4074 eo
896 4011 1131 4092 excipiebant,-
1149 4023 1183 4076 et
1198 4015 1286 4078 satis
1304 4015 1416 4094 multi,
1440 4015 1471 4078 si
1486 4014 1555 4079 loci

320 4119 473 4201 qualitas
488 4117 743 4196 consideretur;
763 4127 798 4180 et
817 4118 890 4181 fere
915 4119 1040 4200 viginti
1063 4121 1161 4201 pueri
1181 4129 1215 4184 et
1240 4121 1472 4186 christianam
1494 4119 1556 4186 do-

361 4324 372 4357 t
400 4322 425 4366 Is
434 4335 507 4367 suurn
518 4334 609 4367 nomen
619 4324 657 4368 ita
667 4324 700 4367 ad
711 4324 860 4368 litterarum
870 4327 969 4369 calcem
980 4327 1126 4371 subscribit:
1142 4325 1263 4382 Jacobus
1271 4327 1416 4383 mrtltppus
1429 4327 1559 4374 Castalia·

322 4404 382 4438 nats.
394 4393 459 4438 Vide
470 4393 591 4439 Lttterae
601 4394 832 4447 Quadrimestres,
841 4404 860 4439 t.
871 4407 906 4450 tr,
918 4408 977 4451 pag.
988 4397 1085 4443 tii-Et
1096 4400 1192 4442 italice:
1203 4399 1314 4455 Jacomo
1324 4399 1452 4456 Philippo
1464 4400 1556 4446 Caste-

322 4465 405 4510 ilaao.
417 4463 496 4518 laid..
507 4477 569 4520 pag.
579 4467 616 4510 36.

362 4535 374 4570 ¹
402 4536 468 4580 Vide
479 4535 576 4581 Carras
585 4539 618 4582 de
629 4539 684 4583 San
696 4540 814 4595 Ignacto,
825 4547 843 4586 t.
854 4551 890 4595 vt,
902 4553 964 4596 pag.
977 4543 1023 4586 192.

362 4607 374 4642 ³
402 4609 534 4652 Andrcam
545 4608 674 4654 Fruslum.
685 4610 723 4657 ct.
735 4613 814 4664 dicta.
825 4615 980 4667 praesertim
991 4625 1079 4670 supra,
1091 4623 1110 4661 t.
1122 4627 1148 4670 ιι,
1159 4629 1221 4672 pag.
1230 4617 1265 4660 62.
1277 4629 1300 4662 n.
1315 4617 1361 4663 1³8.

363 4680 376 4714 ⁴
403 4680 568 4735 Aegrotabat
578 4681 611 4726 ad
621 4689 731 4728 mortem
742 4683 850 4730 Frusino
860 4685 993 4740 phthislca
1002 4687 1076 4732 febri.
1087 4687 1152 4734 Vide
1162 4699 1250 4745 supra,
1261 4700 1320 4744 paz.
1330 4689 1366 4745 ta,
1378 4699 1402 4735 n.
1414 4689 1462 4735 1³8.
