<?xml version="1.0" encoding="UTF-8"?>
<!DOCTYPE html PUBLIC "-//W3C//DTD XHTML 1.0 Transitional//EN"
    "http://www.w3.org/TR/xhtml1/DTD/xhtml1-transitional.dtd">
<html xmlns="http://www.w3.org/1999/xhtml" xml:lang="en" lang="en">
 <head>
  <title>
</title>
<meta http-equiv="Content-Type" content="text/html;charset=utf-8" />
  <meta name='ocr-system' content='tesseract 3.04.00' />
  <meta name='ocr-capabilities' content='ocr_page ocr_carea ocr_par ocr_line ocrx_word'/>
</head>
<body>
  <div class='ocr_page' id='page_1' title='image "./vitaignatiiloio00polagoog_0395.png"; bbox 0 0 3642 5350; ppageno 0'>
   <div class='ocr_carea' id='block_1_1' title="bbox 758 374 1454 481">
    <p class='ocr_par' dir='ltr' id='par_1_1' title="bbox 758 374 1454 481">
     <span class='ocr_line' id='line_1_1' title="bbox 758 374 1454 481; baseline 0.003 -2"><span class='ocrx_word' id='word_1_1' title='bbox 758 416 823 481; x_wconf 82' lang='lat' dir='ltr'>Au.</span> <span class='ocrx_word' id='word_1_2' title='bbox 844 374 914 481; x_wconf 92' lang='grc'>1556</span> <span class='ocrx_word' id='word_1_3' title='bbox 1397 406 1454 481; x_wconf 75' lang='grc'>355</span> 
     </span>
    </p>
   </div>
   <div class='ocr_carea' id='block_1_2' title="bbox 220 549 1453 1294">
    <p class='ocr_par' dir='ltr' id='par_1_2' title="bbox 220 549 1452 1182">
     <span class='ocr_line' id='line_1_2' title="bbox 220 549 1450 646; baseline -0.001 -16"><span class='ocrx_word' id='word_1_4' title='bbox 220 582 332 646; x_wconf 83' lang='lat' dir='ltr'>gnum</span> <span class='ocrx_word' id='word_1_5' title='bbox 354 564 546 630; x_wconf 89' lang='lat' dir='ltr'>Bohemiae</span> <span class='ocrx_word' id='word_1_6' title='bbox 560 581 688 646; x_wconf 88' lang='lat' dir='ltr'>sparsa</span> <span class='ocrx_word' id='word_1_7' title='bbox 702 564 834 630; x_wconf 86' lang='lat' dir='ltr'>iuerat:</span> <span class='ocrx_word' id='word_1_8' title='bbox 858 576 893 630; x_wconf 93' lang='lat' dir='ltr'>et</span> <span class='ocrx_word' id='word_1_9' title='bbox 908 565 1130 630; x_wconf 88' lang='lat' dir='ltr'>vocabantur</span> <span class='ocrx_word' id='word_1_10' title='bbox 1144 549 1322 629; x_wconf 79' lang='lat' dir='ltr'>interdum</span> <span class='ocrx_word' id='word_1_11' title='bbox 1337 567 1450 630; x_wconf 87' lang='lat' dir='ltr'>nostri</span> 
     </span>
     <span class='ocr_line' id='line_1_3' title="bbox 221 667 1450 754; baseline 0.001 -17"><span class='ocrx_word' id='word_1_12' title='bbox 221 674 267 737; x_wconf 88' lang='lat' dir='ltr'>ad</span> <span class='ocrx_word' id='word_1_13' title='bbox 281 683 468 754; x_wconf 77' lang='lat' dir='ltr'>magnates</span> <span class='ocrx_word' id='word_1_14' title='bbox 483 672 531 737; x_wconf 89' lang='lat' dir='ltr'>ad</span> <span class='ocrx_word' id='word_1_15' title='bbox 550 673 672 736; x_wconf 86' lang='lat' dir='ltr'>varias</span> <span class='ocrx_word' id='word_1_16' title='bbox 694 690 818 738; x_wconf 90' lang='lat' dir='ltr'>eorum</span> <span class='ocrx_word' id='word_1_17' title='bbox 837 672 1062 737; x_wconf 88' lang='lat' dir='ltr'>difficultates</span> <span class='ocrx_word' id='word_1_18' title='bbox 1081 667 1300 752; x_wconf 84' lang='lat' dir='ltr'>responsuri,</span> <span class='ocrx_word' id='word_1_19' title='bbox 1323 674 1450 754; x_wconf 92' lang='lat' dir='ltr'>quibus</span> 
     </span>
     <span class='ocr_line' id='line_1_4' title="bbox 223 776 1452 859; baseline 0 -15"><span class='ocrx_word' id='word_1_20' title='bbox 223 798 294 845; x_wconf 91' lang='lat' dir='ltr'>non</span> <span class='ocrx_word' id='word_1_21' title='bbox 309 781 473 845; x_wconf 89' lang='lat' dir='ltr'>doctores</span> <span class='ocrx_word' id='word_1_22' title='bbox 488 788 638 859; x_wconf 91' lang='lat' dir='ltr'>tantum,</span> <span class='ocrx_word' id='word_1_23' title='bbox 654 780 766 845; x_wconf 92' lang='lat' dir='ltr'>sedet</span> <span class='ocrx_word' id='word_1_24' title='bbox 781 780 841 844; x_wconf 91' lang='lat' dir='ltr'>alii</span> <span class='ocrx_word' id='word_1_25' title='bbox 860 779 964 844; x_wconf 82' lang='lat' dir='ltr'>facile</span> <span class='ocrx_word' id='word_1_26' title='bbox 984 776 1268 859; x_wconf 80' lang='lat' dir='ltr'>satisfaciebant;</span> <span class='ocrx_word' id='word_1_27' title='bbox 1285 781 1347 846; x_wconf 89' lang='lat' dir='ltr'>sed</span> <span class='ocrx_word' id='word_1_28' title='bbox 1369 780 1452 846; x_wconf 91' lang='lat' dir='ltr'>Pro·</span> 
     </span>
     <span class='ocr_line' id='line_1_5' title="bbox 223 886 1449 967; baseline 0.002 -17"><span class='ocrx_word' id='word_1_29' title='bbox 223 886 387 951; x_wconf 88' lang='lat' dir='ltr'>vincialis</span> <span class='ocrx_word' id='word_1_30' title='bbox 412 886 547 952; x_wconf 89' lang='lat' dir='ltr'>Canisii</span> <span class='ocrx_word' id='word_1_31' title='bbox 565 904 694 951; x_wconf 91' lang='lat' dir='ltr'>nomen</span> <span class='ocrx_word' id='word_1_32' title='bbox 711 896 784 951; x_wconf 92' lang='lat' dir='ltr'>tam</span> <span class='ocrx_word' id='word_1_33' title='bbox 803 896 882 951; x_wconf 90' lang='lat' dir='ltr'>erat</span> <span class='ocrx_word' id='word_1_34' title='bbox 901 889 1038 951; x_wconf 90' lang='lat' dir='ltr'>clarum</span> <span class='ocrx_word' id='word_1_35' title='bbox 1057 888 1093 950; x_wconf 94' lang='lat' dir='ltr'>in</span> <span class='ocrx_word' id='word_1_36' title='bbox 1112 888 1449 967; x_wconf 86' lang='lat' dir='ltr'>septentrionalibus</span> 
     </span>
     <span class='ocr_line' id='line_1_6' title="bbox 223 992 1452 1075; baseline 0.001 -17"><span class='ocrx_word' id='word_1_37' title='bbox 223 994 292 1058; x_wconf 93' lang='lat' dir='ltr'>illis</span> <span class='ocrx_word' id='word_1_38' title='bbox 309 995 409 1075; x_wconf 79' lang='lat' dir='ltr'>lociS,</span> <span class='ocrx_word' id='word_1_39' title='bbox 425 1012 491 1059; x_wconf 93' lang='lat' dir='ltr'>nec</span> <span class='ocrx_word' id='word_1_40' title='bbox 506 995 620 1059; x_wconf 91' lang='lat' dir='ltr'>solum</span> <span class='ocrx_word' id='word_1_41' title='bbox 634 1010 716 1057; x_wconf 90' lang='lat' dir='ltr'>eum</span> <span class='ocrx_word' id='word_1_42' title='bbox 735 993 1016 1074; x_wconf 85' lang='lat' dir='ltr'>venerabantur,</span> <span class='ocrx_word' id='word_1_43' title='bbox 1039 992 1101 1057; x_wconf 93' lang='lat' dir='ltr'>sed</span> <span class='ocrx_word' id='word_1_44' title='bbox 1120 992 1227 1074; x_wconf 84' lang='lat' dir='ltr'>aliqui</span> <span class='ocrx_word' id='word_1_45' title='bbox 1248 995 1452 1074; x_wconf 82' lang='lat' dir='ltr'>gaudebant</span> 
     </span>
     <span class='ocr_line' id='line_1_7' title="bbox 223 1100 775 1182; baseline 0.002 -18"><span class='ocrx_word' id='word_1_46' title='bbox 223 1118 261 1164; x_wconf 90' lang='lat' dir='ltr'>se</span> <span class='ocrx_word' id='word_1_47' title='bbox 276 1101 358 1165; x_wconf 90' lang='lat' dir='ltr'>talis</span> <span class='ocrx_word' id='word_1_48' title='bbox 371 1101 441 1165; x_wconf 89' lang='lat' dir='ltr'>viri</span> <span class='ocrx_word' id='word_1_49' title='bbox 455 1110 615 1182; x_wconf 89' lang='lat' dir='ltr'>ternpore</span> <span class='ocrx_word' id='word_1_50' title='bbox 628 1100 775 1165; x_wconf 87' lang='lat' dir='ltr'>vixisse.</span> 
     </span>
    </p>

    <p class='ocr_par' dir='ltr' id='par_1_3' title="bbox 285 1206 1453 1294">
     <span class='ocr_line' id='line_1_8' title="bbox 285 1206 1453 1294; baseline 0.007 -24"><span class='ocrx_word' id='word_1_51' title='bbox 285 1206 372 1273; x_wconf 87' lang='lat'>1620.</span> <span class='ocrx_word' id='word_1_52' title='bbox 416 1207 542 1291; x_wconf 89' lang='lat' dir='ltr'>Judaei</span> <span class='ocrx_word' id='word_1_53' title='bbox 567 1208 674 1273; x_wconf 90' lang='lat' dir='ltr'>etiam</span> <span class='ocrx_word' id='word_1_54' title='bbox 700 1218 734 1272; x_wconf 90' lang='lat' dir='ltr'>et</span> <span class='ocrx_word' id='word_1_55' title='bbox 759 1208 898 1273; x_wconf 91' lang='lat' dir='ltr'>husitae</span> <span class='ocrx_word' id='word_1_56' title='bbox 925 1226 1006 1273; x_wconf 91' lang='lat' dir='ltr'>eum</span> <span class='ocrx_word' id='word_1_57' title='bbox 1031 1211 1215 1291; x_wconf 90' lang='lat' dir='ltr'>amabant,</span> <span class='ocrx_word' id='word_1_58' title='bbox 1238 1230 1453 1294; x_wconf 90' lang='lat' dir='ltr'>quamquam</span> 
     </span>
    </p>
   </div>
   <div class='ocr_carea' id='block_1_3' title="bbox 222 1314 1453 1936">
    <p class='ocr_par' dir='ltr' id='par_1_4' title="bbox 222 1314 1452 1595">
     <span class='ocr_line' id='line_1_9' title="bbox 222 1314 1452 1401; baseline 0.005 -22"><span class='ocrx_word' id='word_1_59' title='bbox 222 1317 396 1380; x_wconf 89' lang='lat' dir='ltr'>malorum</span> <span class='ocrx_word' id='word_1_60' title='bbox 411 1314 565 1381; x_wconf 89' lang='lat' dir='ltr'>artifices</span> <span class='ocrx_word' id='word_1_61' title='bbox 583 1326 657 1380; x_wconf 90' lang='lat' dir='ltr'>tarn</span> <span class='ocrx_word' id='word_1_62' title='bbox 675 1317 786 1380; x_wconf 90' lang='lat' dir='ltr'>multa</span> <span class='ocrx_word' id='word_1_63' title='bbox 805 1316 917 1398; x_wconf 90' lang='lat' dir='ltr'>ipsius</span> <span class='ocrx_word' id='word_1_64' title='bbox 937 1318 1086 1382; x_wconf 90' lang='lat' dir='ltr'>consilio</span> <span class='ocrx_word' id='word_1_65' title='bbox 1106 1318 1142 1382; x_wconf 94' lang='lat' dir='ltr'>in</span> <span class='ocrx_word' id='word_1_66' title='bbox 1163 1318 1232 1383; x_wconf 92' lang='lat' dir='ltr'>illis</span> <span class='ocrx_word' id='word_1_67' title='bbox 1254 1320 1452 1401; x_wconf 92' lang='lat' dir='ltr'>provinciis</span> 
     </span>
     <span class='ocr_line' id='line_1_10' title="bbox 222 1420 1452 1504; baseline 0.006 -18"><span class='ocrx_word' id='word_1_68' title='bbox 222 1420 298 1487; x_wconf 85' lang='lat' dir='ltr'>fieri</span> <span class='ocrx_word' id='word_1_69' title='bbox 318 1420 327 1455; x_wconf 88' lang='lat'><strong>¹</strong></span> <span class='ocrx_word' id='word_1_70' title='bbox 347 1424 523 1503; x_wconf 87' lang='lat' dir='ltr'>dolebant,</span> <span class='ocrx_word' id='word_1_71' title='bbox 545 1433 579 1487; x_wconf 90' lang='lat' dir='ltr'>et</span> <span class='ocrx_word' id='word_1_72' title='bbox 603 1423 639 1487; x_wconf 91' lang='lat' dir='ltr'>in</span> <span class='ocrx_word' id='word_1_73' title='bbox 664 1424 789 1488; x_wconf 90' lang='lat' dir='ltr'>itinere</span> <span class='ocrx_word' id='word_1_74' title='bbox 811 1424 981 1504; x_wconf 90' lang='lat' dir='ltr'>obsequia</span> <span class='ocrx_word' id='word_1_75' title='bbox 1002 1424 1115 1490; x_wconf 89' lang='lat' dir='ltr'>eidem</span> <span class='ocrx_word' id='word_1_76' title='bbox 1137 1436 1172 1490; x_wconf 93' lang='lat' dir='ltr'>et</span> <span class='ocrx_word' id='word_1_77' title='bbox 1194 1428 1452 1493; x_wconf 82' lang='lat' dir='ltr'>humanitatem</span> 
     </span>
     <span class='ocr_line' id='line_1_11' title="bbox 225 1522 452 1595; baseline 0 0"><span class='ocrx_word' id='word_1_78' title='bbox 225 1522 452 1595; x_wconf 74' lang='lat' dir='ltr'>exhibebant.</span> 
     </span>
    </p>

    <p class='ocr_par' dir='ltr' id='par_1_5' title="bbox 222 1636 1453 1936">
     <span class='ocr_line' id='line_1_12' title="bbox 284 1636 1450 1724; baseline 0.005 -23"><span class='ocrx_word' id='word_1_79' title='bbox 284 1636 372 1702; x_wconf 87' lang='lat'>1621.</span> <span class='ocrx_word' id='word_1_80' title='bbox 415 1636 584 1719; x_wconf 90' lang='lat' dir='ltr'>Reliquos</span> <span class='ocrx_word' id='word_1_81' title='bbox 598 1639 704 1703; x_wconf 90' lang='lat' dir='ltr'>etiam</span> <span class='ocrx_word' id='word_1_82' title='bbox 724 1658 769 1704; x_wconf 86' lang='lat' dir='ltr'>ex</span> <span class='ocrx_word' id='word_1_83' title='bbox 788 1641 920 1705; x_wconf 92' lang='lat' dir='ltr'>nostris</span> <span class='ocrx_word' id='word_1_84' title='bbox 939 1640 1078 1705; x_wconf 89' lang='lat' dir='ltr'>husitae</span> <span class='ocrx_word' id='word_1_85' title='bbox 1093 1641 1270 1708; x_wconf 90' lang='lat' dir='ltr'>interdum</span> <span class='ocrx_word' id='word_1_86' title='bbox 1290 1643 1450 1724; x_wconf 88' lang='lat' dir='ltr'>deplora·</span> 
     </span>
     <span class='ocr_line' id='line_1_13' title="bbox 226 1745 1453 1830; baseline 0.004 -22"><span class='ocrx_word' id='word_1_87' title='bbox 226 1745 323 1825; x_wconf 89' lang='lat' dir='ltr'>bant,</span> <span class='ocrx_word' id='word_1_88' title='bbox 339 1746 435 1825; x_wconf 91' lang='lat' dir='ltr'>quod</span> <span class='ocrx_word' id='word_1_89' title='bbox 449 1755 585 1827; x_wconf 91' lang='lat' dir='ltr'>septem</span> <span class='ocrx_word' id='word_1_90' title='bbox 600 1746 686 1810; x_wconf 91' lang='lat' dir='ltr'>deos</span> <span class='ocrx_word' id='word_1_91' title='bbox 700 1746 750 1825; x_wconf 93' lang='lat' dir='ltr'>(ut</span> <span class='ocrx_word' id='word_1_92' title='bbox 765 1747 875 1823; x_wconf 88' lang='lat' dir='ltr'>aiunt)</span> <span class='ocrx_word' id='word_1_93' title='bbox 890 1747 1073 1825; x_wconf 84' lang='lat' dir='ltr'>haberant,</span> <span class='ocrx_word' id='word_1_94' title='bbox 1086 1748 1171 1814; x_wconf 88' lang='lat' dir='ltr'>dum</span> <span class='ocrx_word' id='word_1_95' title='bbox 1185 1760 1320 1830; x_wconf 88' lang='lat' dir='ltr'>septem</span> <span class='ocrx_word' id='word_1_96' title='bbox 1335 1766 1453 1815; x_wconf 89' lang='lat' dir='ltr'>sacra·</span> 
     </span>
     <span class='ocr_line' id='line_1_14' title="bbox 222 1853 1448 1936; baseline 0.005 -20"><span class='ocrx_word' id='word_1_97' title='bbox 222 1861 340 1917; x_wconf 87' lang='lat' dir='ltr'>menta</span> <span class='ocrx_word' id='word_1_98' title='bbox 355 1854 627 1933; x_wconf 88' lang='lat' dir='ltr'>amplectuntur;</span> <span class='ocrx_word' id='word_1_99' title='bbox 643 1870 682 1916; x_wconf 89' lang='lat' dir='ltr'>se</span> <span class='ocrx_word' id='word_1_100' title='bbox 697 1854 791 1917; x_wconf 92' lang='lat' dir='ltr'>enim</span> <span class='ocrx_word' id='word_1_101' title='bbox 802 1871 893 1934; x_wconf 89' lang='lat' dir='ltr'>puro</span> <span class='ocrx_word' id='word_1_102' title='bbox 905 1853 1037 1918; x_wconf 88' lang='lat' dir='ltr'>Christi</span> <span class='ocrx_word' id='word_1_103' title='bbox 1051 1857 1238 1936; x_wconf 87' lang='lat' dir='ltr'>evangelio</span> <span class='ocrx_word' id='word_1_104' title='bbox 1254 1857 1448 1922; x_wconf 88' lang='lat' dir='ltr'>adhaerere</span> 
     </span>
    </p>
   </div>
   <div class='ocr_carea' id='block_1_4' title="bbox 112 1959 369 2041">
    <p class='ocr_par' dir='ltr' id='par_1_6' title="bbox 112 1959 369 2041">
     <span class='ocr_line' id='line_1_15' title="bbox 112 1959 369 2041; baseline -0.008 -19"><span class='ocrx_word' id='word_1_105' title='bbox 112 1971 116 1982; x_wconf 92' lang='grc'><em>’</em></span> <span class='ocrx_word' id='word_1_106' title='bbox 220 1959 369 2041; x_wconf 89' lang='lat' dir='ltr'>jactant.</span> 
     </span>
    </p>
   </div>
   <div class='ocr_carea' id='block_1_5' title="bbox 218 2065 1451 2583">
    <p class='ocr_par' dir='ltr' id='par_1_7' title="bbox 219 2065 1451 2366">
     <span class='ocr_line' id='line_1_16' title="bbox 282 2065 1451 2150; baseline 0.006 -21"><span class='ocrx_word' id='word_1_107' title='bbox 282 2065 370 2131; x_wconf 89' lang='lat'>1622.</span> <span class='ocrx_word' id='word_1_108' title='bbox 414 2066 547 2132; x_wconf 87' lang='lat' dir='ltr'>Contra</span> <span class='ocrx_word' id='word_1_109' title='bbox 562 2069 730 2133; x_wconf 88' lang='lat' dir='ltr'>catholici</span> <span class='ocrx_word' id='word_1_110' title='bbox 743 2086 814 2133; x_wconf 90' lang='lat' dir='ltr'>non</span> <span class='ocrx_word' id='word_1_111' title='bbox 830 2069 1035 2150; x_wconf 87' lang='lat' dir='ltr'>despectam</span> <span class='ocrx_word' id='word_1_112' title='bbox 1046 2087 1124 2135; x_wconf 90' lang='lat' dir='ltr'>esse</span> <span class='ocrx_word' id='word_1_113' title='bbox 1137 2089 1158 2134; x_wconf 92' lang='lat' dir='ltr'>a</span> <span class='ocrx_word' id='word_1_114' title='bbox 1169 2070 1324 2136; x_wconf 90' lang='lat' dir='ltr'>Domino</span> <span class='ocrx_word' id='word_1_115' title='bbox 1336 2072 1451 2136; x_wconf 92' lang='lat' dir='ltr'>Bohe·</span> 
     </span>
     <span class='ocr_line' id='line_1_17' title="bbox 219 2172 1445 2259; baseline 0.002 -22"><span class='ocrx_word' id='word_1_116' title='bbox 219 2175 338 2254; x_wconf 89' lang='lat' dir='ltr'>miam,</span> <span class='ocrx_word' id='word_1_117' title='bbox 356 2174 402 2238; x_wconf 89' lang='lat' dir='ltr'>ad</span> <span class='ocrx_word' id='word_1_118' title='bbox 416 2191 523 2255; x_wconf 88' lang='lat' dir='ltr'>quarn</span> <span class='ocrx_word' id='word_1_119' title='bbox 537 2172 751 2240; x_wconf 88' lang='lat' dir='ltr'>Societatem</span> <span class='ocrx_word' id='word_1_120' title='bbox 767 2185 927 2241; x_wconf 91' lang='lat' dir='ltr'>nostram</span> <span class='ocrx_word' id='word_1_121' title='bbox 942 2176 1192 2259; x_wconf 90' lang='lat' dir='ltr'>destinassent,</span> <span class='ocrx_word' id='word_1_122' title='bbox 1209 2178 1445 2244; x_wconf 87' lang='lat' dir='ltr'>affirmabant.</span> 
     </span>
     <span class='ocr_line' id='line_1_18' title="bbox 219 2271 1404 2366; baseline 0.003 -21"><span class='ocrx_word' id='word_1_123' title='bbox 219 2280 388 2345; x_wconf 85' lang='lat' dir='ltr'>Nonnulli</span> <span class='ocrx_word' id='word_1_124' title='bbox 401 2282 508 2346; x_wconf 91' lang='lat' dir='ltr'>etiam</span> <span class='ocrx_word' id='word_1_125' title='bbox 523 2281 663 2346; x_wconf 89' lang='lat' dir='ltr'>husitae</span> <span class='ocrx_word' id='word_1_126' title='bbox 677 2271 848 2363; x_wconf 85' lang='lat' dir='ltr'>paulatim</span> <span class='ocrx_word' id='word_1_127' title='bbox 859 2283 895 2347; x_wconf 94' lang='lat' dir='ltr'>id</span> <span class='ocrx_word' id='word_1_128' title='bbox 909 2284 1025 2366; x_wconf 89' lang='lat' dir='ltr'>ipsum</span> <span class='ocrx_word' id='word_1_129' title='bbox 1037 2287 1169 2349; x_wconf 91' lang='lat' dir='ltr'>sentire</span> <span class='ocrx_word' id='word_1_130' title='bbox 1179 2286 1404 2351; x_wconf 85' lang='lat' dir='ltr'>videbantur.</span> 
     </span>
    </p>

    <p class='ocr_par' dir='ltr' id='par_1_8' title="bbox 218 2387 1448 2583">
     <span class='ocr_line' id='line_1_19' title="bbox 281 2387 1448 2475; baseline 0.006 -24"><span class='ocrx_word' id='word_1_131' title='bbox 281 2387 369 2453; x_wconf 84' lang='lat'>1623.</span> <span class='ocrx_word' id='word_1_132' title='bbox 413 2389 502 2454; x_wconf 92' lang='lat' dir='ltr'>Cum</span> <span class='ocrx_word' id='word_1_133' title='bbox 518 2397 637 2454; x_wconf 90' lang='lat' dir='ltr'>autem</span> <span class='ocrx_word' id='word_1_134' title='bbox 650 2388 742 2454; x_wconf 88' lang='lat' dir='ltr'>iorte</span> <span class='ocrx_word' id='word_1_135' title='bbox 757 2390 900 2471; x_wconf 90' lang='lat' dir='ltr'>quidam</span> <span class='ocrx_word' id='word_1_136' title='bbox 921 2392 1058 2456; x_wconf 89' lang='lat' dir='ltr'>nobiles</span> <span class='ocrx_word' id='word_1_137' title='bbox 1080 2391 1277 2473; x_wconf 80' lang='lat' dir='ltr'>Collegium</span> <span class='ocrx_word' id='word_1_138' title='bbox 1293 2395 1448 2475; x_wconf 82' lang='lat' dir='ltr'>ingressi</span> 
     </span>
     <span class='ocr_line' id='line_1_20' title="bbox 218 2496 1446 2583; baseline 0.006 -24"><span class='ocrx_word' id='word_1_139' title='bbox 218 2504 253 2560; x_wconf 93' lang='lat' dir='ltr'>et</span> <span class='ocrx_word' id='word_1_140' title='bbox 273 2496 435 2560; x_wconf 91' lang='lat' dir='ltr'>cubicula</span> <span class='ocrx_word' id='word_1_141' title='bbox 460 2499 664 2576; x_wconf 68' lang='lat' dir='ltr'>lustrantes</span> <span class='ocrx_word' id='word_1_142' title='bbox 692 2499 840 2561; x_wconf 90' lang='lat' dir='ltr'>lectulos</span> <span class='ocrx_word' id='word_1_143' title='bbox 862 2498 1034 2562; x_wconf 87' lang='lat' dir='ltr'>vidissent</span> <span class='ocrx_word' id='word_1_144' title='bbox 1058 2499 1135 2563; x_wconf 92' lang='lat' dir='ltr'>sine</span> <span class='ocrx_word' id='word_1_145' title='bbox 1155 2501 1294 2581; x_wconf 91' lang='lat' dir='ltr'>plumis,</span> <span class='ocrx_word' id='word_1_146' title='bbox 1320 2502 1446 2583; x_wconf 92' lang='lat' dir='ltr'>quibus</span> 
     </span>
    </p>
   </div>
   <div class='ocr_carea' id='block_1_6' title="bbox 218 2604 1538 2689">
    <p class='ocr_par' dir='ltr' id='par_1_9' title="bbox 218 2604 1538 2689">
     <span class='ocr_line' id='line_1_21' title="bbox 218 2604 1538 2689; baseline 0.005 -22"><span class='ocrx_word' id='word_1_147' title='bbox 218 2604 286 2685; x_wconf 89' lang='lat' dir='ltr'>ipsi</span> <span class='ocrx_word' id='word_1_148' title='bbox 299 2613 445 2668; x_wconf 89' lang='lat' dir='ltr'>utuntur</span> <span class='ocrx_word' id='word_1_149' title='bbox 460 2604 548 2684; x_wconf 91' lang='lat' dir='ltr'>(sine</span> <span class='ocrx_word' id='word_1_150' title='bbox 569 2606 698 2685; x_wconf 90' lang='lat' dir='ltr'>plumis</span> <span class='ocrx_word' id='word_1_151' title='bbox 720 2604 922 2686; x_wconf 87' lang='lat' dir='ltr'>culcitreis),</span> <span class='ocrx_word' id='word_1_152' title='bbox 939 2623 1009 2670; x_wconf 89' lang='lat' dir='ltr'>uno</span> <span class='ocrx_word' id='word_1_153' title='bbox 1027 2609 1201 2689; x_wconf 83' lang='lat' dir='ltr'>stragulo,</span> <span class='ocrx_word' id='word_1_154' title='bbox 1218 2626 1316 2673; x_wconf 91' lang='lat' dir='ltr'>more</span> <span class='ocrx_word' id='word_1_155' title='bbox 1330 2608 1446 2675; x_wconf 89' lang='lat' dir='ltr'>Socie·</span> <span class='ocrx_word' id='word_1_156' title='bbox 1534 2646 1538 2651; x_wconf 92' lang='lat'><em>-</em></span> 
     </span>
    </p>
   </div>
   <div class='ocr_carea' id='block_1_7' title="bbox 192 2711 1447 4519">
    <p class='ocr_par' dir='ltr' id='par_1_10' title="bbox 192 2711 1446 3227">
     <span class='ocr_line' id='line_1_22' title="bbox 219 2711 1446 2793; baseline 0.006 -18"><span class='ocrx_word' id='word_1_157' title='bbox 219 2711 302 2777; x_wconf 91' lang='lat' dir='ltr'>tatis</span> <span class='ocrx_word' id='word_1_158' title='bbox 314 2712 466 2792; x_wconf 89' lang='lat' dir='ltr'>italicae,</span> <span class='ocrx_word' id='word_1_159' title='bbox 479 2722 673 2789; x_wconf 74' lang='lat' dir='ltr'>contectos,</span> <span class='ocrx_word' id='word_1_160' title='bbox 688 2713 784 2793; x_wconf 90' lang='lat' dir='ltr'>ipsos</span> <span class='ocrx_word' id='word_1_161' title='bbox 796 2730 882 2778; x_wconf 92' lang='lat' dir='ltr'>vero</span> <span class='ocrx_word' id='word_1_162' title='bbox 892 2713 1023 2778; x_wconf 85' lang='lat' dir='ltr'>iratres</span> <span class='ocrx_word' id='word_1_163' title='bbox 1034 2715 1216 2780; x_wconf 90' lang='lat' dir='ltr'>custodiae</span> <span class='ocrx_word' id='word_1_164' title='bbox 1228 2734 1396 2782; x_wconf 90' lang='lat' dir='ltr'>sensuum</span> <span class='ocrx_word' id='word_1_165' title='bbox 1411 2729 1446 2782; x_wconf 90' lang='lat' dir='ltr'>et</span> 
     </span>
     <span class='ocr_line' id='line_1_23' title="bbox 219 2819 1446 2901; baseline 0.004 -18"><span class='ocrx_word' id='word_1_166' title='bbox 219 2819 338 2884; x_wconf 91' lang='lat' dir='ltr'>decori</span> <span class='ocrx_word' id='word_1_167' title='bbox 356 2821 392 2883; x_wconf 92' lang='lat' dir='ltr'>in</span> <span class='ocrx_word' id='word_1_168' title='bbox 412 2821 517 2885; x_wconf 91' lang='lat' dir='ltr'>rebus</span> <span class='ocrx_word' id='word_1_169' title='bbox 538 2819 700 2885; x_wconf 90' lang='lat' dir='ltr'>omnibus</span> <span class='ocrx_word' id='word_1_170' title='bbox 722 2821 897 2885; x_wconf 90' lang='lat' dir='ltr'>rationem</span> <span class='ocrx_word' id='word_1_171' title='bbox 919 2822 1063 2901; x_wconf 69' lang='lat' dir='ltr'>habere,</span> <span class='ocrx_word' id='word_1_172' title='bbox 1086 2823 1176 2887; x_wconf 91' lang='lat' dir='ltr'>etin</span> <span class='ocrx_word' id='word_1_173' title='bbox 1199 2825 1381 2890; x_wconf 87' lang='lat' dir='ltr'>tradendis</span> <span class='ocrx_word' id='word_1_174' title='bbox 1396 2825 1446 2889; x_wconf 94' lang='lat' dir='ltr'>di·</span> 
     </span>
     <span class='ocr_line' id='line_1_24' title="bbox 192 2928 1443 3009; baseline 0.005 -19"><span class='ocrx_word' id='word_1_175' title='bbox 192 2948 200 2966; x_wconf 95' lang='lat'><strong>·</strong></span> <span class='ocrx_word' id='word_1_176' title='bbox 219 2928 376 3009; x_wconf 91' lang='lat' dir='ltr'>sciplinis</span> <span class='ocrx_word' id='word_1_177' title='bbox 390 2937 490 2993; x_wconf 91' lang='lat' dir='ltr'>tanta</span> <span class='ocrx_word' id='word_1_178' title='bbox 502 2929 679 2994; x_wconf 88' lang='lat' dir='ltr'>industria</span> <span class='ocrx_word' id='word_1_179' title='bbox 693 2929 756 3004; x_wconf 85' lang='lat' dir='ltr'>uti;</span> <span class='ocrx_word' id='word_1_180' title='bbox 774 2928 902 2992; x_wconf 91' lang='lat' dir='ltr'>mirum</span> <span class='ocrx_word' id='word_1_181' title='bbox 921 2928 957 2992; x_wconf 92' lang='lat' dir='ltr'>in</span> <span class='ocrx_word' id='word_1_182' title='bbox 973 2929 1116 2994; x_wconf 91' lang='lat' dir='ltr'>modum</span> <span class='ocrx_word' id='word_1_183' title='bbox 1138 2930 1316 2996; x_wconf 86' lang='lat' dir='ltr'>aedificati</span> <span class='ocrx_word' id='word_1_184' title='bbox 1331 2950 1443 2996; x_wconf 92' lang='lat' dir='ltr'>reces-</span> 
     </span>
     <span class='ocr_line' id='line_1_25' title="bbox 217 3035 1445 3119; baseline 0.002 -20"><span class='ocrx_word' id='word_1_185' title='bbox 217 3045 351 3116; x_wconf 86' lang='lat' dir='ltr'>serunt;</span> <span class='ocrx_word' id='word_1_186' title='bbox 367 3045 403 3100; x_wconf 90' lang='lat' dir='ltr'>et</span> <span class='ocrx_word' id='word_1_187' title='bbox 417 3053 498 3100; x_wconf 91' lang='lat' dir='ltr'>cum</span> <span class='ocrx_word' id='word_1_188' title='bbox 511 3035 663 3100; x_wconf 86' lang='lat' dir='ltr'>Rectore</span> <span class='ocrx_word' id='word_1_189' title='bbox 684 3035 906 3100; x_wconf 83' lang='lat' dir='ltr'>familiariter</span> <span class='ocrx_word' id='word_1_190' title='bbox 929 3053 1038 3116; x_wconf 83' lang='lat' dir='ltr'>agere</span> <span class='ocrx_word' id='word_1_191' title='bbox 1051 3037 1272 3119; x_wconf 68' lang='lat' dir='ltr'>incipientes</span> <span class='ocrx_word' id='word_1_192' title='bbox 1294 3057 1387 3105; x_wconf 90' lang='lat' dir='ltr'>unus</span> <span class='ocrx_word' id='word_1_193' title='bbox 1401 3059 1445 3104; x_wconf 84' lang='lat' dir='ltr'>ex</span> 
     </span>
     <span class='ocr_line' id='line_1_26' title="bbox 217 3141 1378 3227; baseline 0.004 -23"><span class='ocrx_word' id='word_1_194' title='bbox 217 3141 280 3221; x_wconf 89' lang='lat' dir='ltr'>eis,</span> <span class='ocrx_word' id='word_1_195' title='bbox 297 3143 464 3224; x_wconf 83' lang='lat' dir='ltr'>egregius</span> <span class='ocrx_word' id='word_1_196' title='bbox 478 3142 583 3223; x_wconf 90' lang='lat' dir='ltr'>Baro,</span> <span class='ocrx_word' id='word_1_197' title='bbox 597 3143 711 3208; x_wconf 90' lang='lat' dir='ltr'>eidem</span> <span class='ocrx_word' id='word_1_198' title='bbox 726 3161 765 3208; x_wconf 91' lang='lat' dir='ltr'>se</span> <span class='ocrx_word' id='word_1_199' title='bbox 779 3156 927 3225; x_wconf 89' lang='lat' dir='ltr'>peccata</span> <span class='ocrx_word' id='word_1_200' title='bbox 944 3142 1191 3209; x_wconf 87' lang='lat' dir='ltr'>confessurum</span> <span class='ocrx_word' id='word_1_201' title='bbox 1204 3147 1378 3227; x_wconf 91' lang='lat' dir='ltr'>promisit.</span> 
     </span>
    </p>

    <p class='ocr_par' dir='ltr' id='par_1_11' title="bbox 216 3248 1447 3975">
     <span class='ocr_line' id='line_1_27' title="bbox 281 3248 1447 3333; baseline 0.007 -22"><span class='ocrx_word' id='word_1_202' title='bbox 281 3248 368 3314; x_wconf 83' lang='lat'>1624.</span> <span class='ocrx_word' id='word_1_203' title='bbox 411 3249 515 3315; x_wconf 89' lang='lat' dir='ltr'>Alius</span> <span class='ocrx_word' id='word_1_204' title='bbox 539 3260 657 3314; x_wconf 90' lang='lat' dir='ltr'>autem</span> <span class='ocrx_word' id='word_1_205' title='bbox 682 3251 889 3332; x_wconf 78' lang='lat' dir='ltr'>pernobiliS,</span> <span class='ocrx_word' id='word_1_206' title='bbox 912 3251 976 3314; x_wconf 92' lang='lat' dir='ltr'>sed</span> <span class='ocrx_word' id='word_1_207' title='bbox 1001 3251 1224 3333; x_wconf 79' lang='lat' dir='ltr'>lutheranuS,</span> <span class='ocrx_word' id='word_1_208' title='bbox 1252 3253 1447 3319; x_wconf 90' lang='lat' dir='ltr'>delectatus</span> 
     </span>
     <span class='ocr_line' id='line_1_28' title="bbox 218 3358 1447 3438; baseline 0.005 -17"><span class='ocrx_word' id='word_1_209' title='bbox 218 3358 417 3422; x_wconf 86' lang='lat' dir='ltr'>vocationis</span> <span class='ocrx_word' id='word_1_210' title='bbox 424 3369 569 3424; x_wconf 91' lang='lat' dir='ltr'>nostrae</span> <span class='ocrx_word' id='word_1_211' title='bbox 581 3359 752 3438; x_wconf 87' lang='lat' dir='ltr'>instituto,</span> <span class='ocrx_word' id='word_1_212' title='bbox 766 3360 934 3438; x_wconf 90' lang='lat' dir='ltr'>templum</span> <span class='ocrx_word' id='word_1_213' title='bbox 946 3359 1106 3438; x_wconf 87' lang='lat' dir='ltr'>visitare,</span> <span class='ocrx_word' id='word_1_214' title='bbox 1120 3361 1310 3426; x_wconf 89' lang='lat' dir='ltr'>conciones</span> <span class='ocrx_word' id='word_1_215' title='bbox 1323 3361 1447 3426; x_wconf 86' lang='lat' dir='ltr'>audire</span> 
     </span>
     <span class='ocr_line' id='line_1_29' title="bbox 217 3465 1447 3549; baseline 0.004 -19"><span class='ocrx_word' id='word_1_216' title='bbox 217 3477 252 3530; x_wconf 94' lang='lat' dir='ltr'>et</span> <span class='ocrx_word' id='word_1_217' title='bbox 271 3465 494 3531; x_wconf 82' lang='lat' dir='ltr'>familiariter</span> <span class='ocrx_word' id='word_1_218' title='bbox 515 3483 596 3530; x_wconf 91' lang='lat' dir='ltr'>cum</span> <span class='ocrx_word' id='word_1_219' title='bbox 615 3466 748 3530; x_wconf 92' lang='lat' dir='ltr'>nostris</span> <span class='ocrx_word' id='word_1_220' title='bbox 762 3483 882 3545; x_wconf 84' lang='lat' dir='ltr'>agere,</span> <span class='ocrx_word' id='word_1_221' title='bbox 902 3476 1161 3546; x_wconf 87' lang='lat' dir='ltr'>paupertatem,</span> <span class='ocrx_word' id='word_1_222' title='bbox 1183 3469 1396 3549; x_wconf 87' lang='lat' dir='ltr'>castitatem,</span> <span class='ocrx_word' id='word_1_223' title='bbox 1412 3480 1447 3535; x_wconf 91' lang='lat' dir='ltr'>et</span> 
     </span>
     <span class='ocr_line' id='line_1_30' title="bbox 217 3572 1445 3659; baseline 0.005 -22"><span class='ocrx_word' id='word_1_224' title='bbox 217 3573 452 3638; x_wconf 88' lang='lat' dir='ltr'>obedientiam</span> <span class='ocrx_word' id='word_1_225' title='bbox 465 3582 667 3637; x_wconf 88' lang='lat' dir='ltr'>nostrorum</span> <span class='ocrx_word' id='word_1_226' title='bbox 683 3582 718 3636; x_wconf 91' lang='lat' dir='ltr'>et</span> <span class='ocrx_word' id='word_1_227' title='bbox 732 3574 852 3636; x_wconf 90' lang='lat' dir='ltr'>omnia</span> <span class='ocrx_word' id='word_1_228' title='bbox 864 3572 1015 3654; x_wconf 89' lang='lat' dir='ltr'>denique</span> <span class='ocrx_word' id='word_1_229' title='bbox 1027 3583 1150 3637; x_wconf 90' lang='lat' dir='ltr'>nostra</span> <span class='ocrx_word' id='word_1_230' title='bbox 1162 3576 1326 3656; x_wconf 92' lang='lat' dir='ltr'>probare,</span> <span class='ocrx_word' id='word_1_231' title='bbox 1341 3577 1445 3659; x_wconf 90' lang='lat' dir='ltr'>(quae</span> 
     </span>
     <span class='ocr_line' id='line_1_31' title="bbox 218 3679 1445 3763; baseline 0.002 -17"><span class='ocrx_word' id='word_1_232' title='bbox 218 3683 254 3746; x_wconf 92' lang='lat' dir='ltr'>in</span> <span class='ocrx_word' id='word_1_233' title='bbox 269 3679 451 3760; x_wconf 86' lang='lat' dir='ltr'>Bohemia,</span> <span class='ocrx_word' id='word_1_234' title='bbox 468 3680 574 3745; x_wconf 92' lang='lat' dir='ltr'>etiam</span> <span class='ocrx_word' id='word_1_235' title='bbox 588 3690 627 3744; x_wconf 94' lang='lat' dir='ltr'>ut</span> <span class='ocrx_word' id='word_1_236' title='bbox 641 3679 826 3745; x_wconf 89' lang='lat' dir='ltr'>notissima</span> <span class='ocrx_word' id='word_1_237' title='bbox 841 3680 1165 3762; x_wconf 88' lang='lat' dir='ltr'>praedicabantur),</span> <span class='ocrx_word' id='word_1_238' title='bbox 1178 3684 1360 3763; x_wconf 81' lang='lat' dir='ltr'>pergebat.</span> <span class='ocrx_word' id='word_1_239' title='bbox 1375 3683 1445 3749; x_wconf 90' lang='lat' dir='ltr'>Sed</span> 
     </span>
     <span class='ocr_line' id='line_1_32' title="bbox 216 3787 1445 3871; baseline 0.004 -19"><span class='ocrx_word' id='word_1_240' title='bbox 216 3787 302 3852; x_wconf 93' lang='lat' dir='ltr'>illud</span> <span class='ocrx_word' id='word_1_241' title='bbox 316 3788 494 3852; x_wconf 91' lang='lat' dir='ltr'>hominem</span> <span class='ocrx_word' id='word_1_242' title='bbox 508 3789 600 3852; x_wconf 88' lang='lat' dir='ltr'>male</span> <span class='ocrx_word' id='word_1_243' title='bbox 616 3788 781 3867; x_wconf 88' lang='lat' dir='ltr'>habebat,</span> <span class='ocrx_word' id='word_1_244' title='bbox 803 3787 898 3868; x_wconf 92' lang='lat' dir='ltr'>quod</span> <span class='ocrx_word' id='word_1_245' title='bbox 920 3788 1089 3868; x_wconf 90' lang='lat' dir='ltr'>Luthero,</span> <span class='ocrx_word' id='word_1_246' title='bbox 1107 3789 1165 3853; x_wconf 91' lang='lat' dir='ltr'>cui</span> <span class='ocrx_word' id='word_1_247' title='bbox 1184 3790 1260 3871; x_wconf 90' lang='lat' dir='ltr'>ipse</span> <span class='ocrx_word' id='word_1_248' title='bbox 1276 3789 1445 3856; x_wconf 89' lang='lat' dir='ltr'>adhaere·</span> 
     </span>
     <span class='ocr_line' id='line_1_33' title="bbox 217 3885 798 3975; baseline -0.003 -15"><span class='ocrx_word' id='word_1_249' title='bbox 217 3885 296 3975; x_wconf 81' lang='lat' dir='ltr'>bat,</span> <span class='ocrx_word' id='word_1_250' title='bbox 306 3895 418 3960; x_wconf 89' lang='lat' dir='ltr'>nostri</span> <span class='ocrx_word' id='word_1_251' title='bbox 433 3896 567 3961; x_wconf 90' lang='lat' dir='ltr'>addicti</span> <span class='ocrx_word' id='word_1_252' title='bbox 581 3913 652 3960; x_wconf 91' lang='lat' dir='ltr'>non</span> <span class='ocrx_word' id='word_1_253' title='bbox 668 3905 798 3959; x_wconf 91' lang='lat' dir='ltr'>essent.</span> 
     </span>
    </p>

    <p class='ocr_par' dir='ltr' id='par_1_12' title="bbox 214 4002 1447 4410">
     <span class='ocr_line' id='line_1_34' title="bbox 280 4002 1445 4085; baseline 0.003 -19"><span class='ocrx_word' id='word_1_254' title='bbox 280 4003 367 4068; x_wconf 91' lang='lat'>1625.</span> <span class='ocrx_word' id='word_1_255' title='bbox 411 4003 593 4084; x_wconf 89' lang='lat' dir='ltr'>Quaedam</span> <span class='ocrx_word' id='word_1_256' title='bbox 613 4002 753 4081; x_wconf 78' lang='lat' dir='ltr'>ComeS,</span> <span class='ocrx_word' id='word_1_257' title='bbox 779 4020 870 4083; x_wconf 91' lang='lat' dir='ltr'>quae</span> <span class='ocrx_word' id='word_1_258' title='bbox 890 4020 997 4084; x_wconf 88' lang='lat' dir='ltr'>saepe</span> <span class='ocrx_word' id='word_1_259' title='bbox 1017 4005 1185 4085; x_wconf 89' lang='lat' dir='ltr'>templum</span> <span class='ocrx_word' id='word_1_260' title='bbox 1199 4014 1364 4071; x_wconf 87' lang='lat' dir='ltr'>nostrum</span> <span class='ocrx_word' id='word_1_261' title='bbox 1376 4007 1445 4072; x_wconf 86' lang='lat' dir='ltr'>sre-</span> 
     </span>
     <span class='ocr_line' id='line_1_35' title="bbox 218 4105 1447 4195; baseline 0.004 -20"><span class='ocrx_word' id='word_1_262' title='bbox 218 4113 422 4194; x_wconf 86' lang='lat' dir='ltr'>quentabat,</span> <span class='ocrx_word' id='word_1_263' title='bbox 436 4121 555 4176; x_wconf 89' lang='lat' dir='ltr'>vestes</span> <span class='ocrx_word' id='word_1_264' title='bbox 570 4105 823 4190; x_wconf 87' lang='lat' dir='ltr'>sacerdotales,</span> <span class='ocrx_word' id='word_1_265' title='bbox 842 4111 999 4175; x_wconf 90' lang='lat' dir='ltr'>cortinas</span> <span class='ocrx_word' id='word_1_266' title='bbox 1010 4121 1045 4175; x_wconf 92' lang='lat' dir='ltr'>et</span> <span class='ocrx_word' id='word_1_267' title='bbox 1059 4113 1130 4176; x_wconf 90' lang='lat' dir='ltr'>alia</span> <span class='ocrx_word' id='word_1_268' title='bbox 1141 4112 1177 4177; x_wconf 92' lang='lat' dir='ltr'>id</span> <span class='ocrx_word' id='word_1_269' title='bbox 1190 4116 1344 4195; x_wconf 69' lang='lat' dir='ltr'>generis</span> <span class='ocrx_word' id='word_1_270' title='bbox 1361 4116 1447 4181; x_wconf 91' lang='lat' dir='ltr'>divi·</span> 
     </span>
     <span class='ocr_line' id='line_1_36' title="bbox 216 4217 1447 4301; baseline 0.001 -16"><span class='ocrx_word' id='word_1_271' title='bbox 216 4237 262 4285; x_wconf 91' lang='lat' dir='ltr'>no</span> <span class='ocrx_word' id='word_1_272' title='bbox 284 4219 395 4284; x_wconf 91' lang='lat' dir='ltr'>cultui</span> <span class='ocrx_word' id='word_1_273' title='bbox 409 4229 621 4301; x_wconf 89' lang='lat' dir='ltr'>opportuna,</span> <span class='ocrx_word' id='word_1_274' title='bbox 638 4217 798 4298; x_wconf 87' lang='lat' dir='ltr'>donavit,</span> <span class='ocrx_word' id='word_1_275' title='bbox 815 4226 850 4282; x_wconf 95' lang='lat' dir='ltr'>et</span> <span class='ocrx_word' id='word_1_276' title='bbox 870 4236 935 4282; x_wconf 94' lang='lat' dir='ltr'>suo</span> <span class='ocrx_word' id='word_1_277' title='bbox 951 4220 1115 4301; x_wconf 83' lang='lat' dir='ltr'>exemplo</span> <span class='ocrx_word' id='word_1_278' title='bbox 1130 4220 1232 4301; x_wconf 89' lang='lat' dir='ltr'>alios,</span> <span class='ocrx_word' id='word_1_279' title='bbox 1248 4232 1287 4286; x_wconf 92' lang='lat' dir='ltr'>ut</span> <span class='ocrx_word' id='word_1_280' title='bbox 1302 4223 1349 4286; x_wconf 95' lang='lat' dir='ltr'>ad</span> <span class='ocrx_word' id='word_1_281' title='bbox 1363 4233 1447 4288; x_wconf 90' lang='lat' dir='ltr'>tem·</span> 
     </span>
     <span class='ocr_line' id='line_1_37' title="bbox 214 4324 1068 4410; baseline -0.001 -18"><span class='ocrx_word' id='word_1_282' title='bbox 214 4329 311 4410; x_wconf 91' lang='lat' dir='ltr'>plum</span> <span class='ocrx_word' id='word_1_283' title='bbox 326 4326 386 4392; x_wconf 64' lang='lat'>81¹</span> <span class='ocrx_word' id='word_1_284' title='bbox 406 4327 598 4392; x_wconf 90' lang='lat' dir='ltr'>Clementis</span> <span class='ocrx_word' id='word_1_285' title='bbox 613 4327 837 4406; x_wconf 88' lang='lat' dir='ltr'>accederent,</span> <span class='ocrx_word' id='word_1_286' title='bbox 854 4327 1030 4391; x_wconf 89' lang='lat' dir='ltr'>invitabat</span> <span class='ocrx_word' id='word_1_287' title='bbox 1045 4324 1068 4391; x_wconf 86' lang='lat'>¹.</span> 
     </span>
    </p>

    <p class='ocr_par' dir='ltr' id='par_1_13' title="bbox 277 4434 1447 4519">
     <span class='ocr_line' id='line_1_38' title="bbox 277 4434 1447 4519; baseline 0.004 -19"><span class='ocrx_word' id='word_1_288' title='bbox 277 4435 365 4500; x_wconf 90' lang='lat'>1626.</span> <span class='ocrx_word' id='word_1_289' title='bbox 409 4435 491 4500; x_wconf 91' lang='lat' dir='ltr'>Alia</span> <span class='ocrx_word' id='word_1_290' title='bbox 506 4435 614 4498; x_wconf 89' lang='lat' dir='ltr'>etiam</span> <span class='ocrx_word' id='word_1_291' title='bbox 628 4443 705 4498; x_wconf 91' lang='lat' dir='ltr'>erat</span> <span class='ocrx_word' id='word_1_292' title='bbox 725 4434 834 4498; x_wconf 88' lang='lat' dir='ltr'>vidua</span> <span class='ocrx_word' id='word_1_293' title='bbox 853 4443 1016 4498; x_wconf 88' lang='lat' dir='ltr'>matrona</span> <span class='ocrx_word' id='word_1_294' title='bbox 1038 4452 1081 4499; x_wconf 87' lang='lat' dir='ltr'>ac</span> <span class='ocrx_word' id='word_1_295' title='bbox 1100 4436 1282 4517; x_wconf 91' lang='lat' dir='ltr'>primaria,</span> <span class='ocrx_word' id='word_1_296' title='bbox 1304 4456 1396 4519; x_wconf 91' lang='lat' dir='ltr'>quae</span> <span class='ocrx_word' id='word_1_297' title='bbox 1411 4441 1447 4505; x_wconf 93' lang='lat' dir='ltr'>in</span> 
     </span>
    </p>
   </div>
   <div class='ocr_carea' id='block_1_8' title="bbox 256 4605 725 4724">
    <p class='ocr_par' dir='ltr' id='par_1_14' title="bbox 256 4605 725 4724">
     <span class='ocr_line' id='line_1_39' title="bbox 258 4605 725 4662; baseline -0.004 -10"><span class='ocrx_word' id='word_1_298' title='bbox 258 4607 265 4641; x_wconf 82' lang='lat'>¹</span> <span class='ocrx_word' id='word_1_299' title='bbox 293 4605 331 4652; x_wconf 79' lang='lat' dir='ltr'>lin</span> <span class='ocrx_word' id='word_1_300' title='bbox 350 4607 445 4662; x_wconf 85' lang='lat' dir='ltr'>repetit</span> <span class='ocrx_word' id='word_1_301' title='bbox 455 4606 498 4652; x_wconf 87' lang='lat' dir='ltr'>blc</span> <span class='ocrx_word' id='word_1_302' title='bbox 509 4607 597 4662; x_wconf 75' lang='lat' dir='ltr'>ipsius</span> <span class='ocrx_word' id='word_1_303' title='bbox 607 4606 725 4652; x_wconf 82' lang='lat' dir='ltr'>consilio.</span> 
     </span>
     <span class='ocr_line' id='line_1_40' title="bbox 256 4677 515 4724; baseline 0 0"><span class='ocrx_word' id='word_1_304' title='bbox 256 4679 267 4713; x_wconf 82' lang='lat'><strong>¹</strong></span> <span class='ocrx_word' id='word_1_305' title='bbox 293 4677 515 4724; x_wconf 68' lang='lat' dir='ltr'>sternutabant.</span> 
     </span>
    </p>
   </div>
   <div class='ocr_carea' id='block_1_9' title="bbox 359 4769 531 4830">
    <p class='ocr_par' dir='ltr' id='par_1_15' title="bbox 359 4769 531 4830">
     <span class='ocr_line' id='line_1_41' title="bbox 359 4769 531 4830; baseline -0.006 -4"><span class='ocrx_word' id='word_1_306' title='bbox 359 4769 397 4830; x_wconf 88' lang='lat' dir='ltr'>T.</span> <span class='ocrx_word' id='word_1_307' title='bbox 419 4785 460 4828; x_wconf 81' lang='lat' dir='ltr'>vt.</span> <span class='ocrx_word' id='word_1_308' title='bbox 529 4769 531 4774; x_wconf 84' lang='lat'>&#39;</span> 
     </span>
    </p>
   </div>
   <div class='ocr_carea' id='block_1_10' title="bbox 0 0 1826 5350">
    <p class='ocr_par' dir='ltr' id='par_1_16' title="bbox 0 0 1826 5350">
     <span class='ocr_line' id='line_1_42' title="bbox 0 0 1826 5350; baseline 0 2"><span class='ocrx_word' id='word_1_309' title='bbox 0 0 1826 5350; x_wconf 95' lang='lat' dir='ltr'> </span> 
     </span>
    </p>
   </div>
  </div>
 </body>
</html>
