3642 5350
371 436 422 501 130
822 440 951 506 Canon.
971 442 1049 507 Soc.
1069 443 1140 521 Jns.

427 588 497 653 475.
540 588 665 653 Mulier
687 590 861 671 quaedam
881 611 901 655 a
927 611 991 656 suo
1010 594 1090 657 viro
1109 592 1269 673 seJuncta
1290 596 1419 659 multos
1439 614 1593 661 annosa

367 698 599 761 sacramentis
622 699 852 779 abstinuerat,
876 702 939 764 sed
959 719 980 763 a
1001 702 1156 781 quodam
1175 721 1220 765 ex
1239 704 1371 767 nostris
1393 705 1436 768 de
1455 722 1593 769 summo

366 805 538 885 periculo,
570 807 605 869 in
631 824 700 887 quo
725 809 946 887 versabatur,
978 810 1116 887 edocta,
1148 811 1454 890 compunctionem
1482 814 1591 877 animi

366 928 496 992 magna
521 914 761 993 lacrymarum
784 914 954 978 eflusione
980 917 1188 996 ostendenS,
1214 918 1369 998 pollicita
1396 928 1449 982 est
1476 936 1515 982 se
1541 920 1591 983 fa·

364 1032 501 1084 cturam
529 1021 698 1102 quidquid
725 1024 857 1085 nostris
882 1024 997 1103 magis
1021 1022 1189 1104 expedire
1215 1024 1251 1088 in
1275 1024 1429 1089 Domino
1454 1026 1591 1090 videre·

364 1136 432 1207 tur,
456 1128 673 1209 singulisque
698 1130 877 1192 mensibus
904 1130 950 1193 ad
975 1130 1219 1195 Eucharistiae
1244 1142 1508 1197 sacramentum
1533 1130 1592 1196 ac·

363 1252 556 1299 cessuram.

422 1343 493 1407 476.
537 1344 789 1409 Mouasterium
819 1345 997 1425 quoddam
1025 1355 1102 1409 erat
1134 1347 1362 1426 monialium,
1392 1348 1488 1429 quod
1517 1347 1591 1428 Jam

362 1452 443 1516 inde
458 1454 502 1517 ab
517 1471 559 1517 eo
573 1462 748 1535 tempore,
766 1472 835 1534 quo
852 1454 888 1517 P.
911 1453 1125 1517 Paschasius
1146 1453 1248 1518 Senis
1264 1454 1379 1519 luerat
1396 1455 1416 1531 ¹,
1434 1456 1470 1519 in
1484 1456 1592 1520 rebus

361 1560 604 1640 spiritualibus
617 1560 818 1641 profecerat
833 1570 867 1623 et
882 1558 959 1640 ejus
973 1561 1089 1624 adhuc
1109 1561 1318 1641 disciplinae
1337 1562 1490 1642 vestigia
1511 1564 1592 1627 reti·

361 1668 478 1731 nebat.
506 1667 572 1732 Per
591 1667 776 1732 Vicarium
802 1666 1075 1748 Archiepiscopi
1095 1668 1129 1731 id
1155 1670 1381 1732 vehementer
1404 1671 1589 1734 contende·

360 1786 453 1854 runt,
470 1784 509 1839 ut
523 1776 632 1838 semel
646 1784 751 1855 atque
767 1776 895 1837 iterum
909 1775 1042 1838 nostris
1054 1785 1197 1855 possent
1212 1776 1382 1850 confiteri3
1400 1777 1589 1857 quodcum

359 1884 428 1948 illis
443 1900 652 1947 concessum
666 1891 769 1961 esset,
788 1900 868 1945 cum
883 1900 947 1945 sua
963 1883 1205 1945 consolatione
1224 1900 1296 1946 non
1315 1884 1485 1947 mediocri
1500 1894 1589 1948 vota

359 2008 424 2054 sua
440 1998 669 2071 renovarunt;
686 1999 807 2053 ettam
823 1990 904 2053 illae
920 2007 1026 2070 quam
1038 1991 1189 2053 aliorum
1200 1991 1496 2056 monasteriorum
1511 1992 1588 2055 reli·

359 2100 494 2179 giosae,
511 2114 594 2161 suas
616 2098 818 2179 spirituales
838 2094 1061 2160 difficultates
1080 2114 1123 2159 ac
1138 2097 1339 2161 animorum
1356 2099 1588 2179 perturbatio·

359 2224 423 2269 nes
437 2206 647 2288 aperientes,
665 2204 769 2267 avide
789 2203 984 2268 remedium
1004 2204 1048 2267 ab
1070 2205 1122 2267 eis
1141 2206 1383 2285 postulabant,
1407 2214 1443 2270 et
1463 2209 1588 2271 eorum

358 2313 577 2377 orationibus
606 2331 649 2375 ac
683 2310 867 2375 sacrificiis
894 2310 1019 2389 'juvari
1052 2327 1184 2391 magna
1218 2312 1406 2376 devotione
1435 2314 1589 2394 postula·

357 2420 453 2484 bant.

416 2527 488 2592 477.
531 2528 696 2593 Omnium
710 2526 783 2589 lere
795 2526 1024 2606 hispanorum
1037 2525 1278 2589 confessiones
1289 2526 1327 2590 P.
1343 2526 1586 2609 Hieronymus

357 2636 504 2717 audivit,
522 2652 651 2718 eosque
667 2634 710 2700 ad
727 2635 838 2699 vitam
854 2633 1039 2698 catholicis
1057 2634 1146 2697 viris
1166 2633 1313 2714 dignam
1332 2635 1508 2715 agendam
1531 2644 1586 2700 est

357 2745 577 2823 adhortatuS,
596 2753 631 2806 et
645 2743 778 2806 eisdem
794 2743 1057 2806 sanctissimam
1077 2741 1340 2805 Eucharistiam
1357 2760 1439 2807 cum
1453 2759 1585 2824 magna

356 2869 479 2916 eorum
507 2851 747 2915 consolatione
775 2858 828 2914 est
857 2850 1066 2929 impertitus.
1093 2848 1138 2911 Et
1163 2858 1239 2911 erat
1264 2849 1355 2913 inter
1384 2848 1587 2930 hujusmodi

355 2961 575 3042 poenitentes
598 2959 658 3038 qui
681 2976 746 3038 pro
769 2974 899 3036 magno
921 2955 1092 3020 beneficio
1118 2974 1139 3018 a
1163 2955 1238 3019 Deo
1260 2957 1464 3037 postulabat
1488 2967 1527 3022 ut
1549 2958 1585 3021 in

357 3068 495 3130 culinae
511 3077 653 3130 nostrae
668 3075 728 3129 aut
743 3065 779 3128 in
798 3065 926 3146 quovis
947 3063 1066 3127 infimo
1089 3063 1284 3127 ministerio
1305 3065 1416 3127 vitam
1436 3065 1582 3145 exigere

356 3174 424 3254 ipsi
438 3174 571 3237 liceret.

415 3279 485 3343 478.
529 3279 631 3360 Quod
652 3278 697 3342 ad
721 3280 863 3342 scholas
882 3279 1024 3354 attinet,
1047 3279 1145 3342 initio
1165 3277 1308 3359 quidem
1328 3279 1577 3359 quadraginta,

356 3386 481 3451 deinde
506 3387 674 3467 paulatim
699 3403 810 3467 usque
831 3386 876 3449 ad
901 3394 1042 3448 centum
1062 3395 1321 3464 convenerunt,
1342 3386 1404 3449 sed
1426 3386 1585 3468 exceptis

356 3493 479 3558 decem
493 3502 554 3557 aut
572 3492 767 3571 duodecim,
784 3493 843 3573 qui
858 3491 953 3571 Mag.
969 3491 1111 3555 Petrum
1122 3490 1272 3571 Regium
1283 3507 1436 3571 graecas
1447 3493 1584 3557 litteras

355 3602 538 3665 docentem
553 3600 752 3678 audiebant,
770 3600 828 3662 alii
844 3601 879 3662 in
893 3599 1150 3678 grammaticae
1163 3600 1472 3680 praeceptionibus
1486 3599 1583 3664 insti·

355 3708 475 3772 tuendi
490 3715 603 3772 erant:
620 3707 727 3770 immo
744 3708 862 3786 legere
877 3715 912 3768 et
932 3706 1086 3769 scribere
1106 3707 1198 3770 bona
1218 3707 1359 3770 illorum
1374 3725 1459 3787 pars
1473 3707 1582 3771 disce·

353 3815 448 3879 bant.
474 3815 568 3878 Inter
591 3815 681 3878 bella
700 3814 793 3877 enim
812 3812 1099 3894 praecedentium
1115 3831 1287 3877 annorum
1309 3831 1437 3894 parum
1450 3833 1583 3878 vacare

353 3923 452 4003 pueri
467 3931 656 4002 potuerunt
676 3922 803 3984 litteris
826 3920 1062 3985 addiscendis
1079 3921 1160 3985 Una
1175 3922 1211 3984 in
1232 3923 1347 3984 classe
1365 3923 1464 4003 prius
1479 3923 1583 3986 habe·

352 4029 491 4109 bantur;
509 4029 634 4093 deinde
653 4030 689 4092 in
705 4029 805 4108 duas,
828 4027 971 4092 demum
993 4030 1122 4092 intres
1143 4030 1276 4093 classes
1297 4029 1405 4092 divisi
1425 4039 1517 4093 sunt.
1539 4028 1582 4093 Et

352 4137 433 4218 quia
456 4136 637 4199 auditores
655 4152 809 4216 graecae
830 4136 974 4216 linguae
995 4135 1061 4199 sub
1084 4134 1188 4198 linem
1211 4136 1359 4199 aestatis
1377 4135 1423 4199 ad
1445 4147 1583 4217 tempus

351 4244 420 4306 alio
436 4251 669 4322 recesserunt,
686 4252 876 4308 revocatus
891 4251 945 4306 est
959 4241 1061 4306 Senis
1077 4242 1171 4322 Mag.
1189 4241 1315 4306 Petrus
1331 4243 1475 4323 Regius.

390 4487 398 4520 ¹
430 4485 456 4528 Ρ.
471 4483 626 4529 Paschasius
641 4485 719 4530 Brott
734 4483 807 4529 Senis
820 4485 905 4529 luerat
919 4485 945 4529 ln
960 4490 1062 4529 aestate
1078 4484 1138 4528 anui
1150 4484 1209 4528 1539.
1221 4484 1317 4539 Bolano,
1338 4483 1399 4529 Vtra
1409 4485 1455 4530 del
1464 4497 1542 4530 servo
1552 4485 1584 4530 di

349 4557 410 4611 Dio,
420 4557 449 4602 P.
460 4556 587 4602 Pascasa'o
598 4555 711 4611 Broet‚§
726 4567 762 4608 un
773 4556 926 4603 Oncaunnn.
940 4557 984 4601 lib.
999 4567 1027 4606 rr,
1038 4568 1062 4600 n.
1078 4556 1111 4608 Ἡ,
1127 4556 1206 4610 Pana,
1221 4556 1367 4602 Menroires
1380 4563 1451 4613 pour
1465 4560 1580 4603 serviret

347 4629 479 4676 l'hisloire
486 4629 522 4673 du
534 4629 601 4674 Pete
611 4629 692 4673 Broet
703 4633 728 4673 et
738 4629 786 4674 des
796 4631 916 4683 origines
926 4629 959 4672 de
969 4629 996 4671 la
1008 4627 1170 4681 Comparare
1181 4629 1214 4672 rie
1223 4629 1306 4683 Jesus
1317 4642 1351 4674 en
1360 4630 1476 4686 France,
1485 4636 1554 4686 part.
1562 4642 1580 4675 ιι

347 4705 424 4750 ΗΜ.
