3642 5350
354 293 392 352 70
812 297 939 359 ennon.
960 298 1038 360 Soc.
1058 299 1128 372 Jas.

360 449 511 520 quatuor
525 457 756 520 personarum
773 461 904 523 magna
919 463 1000 508 cum
1014 445 1203 508 devotione
1217 446 1395 526 petebant,
1412 446 1591 525 paulatim·

357 563 542 611 numerum
557 549 757 627 augendum
772 551 1025 630 significantes
1043 569 1088 614 ex
1103 551 1229 632 quibus
1244 569 1336 614 unus
1349 551 1519 615 sacerdos
1539 551 1586 615 ad

357 654 657 734 praedicationem
673 655 830 732 idoneuS,
847 659 938 721 alter
952 658 998 721 ad
1013 659 1265 722 instituendam
1277 660 1312 722 in
1323 659 1449 722 litteris
1461 657 1585 737 juven·

357 771 468 825 tutem
497 771 601 842 aptus
628 773 732 842 esset,
763 765 890 844 quibus
910 767 1052 830 domum
1072 766 1302 848 providerant
1328 784 1409 829 cum
1436 768 1585 844 supelle-

358 869 497 931 ctilibus
523 871 746 950 necessariis
774 882 807 935 et
833 873 1032 951 ecclesiam,
1054 889 1135 936 cum
1158 873 1262 936 horto
1284 883 1318 935 et
1340 873 1445 935 rebus
1463 872 1510 934 ad
1530 890 1585 934 su·

359 977 607 1039 stentationem
632 979 853 1042 necessariis.
881 979 936 1042 Ac
958 978 1123 1043 Summus
1147 969 1311 1043 Pontifex
1334 979 1370 1041 id
1390 981 1496 1042 etiam
1519 980 1590 1042 sibi

357 1092 500 1160 gratum
516 1084 671 1147 futurum
686 1085 915 1165 significavit;
932 1097 967 1149 et
982 1087 1146 1166 quamvis
1161 1103 1249 1166 opus
1269 1104 1355 1148 sane
1374 1087 1472 1166 pium
1491 1086 1588 1148 vide·

358 1198 468 1268 retur,
486 1208 556 1254 non
576 1200 694 1255 tamen
714 1210 755 1256 ea
776 1195 1021 1274 operariorum
1042 1195 1250 1274 suppetebat
1272 1194 1389 1273 copia,
1413 1203 1452 1256 ut
1473 1193 1586 1255 simile

359 1296 582 1376 collegiolum
597 1298 853 1384 admittendum
867 1301 1048 1363 videretur
1069 1308 1089 1364 ¹.

417 1403 489 1466 219.
532 1403 653 1468 Simile
668 1408 892 1486 collegiolum
906 1408 1080 1486 spoletina
1095 1406 1225 1470 civitas
1241 1418 1365 1486 optare
1385 1407 1591 1483 videbatur;·.

358 1527 440 1573 cum
454 1511 547 1576 enim
563 1511 599 1576 P.
617 1513 800 1588 Vicarius,
816 1523 855 1576 ut
874 1515 1037 1594 superius
1055 1515 1208 1578 diximus
1232 1512 1255 1592 ¹,
1279 1523 1396 1576 mente
1417 1523 1589 1576 tractaret

358 1618 464 1698 quod,
481 1620 582 1683 bellis
597 1620 633 1683 in
647 1619 743 1684 Urbe
763 1631 797 1683 et
812 1638 922 1702 prope
942 1621 1038 1684 illam
1059 1622 1381 1701 perseverantibus
1403 1621 1593 1700 expediret.

358 1725 523 1789 fortassis
537 1728 741 1806 collegiales
755 1745 924 1790 romanos
938 1729 984 1791 ad
1004 1729 1073 1790 alia
1095 1730 1173 1791 loca
1193 1728 1240 1791 ad
1259 1736 1398 1808 tempus
1419 1726 1586 1790 transfer-

360 1849 409 1912 re,
427 1833 623 1914 intelligere
642 1835 753 1897 voluit
774 1853 795 1898 a
817 1835 959 1898 domino
980 1835 1118 1898 Thoma
1139 1835 1245 1912 Lilio,
1266 1847 1390 1914 postea
1409 1835 1593 1914 Episcopo

360 1937 509 2018 Soran0,
537 1941 596 2022 qui
615 1939 748 2021 Spoleti
767 1951 850 2006 tunc
870 1942 1093 2020 versabatur,
1115 1959 1199 2005 num
1225 1943 1261 2005 in
1285 1960 1327 2004 ea
1355 1941 1501 2004 civitate
1525 1950 1588 2003 aut

360 2047 479 2126 aliqua
498 2065 542 2111 ex
563 2049 690 2112 vicinis
709 2049 835 2112 domus
855 2050 973 2130 aliqua
992 2050 1177 2113 commode
1201 2049 1354 2114 inveniri
1379 2058 1514 2129 posset,
1541 2049 1593 2114 ad

362 2171 467 2233 quam
482 2155 684 2234 collegiales
700 2157 849 2235 romani,
867 2157 897 2219 si
912 2173 1003 2236 opus
1017 2166 1123 2235 esset,
1139 2157 1295 2236 migrare
1309 2165 1455 2237 possent
1470 2153 1493 2218 ⁸.

418 2259 488 2324 220.
533 2261 621 2325 Rem
636 2263 694 2325 ille
709 2280 789 2326 cum
806 2264 1016 2342 quibusdam
1031 2264 1214 2344 spoletinis
1229 2263 1388 2341 contulit,
1409 2271 1445 2324 et
1464 2261 1590 2324 offere·

360 2367 445 2430 bant
460 2368 509 2432 illi
523 2368 746 2433 commodam
762 2369 1026 2448 habitationem,
1048 2371 1158 2433 lectos
1178 2381 1213 2433 et
1234 2371 1370 2450 reliqua
1392 2367 1591 2448 supellecti-

359 2475 406 2537 lia
422 2474 467 2537 ad
482 2476 609 2555 viginti
624 2477 777 2558 quinque
792 2495 964 2558 personas
979 2476 1218 2557 excipiendas
1232 2488 1267 2539 et
1279 2486 1463 2556 praeterea
1479 2475 1592 2538 aliam

359 2581 489 2646 bonam
515 2583 768 2648 habitationem
792 2585 1067 2665 supellectilibus
1087 2586 1297 2648 instructam
1322 2601 1403 2647 cum
1422 2583 1595 2646 omnibus

359 2688 405 2750 ad
418 2690 552 2753 victum
566 2700 601 2754 et
612 2692 779 2755 vestitum
793 2693 1005 2756 necessariis
1020 2710 1085 2773 pro
1100 2702 1252 2773 quatuor
1267 2692 1441 2772 personiS,
1456 2709 1501 2753 ex
1517 2690 1592 2770 qui-

361 2794 426 2857 bus
442 2796 549 2876 aliqui
563 2798 683 2876 pueris
694 2799 918 2862 instituendis
929 2799 1055 2862 darent
1066 2816 1221 2879 operam.
1236 2799 1401 2861 Addebat
1414 2787 1597 2861 Dominus

361 2900 517 2965 Thomas
532 2904 589 2982 (ex
604 2904 804 2986 praecipuis
825 2906 855 2968 is
876 2915 953 2968 erat
977 2906 1148 2969 ministris
1162 2904 1362 2969 Cardinalis
1376 2905 1405 2968 F
1407 2904 1538 2967 arnesii
1555 2915 1593 2967 et

361 3006 404 3071 tle
419 3008 595 3074 Societate
609 3012 698 3075 bene
712 3012 870 3089 meritus)
890 3011 988 3075 cives
1003 3013 1195 3092 spoletinos
1210 3012 1278 3075 hoc
1299 3028 1516 3091 magnopere
1532 3028 1591 3073 ex·

360 3126 491 3196 petere,
508 3127 543 3179 et
558 3119 593 3180 in
609 3120 683 3181 dies
698 3118 824 3181 horum
843 3120 977 3182 ‘etiam
995 3135 1180 3182 numerum
1200 3119 1403 3197 augendum
1423 3135 1501 3181 esse
1515 3128 1592 3179 tan·

361 3240 468 3303 quam
493 3233 629 3288 certum
654 3225 892 3301 affirmabant,
918 3237 952 3288 et
972 3227 1069 3288 velut
1089 3225 1280 3306 hospitium
1300 3224 1477 3306 quoddam
1500 3224 1598 3286 lutu-

360 3348 439 3394 rum
454 3331 500 3394 ad
515 3330 711 3411 Collegium
731 3330 985 3411 Laurctanum,
1007 3342 1041 3395 ct
1063 3334 1192 3395 multos
1213 3333 1328 3395 bonae
1348 3332 1475 3395 indolis
1493 3328 1592 3409 juve·

361 3454 425 3501 nes
440 3437 485 3501 ad
505 3436 717 3503 Societatem
737 3457 815 3503 esse
835 3457 1055 3503 accessuros
1073 3439 1161 3502 Cum
1176 3448 1294 3502 tamen
1310 3440 1480 3502 tumultus
1494 3437 1590 3501 belli·

362 3562 426 3609 cus
437 3546 502 3609 sub
520 3548 603 3609 anni
616 3546 718 3610 finem
739 3547 1014 3627 conquievisset,
1027 3564 1093 3610 nec
1107 3546 1311 3625 collegiales
1323 3555 1424 3609 extra
1439 3544 1589 3608 Romam

362 3654 463 3717 missi
482 3664 612 3733 essent,
630 3672 674 3716 ne
696 3654 763 3716 hoc
786 3654 927 3735 quidem
952 3653 1089 3716 initium
1110 3653 1250 3733 collegii
1265 3654 1460 3717 admissum
1474 3662 1539 3715 est.

404 3892 414 3927 ¹
441 3892 579 3947 Momeuta,
590 3895 682 3949 qulbus
692 3900 759 3951 opus
770 3896 818 3940 hoc
829 3905 895 3939 sane
903 3895 983 3949 pium
993 3894 1085 3949 exequi
1100 3893 1169 3937 Stus.
1186 3892 1303 3947 ignatius
1319 3894 1431 3946 nolebat,
1443 3892 1559 3937 invenies
1569 3893 1601 3937 ln.

365 3962 462 4009 Certus
471 3966 504 4010 de
515 3966 570 4009 San
581 3966 700 4021 ignatio,
709 3976 729 4011 t.
739 3978 774 4021 vr,
783 3978 843 4021 pag.
853 3967 892 4010 iss
903 3974 929 4011 et
939 3966 989 4010 270.

405 4038 417 4070 ¹
443 4038 508 4093 Pag.
519 4038 554 4092 ⁶2,
565 4050 589 4082 n.
602 4040 648 4093 189,
659 4046 685 4083 et
696 4050 754 4093 pag.
764 4038 798 4091 67,
809 4050 833 4081 n.
844 4038 892 4082 210.

404 4109 416 4142 ⁸
442 4111 579 4161 Polancus.
593 4122 626 4154 ex
636 4122 701 4155 com.
714 4110 770 4155 Vlc.
782 4110 852 4165 Gen,
863 4112 876 4153 5
887 4110 1017 4155 Novembr
1028 4142 1034 4165 ,
1044 4110 1072 4153 28
1081 4110 1220 4154 Novembr.
1234 4116 1260 4152 et
1271 4108 1298 4152 26
1307 4108 1539 4152 Decembre-Vide
1553 4118 1594 4151 su·

364 4193 421 4237 pra.
437 4188 457 4229 t.
472 4192 511 4237 nr,
527 4195 585 4237 pag.
603 4184 637 4235 11,
652 4196 676 4227 n.
694 4184 838 4227 l3-P01·ro
855 4182 983 4227 “Thomas
996 4182 1079 4227 Lilius
1092 4184 1158 4230 (sive
1175 4181 1270 4235 Glgllo)
1283 4180 1460 4231 Bononiensis,
1477 4179 1603 4223 Antistes

366 4253 480 4299 Soranus
488 4263 624 4309 cooptatus
635 4263 674 4299 est
684 4268 751 4300 anno
764 4256 822 4309 1561,
832 4256 859 4299 at
870 4256 965 4299 mensis
976 4254 1104 4299 Octobris:
1115 4256 1149 4299 ad
1160 4254 1338 4297 Placentinam
1348 4252 1534 4296 sedemdelnde
1544 4258 1603 4295 tra-

367 4326 451 4369 slatus
458 4326 507 4370 l'uit
520 4328 593 4379 1577..
604 4328 733 4379 Uenatus,
747 4327 829 4371 Italia
840 4339 929 4375 sacra,
937 4334 955 4370 t.
965 4338 983 4379 r,
993 4328 1041 4371 cot.
1055 4325 1211 4382 lita-Ejus,
1221 4326 1264 4379 qul
1275 4337 1324 4368 non
1335 4336 1427 4379 parunt
1437 4323 1540 4378 ignatio
1551 4334 1596 4366 au·

368 4396 424 4451 xilil
435 4397 531 4441 Rornae
543 4399 681 4452 praestitit,
699 4400 853 4453 praesertim
864 4400 975 4451 negotiis
985 4398 1010 4441 ln
1021 4399 1093 4441 curia
1103 4398 1218 4452 agendis,
1229 4397 1331 4451 saepius
1343 4397 1399 4451 jam
1415 4396 1487 4441 faeta
1500 4395 1605 4438 mentio

365 4476 415 4521 est,
426 4476 480 4515 tum
491 4471 515 4513 in
524 4471 573 4514 hoc
586 4470 721 4521 Chronico,
731 4478 785 4515 turn
796 4472 934 4525 praecipue
945 4472 970 4513 ln
983 4470 1077 4514 cartas
1086 4470 1119 4513 ele
1128 4470 1183 4512 San
1198 4468 1318 4522 rgnacto.

410 4543 422 4575 ⁴
448 4542 609 4595 Nostrorum,
620 4543 684 4589 scil..
692 4544 733 4596 qul
745 4542 771 4585 ln
782 4544 866 4586 altera
878 4542 927 4585 hnc
942 4543 1016 4586 domo
1028 4544 1116 4597 pueris
1124 4540 1289 4585 instituendis
1300 4540 1392 4584 darent
1403 4551 1517 4595 operam.
