<?xml version="1.0" encoding="UTF-8"?>
<!DOCTYPE html PUBLIC "-//W3C//DTD XHTML 1.0 Transitional//EN"
    "http://www.w3.org/TR/xhtml1/DTD/xhtml1-transitional.dtd">
<html xmlns="http://www.w3.org/1999/xhtml" xml:lang="en" lang="en">
 <head>
  <title>
</title>
<meta http-equiv="Content-Type" content="text/html;charset=utf-8" />
  <meta name='ocr-system' content='tesseract 3.04.00' />
  <meta name='ocr-capabilities' content='ocr_page ocr_carea ocr_par ocr_line ocrx_word'/>
</head>
<body>
  <div class='ocr_page' id='page_1' title='image "./vitaignatiiloio00polagoog_0389.png"; bbox 0 0 3642 5350; ppageno 0'>
   <div class='ocr_carea' id='block_1_1' title="bbox 796 409 1483 481">
    <p class='ocr_par' dir='ltr' id='par_1_1' title="bbox 796 409 1483 481">
     <span class='ocr_line' id='line_1_1' title="bbox 796 409 1483 481; baseline 0.001 -1"><span class='ocrx_word' id='word_1_1' title='bbox 796 419 857 480; x_wconf 83' lang='grc' dir='ltr'>ΑΝ.</span> <span class='ocrx_word' id='word_1_2' title='bbox 881 419 950 481; x_wconf 84' lang='grc'>1556</span> <span class='ocrx_word' id='word_1_3' title='bbox 1428 409 1483 470; x_wconf 86' lang='grc'>379</span> 
     </span>
    </p>
   </div>
   <div class='ocr_carea' id='block_1_2' title="bbox 250 560 1511 2257">
    <p class='ocr_par' dir='ltr' id='par_1_2' title="bbox 250 560 1483 968">
     <span class='ocr_line' id='line_1_2' title="bbox 256 560 1480 650; baseline -0.002 -25"><span class='ocrx_word' id='word_1_4' title='bbox 256 560 292 626; x_wconf 94' lang='lat' dir='ltr'>in</span> <span class='ocrx_word' id='word_1_5' title='bbox 307 573 459 630; x_wconf 86' lang='lat' dir='ltr'>mentem</span> <span class='ocrx_word' id='word_1_6' title='bbox 475 566 611 631; x_wconf 88' lang='lat' dir='ltr'>veniret</span> <span class='ocrx_word' id='word_1_7' title='bbox 622 566 717 650; x_wconf 85' lang='lat' dir='ltr'>justo</span> <span class='ocrx_word' id='word_1_8' title='bbox 732 568 800 633; x_wconf 91' lang='lat' dir='ltr'>Dei</span> <span class='ocrx_word' id='word_1_9' title='bbox 816 567 948 648; x_wconf 85' lang='lat' dir='ltr'>judicio</span> <span class='ocrx_word' id='word_1_10' title='bbox 969 564 1174 648; x_wconf 90' lang='lat' dir='ltr'>provincias</span> <span class='ocrx_word' id='word_1_11' title='bbox 1188 564 1268 627; x_wconf 85' lang='lat' dir='ltr'>illas</span> <span class='ocrx_word' id='word_1_12' title='bbox 1288 581 1309 626; x_wconf 90' lang='lat' dir='ltr'>a</span> <span class='ocrx_word' id='word_1_13' title='bbox 1328 560 1405 627; x_wconf 91' lang='lat' dir='ltr'>Deo</span> <span class='ocrx_word' id='word_1_14' title='bbox 1424 561 1480 625; x_wconf 88' lang='lat' dir='ltr'>de·</span> 
     </span>
     <span class='ocr_line' id='line_1_3' title="bbox 258 670 1483 755; baseline 0.001 -23"><span class='ocrx_word' id='word_1_15' title='bbox 258 680 382 751; x_wconf 89' lang='lat' dir='ltr'>sertas,</span> <span class='ocrx_word' id='word_1_16' title='bbox 397 681 431 735; x_wconf 91' lang='lat' dir='ltr'>et</span> <span class='ocrx_word' id='word_1_17' title='bbox 441 675 570 755; x_wconf 91' lang='lat' dir='ltr'>partim</span> <span class='ocrx_word' id='word_1_18' title='bbox 583 694 603 739; x_wconf 89' lang='lat' dir='ltr'>a</span> <span class='ocrx_word' id='word_1_19' title='bbox 615 677 726 741; x_wconf 89' lang='lat' dir='ltr'>turcis</span> <span class='ocrx_word' id='word_1_20' title='bbox 736 686 771 741; x_wconf 89' lang='lat' dir='ltr'>et</span> <span class='ocrx_word' id='word_1_21' title='bbox 787 676 977 739; x_wconf 86' lang='lat' dir='ltr'>haereticis</span> <span class='ocrx_word' id='word_1_22' title='bbox 988 672 1214 738; x_wconf 89' lang='lat' dir='ltr'>devorandas</span> <span class='ocrx_word' id='word_1_23' title='bbox 1225 671 1386 751; x_wconf 84' lang='lat' dir='ltr'>relinqui,</span> <span class='ocrx_word' id='word_1_24' title='bbox 1400 678 1435 735; x_wconf 91' lang='lat' dir='ltr'>et</span> <span class='ocrx_word' id='word_1_25' title='bbox 1446 670 1483 735; x_wconf 93' lang='lat' dir='ltr'>in</span> 
     </span>
     <span class='ocr_line' id='line_1_4' title="bbox 250 776 1481 865; baseline 0.002 -26"><span class='ocrx_word' id='word_1_26' title='bbox 250 776 334 864; x_wconf 63' lang='lat' dir='ltr'>vdies</span> <span class='ocrx_word' id='word_1_27' title='bbox 348 778 620 865; x_wconf 84' lang='lat' dir='ltr'>imminuebatur</span> <span class='ocrx_word' id='word_1_28' title='bbox 635 784 812 848; x_wconf 88' lang='lat' dir='ltr'>catholica</span> <span class='ocrx_word' id='word_1_29' title='bbox 825 783 963 863; x_wconf 82' lang='lat' dir='ltr'>religio,</span> <span class='ocrx_word' id='word_1_30' title='bbox 976 791 1011 846; x_wconf 93' lang='lat' dir='ltr'>et</span> <span class='ocrx_word' id='word_1_31' title='bbox 1022 781 1160 845; x_wconf 90' lang='lat' dir='ltr'>husitae</span> <span class='ocrx_word' id='word_1_32' title='bbox 1172 778 1313 843; x_wconf 89' lang='lat' dir='ltr'>bohemi</span> <span class='ocrx_word' id='word_1_33' title='bbox 1324 776 1481 859; x_wconf 86' lang='lat' dir='ltr'>prolicie-</span> 
     </span>
     <span class='ocr_line' id='line_1_5' title="bbox 257 883 1041 968; baseline 0.003 -21"><span class='ocrx_word' id='word_1_34' title='bbox 257 883 343 948; x_wconf 86' lang='lat' dir='ltr'>bant</span> <span class='ocrx_word' id='word_1_35' title='bbox 356 886 393 949; x_wconf 93' lang='lat' dir='ltr'>in</span> <span class='ocrx_word' id='word_1_36' title='bbox 408 887 506 968; x_wconf 88' lang='lat' dir='ltr'>pejus</span> <span class='ocrx_word' id='word_1_37' title='bbox 521 899 555 953; x_wconf 87' lang='lat' dir='ltr'>et</span> <span class='ocrx_word' id='word_1_38' title='bbox 569 890 604 953; x_wconf 93' lang='lat' dir='ltr'>in</span> <span class='ocrx_word' id='word_1_39' title='bbox 616 890 819 954; x_wconf 89' lang='lat' dir='ltr'>lutheranos</span> <span class='ocrx_word' id='word_1_40' title='bbox 831 890 1041 955; x_wconf 84' lang='lat' dir='ltr'>evadebant.</span> 
     </span>
    </p>

    <p class='ocr_par' dir='ltr' id='par_1_3' title="bbox 256 992 1511 2041">
     <span class='ocr_line' id='line_1_6' title="bbox 320 992 1483 1078; baseline 0 -23"><span class='ocrx_word' id='word_1_41' title='bbox 320 992 409 1057; x_wconf 88' lang='lat'>1591.</span> <span class='ocrx_word' id='word_1_42' title='bbox 451 994 836 1078; x_wconf 85' lang='lat' dir='ltr'>CollegiumPragense</span> <span class='ocrx_word' id='word_1_43' title='bbox 849 998 885 1061; x_wconf 93' lang='lat' dir='ltr'>in</span> <span class='ocrx_word' id='word_1_44' title='bbox 896 998 1002 1060; x_wconf 91' lang='lat' dir='ltr'>rebus</span> <span class='ocrx_word' id='word_1_45' title='bbox 1014 994 1267 1077; x_wconf 89' lang='lat' dir='ltr'>temporalibus</span> <span class='ocrx_word' id='word_1_46' title='bbox 1279 1011 1350 1059; x_wconf 92' lang='lat' dir='ltr'>non</span> <span class='ocrx_word' id='word_1_47' title='bbox 1358 1009 1483 1075; x_wconf 86' lang='lat' dir='ltr'>parum</span> 
     </span>
     <span class='ocr_line' id='line_1_7' title="bbox 258 1102 1485 1185; baseline -0.002 -20"><span class='ocrx_word' id='word_1_48' title='bbox 258 1102 481 1166; x_wconf 86' lang='lat' dir='ltr'>sublevatum</span> <span class='ocrx_word' id='word_1_49' title='bbox 494 1102 575 1184; x_wconf 85' lang='lat' dir='ltr'>fuit;</span> <span class='ocrx_word' id='word_1_50' title='bbox 597 1121 679 1167; x_wconf 89' lang='lat' dir='ltr'>nam</span> <span class='ocrx_word' id='word_1_51' title='bbox 698 1106 827 1169; x_wconf 87' lang='lat' dir='ltr'>bonam</span> <span class='ocrx_word' id='word_1_52' title='bbox 848 1105 1020 1185; x_wconf 90' lang='lat' dir='ltr'>pecuniae</span> <span class='ocrx_word' id='word_1_53' title='bbox 1039 1119 1213 1167; x_wconf 89' lang='lat' dir='ltr'>summam</span> <span class='ocrx_word' id='word_1_54' title='bbox 1236 1120 1281 1166; x_wconf 86' lang='lat' dir='ltr'>ex</span> <span class='ocrx_word' id='word_1_55' title='bbox 1303 1120 1357 1180; x_wconf 88' lang='lat' dir='ltr'>ea,</span> <span class='ocrx_word' id='word_1_56' title='bbox 1377 1117 1485 1181; x_wconf 88' lang='lat' dir='ltr'>quam</span> 
     </span>
     <span class='ocr_line' id='line_1_8' title="bbox 258 1208 1481 1301; baseline -0.001 -29"><span class='ocrx_word' id='word_1_57' title='bbox 258 1208 335 1273; x_wconf 86' lang='lat' dir='ltr'>Rex</span> <span class='ocrx_word' id='word_1_58' title='bbox 346 1211 559 1290; x_wconf 88' lang='lat' dir='ltr'>promiserat</span> <span class='ocrx_word' id='word_1_59' title='bbox 571 1212 616 1301; x_wconf 85' lang='lat' dir='ltr'>ad</span> <span class='ocrx_word' id='word_1_60' title='bbox 628 1212 827 1277; x_wconf 85' lang='lat' dir='ltr'>aedilicium</span> <span class='ocrx_word' id='word_1_61' title='bbox 839 1222 873 1277; x_wconf 90' lang='lat' dir='ltr'>et</span> <span class='ocrx_word' id='word_1_62' title='bbox 884 1212 975 1275; x_wconf 91' lang='lat' dir='ltr'>alios</span> <span class='ocrx_word' id='word_1_63' title='bbox 986 1210 1137 1290; x_wconf 86' lang='lat' dir='ltr'>Collegii</span> <span class='ocrx_word' id='word_1_64' title='bbox 1147 1227 1244 1289; x_wconf 90' lang='lat' dir='ltr'>usus,</span> <span class='ocrx_word' id='word_1_65' title='bbox 1257 1218 1481 1289; x_wconf 86' lang='lat' dir='ltr'>acceperant;</span> 
     </span>
     <span class='ocr_line' id='line_1_9' title="bbox 258 1313 1484 1400; baseline -0.002 -19"><span class='ocrx_word' id='word_1_66' title='bbox 258 1318 406 1395; x_wconf 89' lang='lat' dir='ltr'>multum</span> <span class='ocrx_word' id='word_1_67' title='bbox 426 1318 530 1397; x_wconf 87' lang='lat' dir='ltr'>enim,</span> <span class='ocrx_word' id='word_1_68' title='bbox 552 1320 659 1381; x_wconf 88' lang='lat' dir='ltr'>etiarn</span> <span class='ocrx_word' id='word_1_69' title='bbox 678 1329 759 1400; x_wconf 90' lang='lat' dir='ltr'>post</span> <span class='ocrx_word' id='word_1_70' title='bbox 778 1321 972 1384; x_wconf 90' lang='lat' dir='ltr'>adventum</span> <span class='ocrx_word' id='word_1_71' title='bbox 990 1327 1205 1395; x_wconf 89' lang='lat' dir='ltr'>nostrorum,</span> <span class='ocrx_word' id='word_1_72' title='bbox 1227 1313 1484 1380; x_wconf 86' lang='lat' dir='ltr'>aedificandum</span> 
     </span>
     <span class='ocr_line' id='line_1_10' title="bbox 258 1408 1486 1507; baseline -0.003 -18"><span class='ocrx_word' id='word_1_73' title='bbox 258 1424 335 1503; x_wconf 85' lang='lat' dir='ltr'>fuit,</span> <span class='ocrx_word' id='word_1_74' title='bbox 352 1434 387 1488; x_wconf 92' lang='lat' dir='ltr'>et</span> <span class='ocrx_word' id='word_1_75' title='bbox 405 1424 485 1489; x_wconf 93' lang='lat' dir='ltr'>ideo</span> <span class='ocrx_word' id='word_1_76' title='bbox 500 1426 614 1489; x_wconf 89' lang='lat' dir='ltr'>serius</span> <span class='ocrx_word' id='word_1_77' title='bbox 635 1443 742 1507; x_wconf 85' lang='lat' dir='ltr'>quarn</span> <span class='ocrx_word' id='word_1_78' title='bbox 762 1408 1023 1507; x_wconf 51' lang='lat' dir='ltr'>cossgitaverant,</span> <span class='ocrx_word' id='word_1_79' title='bbox 1039 1426 1155 1503; x_wconf 91' lang='lat' dir='ltr'>idest,</span> <span class='ocrx_word' id='word_1_80' title='bbox 1170 1425 1220 1487; x_wconf 69' lang='grc' dir='ltr'>7.Ιι</span> <span class='ocrx_word' id='word_1_81' title='bbox 1237 1422 1332 1507; x_wconf 90' lang='lat' dir='ltr'>Julii,</span> <span class='ocrx_word' id='word_1_82' title='bbox 1348 1422 1486 1486; x_wconf 92' lang='lat' dir='ltr'>initium</span> 
     </span>
     <span class='ocr_line' id='line_1_11' title="bbox 260 1530 1484 1615; baseline -0.002 -20"><span class='ocrx_word' id='word_1_83' title='bbox 260 1531 385 1595; x_wconf 91' lang='lat' dir='ltr'>studiis</span> <span class='ocrx_word' id='word_1_84' title='bbox 399 1532 522 1596; x_wconf 91' lang='lat' dir='ltr'>datum</span> <span class='ocrx_word' id='word_1_85' title='bbox 536 1543 600 1597; x_wconf 91' lang='lat' dir='ltr'>est.</span> <span class='ocrx_word' id='word_1_86' title='bbox 617 1532 904 1615; x_wconf 82' lang='lat' dir='ltr'>impediebantur</span> <span class='ocrx_word' id='word_1_87' title='bbox 918 1534 1012 1598; x_wconf 91' lang='lat' dir='ltr'>enim</span> <span class='ocrx_word' id='word_1_88' title='bbox 1025 1531 1196 1596; x_wconf 87' lang='lat' dir='ltr'>aedificiis</span> <span class='ocrx_word' id='word_1_89' title='bbox 1205 1539 1241 1594; x_wconf 88' lang='lat' dir='ltr'>et</span> <span class='ocrx_word' id='word_1_90' title='bbox 1252 1530 1331 1594; x_wconf 90' lang='lat' dir='ltr'>aliis</span> <span class='ocrx_word' id='word_1_91' title='bbox 1346 1530 1484 1604; x_wconf 90' lang='lat' dir='ltr'>debitis,</span> 
     </span>
     <span class='ocr_line' id='line_1_12' title="bbox 260 1635 1511 1721; baseline -0.003 -18"><span class='ocrx_word' id='word_1_92' title='bbox 260 1656 350 1721; x_wconf 88' lang='lat' dir='ltr'>quae</span> <span class='ocrx_word' id='word_1_93' title='bbox 370 1650 635 1720; x_wconf 85' lang='lat' dir='ltr'>contraxerant;</span> <span class='ocrx_word' id='word_1_94' title='bbox 651 1641 715 1705; x_wconf 87' lang='lat' dir='ltr'>sed</span> <span class='ocrx_word' id='word_1_95' title='bbox 729 1641 830 1704; x_wconf 92' lang='lat' dir='ltr'>brevi</span> <span class='ocrx_word' id='word_1_96' title='bbox 850 1641 920 1704; x_wconf 89' lang='lat' dir='ltr'>tria</span> <span class='ocrx_word' id='word_1_97' title='bbox 932 1641 1007 1704; x_wconf 86' lang='lat' dir='ltr'>fere</span> <span class='ocrx_word' id='word_1_98' title='bbox 1028 1639 1138 1703; x_wconf 90' lang='lat' dir='ltr'>millia</span> <span class='ocrx_word' id='word_1_99' title='bbox 1159 1639 1352 1702; x_wconf 89' lang='lat' dir='ltr'>talerorum</span> <span class='ocrx_word' id='word_1_100' title='bbox 1366 1636 1404 1701; x_wconf 92' lang='lat' dir='ltr'>P.</span> <span class='ocrx_word' id='word_1_101' title='bbox 1422 1635 1485 1702; x_wconf 88' lang='lat' dir='ltr'>Ca·</span> <span class='ocrx_word' id='word_1_102' title='bbox 1507 1669 1511 1675; x_wconf 92' lang='lat'>·</span> 
     </span>
     <span class='ocr_line' id='line_1_13' title="bbox 260 1743 1487 1827; baseline -0.002 -18"><span class='ocrx_word' id='word_1_103' title='bbox 260 1746 372 1810; x_wconf 91' lang='lat' dir='ltr'>nisius</span> <span class='ocrx_word' id='word_1_104' title='bbox 387 1746 536 1827; x_wconf 89' lang='lat' dir='ltr'>accepit,</span> <span class='ocrx_word' id='word_1_105' title='bbox 553 1758 588 1809; x_wconf 91' lang='lat' dir='ltr'>et</span> <span class='ocrx_word' id='word_1_106' title='bbox 604 1748 652 1811; x_wconf 93' lang='lat' dir='ltr'>ita</span> <span class='ocrx_word' id='word_1_107' title='bbox 666 1747 815 1826; x_wconf 84' lang='lat' dir='ltr'>Collegii</span> <span class='ocrx_word' id='word_1_108' title='bbox 830 1746 1139 1811; x_wconf 86' lang='lat' dir='ltr'>commoditatibus</span> <span class='ocrx_word' id='word_1_109' title='bbox 1160 1745 1298 1809; x_wconf 91' lang='lat' dir='ltr'>consuli</span> <span class='ocrx_word' id='word_1_110' title='bbox 1311 1743 1436 1826; x_wconf 93' lang='lat' dir='ltr'>potuit,</span> <span class='ocrx_word' id='word_1_111' title='bbox 1452 1752 1487 1806; x_wconf 92' lang='lat' dir='ltr'>et</span> 
     </span>
     <span class='ocr_line' id='line_1_14' title="bbox 256 1845 1487 1941; baseline 0.001 -29"><span class='ocrx_word' id='word_1_112' title='bbox 256 1862 401 1935; x_wconf 69' lang='lat' dir='ltr'>,praeter</span> <span class='ocrx_word' id='word_1_113' title='bbox 416 1852 653 1919; x_wconf 88' lang='lat' dir='ltr'>habitationes</span> <span class='ocrx_word' id='word_1_114' title='bbox 668 1864 702 1918; x_wconf 88' lang='lat' dir='ltr'>et</span> <span class='ocrx_word' id='word_1_115' title='bbox 717 1854 859 1919; x_wconf 89' lang='lat' dir='ltr'>scholas</span> <span class='ocrx_word' id='word_1_116' title='bbox 874 1854 999 1918; x_wconf 92' lang='lat' dir='ltr'>hortos</span> <span class='ocrx_word' id='word_1_117' title='bbox 1014 1855 1121 1917; x_wconf 91' lang='lat' dir='ltr'>etiam</span> <span class='ocrx_word' id='word_1_118' title='bbox 1135 1850 1341 1917; x_wconf 89' lang='lat' dir='ltr'>commodos</span> <span class='ocrx_word' id='word_1_119' title='bbox 1356 1845 1487 1941; x_wconf 71' lang='lat' dir='ltr'>habere</span> 
     </span>
     <span class='ocr_line' id='line_1_15' title="bbox 262 1969 462 2041; baseline 0.005 -17"><span class='ocrx_word' id='word_1_120' title='bbox 262 1969 462 2041; x_wconf 88' lang='lat' dir='ltr'>potuerunt.</span> 
     </span>
    </p>

    <p class='ocr_par' dir='ltr' id='par_1_4' title="bbox 261 2066 1488 2257">
     <span class='ocr_line' id='line_1_16' title="bbox 324 2066 1488 2150; baseline -0.001 -20"><span class='ocrx_word' id='word_1_121' title='bbox 324 2067 412 2132; x_wconf 87' lang='lat'>1592.</span> <span class='ocrx_word' id='word_1_122' title='bbox 457 2068 629 2150; x_wconf 88' lang='lat' dir='ltr'>Quamvis</span> <span class='ocrx_word' id='word_1_123' title='bbox 644 2079 762 2134; x_wconf 86' lang='lat' dir='ltr'>tamen</span> <span class='ocrx_word' id='word_1_124' title='bbox 777 2070 984 2135; x_wconf 78' lang='lat' dir='ltr'>facultatem</span> <span class='ocrx_word' id='word_1_125' title='bbox 996 2078 1184 2150; x_wconf 89' lang='lat' dir='ltr'>acceperat</span> <span class='ocrx_word' id='word_1_126' title='bbox 1198 2067 1236 2133; x_wconf 91' lang='lat' dir='ltr'>P.</span> <span class='ocrx_word' id='word_1_127' title='bbox 1250 2066 1425 2145; x_wconf 86' lang='lat' dir='ltr'>Canisius,</span> <span class='ocrx_word' id='word_1_128' title='bbox 1443 2066 1488 2130; x_wconf 89' lang='lat' dir='ltr'>ab</span> 
     </span>
     <span class='ocr_line' id='line_1_17' title="bbox 261 2173 1488 2257; baseline -0.002 -18"><span class='ocrx_word' id='word_1_129' title='bbox 261 2176 339 2256; x_wconf 93' lang='lat' dir='ltr'>ipso</span> <span class='ocrx_word' id='word_1_130' title='bbox 361 2174 396 2237; x_wconf 83' lang='grc' dir='ltr'>Ρ.</span> <span class='ocrx_word' id='word_1_131' title='bbox 412 2175 552 2257; x_wconf 81' lang='lat' dir='ltr'>ignatio</span> <span class='ocrx_word' id='word_1_132' title='bbox 574 2178 731 2253; x_wconf 89' lang='lat' dir='ltr'>missam,</span> <span class='ocrx_word' id='word_1_133' title='bbox 748 2187 786 2241; x_wconf 92' lang='lat' dir='ltr'>ut</span> <span class='ocrx_word' id='word_1_134' title='bbox 805 2178 1030 2243; x_wconf 87' lang='lat' dir='ltr'>convictores</span> <span class='ocrx_word' id='word_1_135' title='bbox 1051 2175 1237 2241; x_wconf 86' lang='lat' dir='ltr'>admittere</span> <span class='ocrx_word' id='word_1_136' title='bbox 1256 2184 1390 2256; x_wconf 88' lang='lat' dir='ltr'>posset;</span> <span class='ocrx_word' id='word_1_137' title='bbox 1405 2173 1488 2253; x_wconf 88' lang='lat' dir='ltr'>quia</span> 
     </span>
    </p>
   </div>
   <div class='ocr_carea' id='block_1_3' title="bbox 260 2281 1588 2367">
    <p class='ocr_par' dir='ltr' id='par_1_5' title="bbox 260 2281 1588 2367">
     <span class='ocr_line' id='line_1_18' title="bbox 260 2281 1588 2367; baseline -0.002 -21"><span class='ocrx_word' id='word_1_138' title='bbox 260 2283 365 2364; x_wconf 91' lang='lat' dir='ltr'>pauci</span> <span class='ocrx_word' id='word_1_139' title='bbox 379 2294 481 2347; x_wconf 88' lang='lat' dir='ltr'>erant</span> <span class='ocrx_word' id='word_1_140' title='bbox 495 2286 608 2348; x_wconf 87' lang='lat' dir='ltr'>nostri</span> <span class='ocrx_word' id='word_1_141' title='bbox 622 2294 659 2349; x_wconf 94' lang='lat' dir='ltr'>ut</span> <span class='ocrx_word' id='word_1_142' title='bbox 674 2295 819 2367; x_wconf 89' lang='lat' dir='ltr'>possent</span> <span class='ocrx_word' id='word_1_143' title='bbox 839 2285 890 2349; x_wconf 92' lang='lat' dir='ltr'>eis</span> <span class='ocrx_word' id='word_1_144' title='bbox 909 2284 1077 2365; x_wconf 85' lang='lat' dir='ltr'>regendis</span> <span class='ocrx_word' id='word_1_145' title='bbox 1097 2300 1242 2362; x_wconf 87' lang='lat' dir='ltr'>vacare,</span> <span class='ocrx_word' id='word_1_146' title='bbox 1258 2281 1488 2345; x_wconf 73' lang='lat' dir='ltr'>differendam</span> <span class='ocrx_word' id='word_1_147' title='bbox 1587 2287 1588 2294; x_wconf 78' lang='grc'>’</span> 
     </span>
    </p>
   </div>
   <div class='ocr_carea' id='block_1_4' title="bbox 253 2382 1494 3960">
    <p class='ocr_par' dir='ltr' id='par_1_6' title="bbox 253 2382 1492 3332">
     <span class='ocr_line' id='line_1_19' title="bbox 253 2382 1489 2473; baseline -0.002 -20"><span class='ocrx_word' id='word_1_148' title='bbox 253 2382 505 2469; x_wconf 17' lang='lat' dir='ltr'>‘executionem</span> <span class='ocrx_word' id='word_1_149' title='bbox 526 2392 676 2473; x_wconf 83' lang='lat' dir='ltr'>Collegii</span> <span class='ocrx_word' id='word_1_150' title='bbox 689 2393 936 2457; x_wconf 89' lang='lat' dir='ltr'>convictorum</span> <span class='ocrx_word' id='word_1_151' title='bbox 955 2392 1104 2470; x_wconf 90' lang='lat' dir='ltr'>censuit;</span> <span class='ocrx_word' id='word_1_152' title='bbox 1121 2388 1284 2472; x_wconf 86' lang='lat' dir='ltr'>quamvis</span> <span class='ocrx_word' id='word_1_153' title='bbox 1302 2388 1409 2471; x_wconf 89' lang='lat' dir='ltr'>pauci</span> <span class='ocrx_word' id='word_1_154' title='bbox 1423 2389 1489 2451; x_wconf 93' lang='lat' dir='ltr'>sub</span> 
     </span>
     <span class='ocr_line' id='line_1_20' title="bbox 263 2496 1489 2578; baseline -0.001 -18"><span class='ocrx_word' id='word_1_155' title='bbox 263 2498 465 2563; x_wconf 88' lang='lat' dir='ltr'>annifinem</span> <span class='ocrx_word' id='word_1_156' title='bbox 480 2498 686 2563; x_wconf 86' lang='lat' dir='ltr'>admittendi</span> <span class='ocrx_word' id='word_1_157' title='bbox 701 2499 843 2578; x_wconf 88' lang='lat' dir='ltr'>fuerint,</span> <span class='ocrx_word' id='word_1_158' title='bbox 860 2510 899 2564; x_wconf 91' lang='lat' dir='ltr'>ut</span> <span class='ocrx_word' id='word_1_159' title='bbox 919 2498 1108 2564; x_wconf 86' lang='lat' dir='ltr'>satisfieret</span> <span class='ocrx_word' id='word_1_160' title='bbox 1122 2499 1191 2562; x_wconf 91' lang='lat' dir='ltr'>illis</span> <span class='ocrx_word' id='word_1_161' title='bbox 1212 2515 1234 2561; x_wconf 88' lang='lat' dir='ltr'>a</span> <span class='ocrx_word' id='word_1_162' title='bbox 1254 2496 1382 2578; x_wconf 90' lang='lat' dir='ltr'>quibus</span> <span class='ocrx_word' id='word_1_163' title='bbox 1396 2512 1489 2560; x_wconf 89' lang='lat' dir='ltr'>com·</span> 
     </span>
     <span class='ocr_line' id='line_1_21' title="bbox 263 2604 1490 2689; baseline -0.002 -22"><span class='ocrx_word' id='word_1_164' title='bbox 263 2605 419 2668; x_wconf 88' lang='lat' dir='ltr'>mendati</span> <span class='ocrx_word' id='word_1_165' title='bbox 434 2616 546 2669; x_wconf 90' lang='lat' dir='ltr'>erant.</span> <span class='ocrx_word' id='word_1_166' title='bbox 567 2606 684 2671; x_wconf 90' lang='lat' dir='ltr'>Aucto</span> <span class='ocrx_word' id='word_1_167' title='bbox 705 2616 823 2671; x_wconf 90' lang='lat' dir='ltr'>tamen</span> <span class='ocrx_word' id='word_1_168' title='bbox 843 2608 1087 2689; x_wconf 87' lang='lat' dir='ltr'>operariorum</span> <span class='ocrx_word' id='word_1_169' title='bbox 1106 2622 1265 2684; x_wconf 89' lang='lat' dir='ltr'>numero,</span> <span class='ocrx_word' id='word_1_170' title='bbox 1282 2620 1355 2667; x_wconf 93' lang='lat' dir='ltr'>non</span> <span class='ocrx_word' id='word_1_171' title='bbox 1374 2604 1490 2666; x_wconf 88' lang='lat' dir='ltr'>solum</span> 
     </span>
     <span class='ocr_line' id='line_1_22' title="bbox 264 2710 1488 2796; baseline -0.001 -21"><span class='ocrx_word' id='word_1_172' title='bbox 264 2713 458 2777; x_wconf 88' lang='lat' dir='ltr'>catholicos</span> <span class='ocrx_word' id='word_1_173' title='bbox 471 2715 534 2778; x_wconf 92' lang='lat' dir='ltr'>sed</span> <span class='ocrx_word' id='word_1_174' title='bbox 545 2715 650 2779; x_wconf 83' lang='lat' dir='ltr'>etiarn</span> <span class='ocrx_word' id='word_1_175' title='bbox 662 2716 910 2779; x_wconf 89' lang='lat' dir='ltr'>schismaticos</span> <span class='ocrx_word' id='word_1_176' title='bbox 921 2732 1051 2796; x_wconf 89' lang='lat' dir='ltr'>pueros</span> <span class='ocrx_word' id='word_1_177' title='bbox 1061 2713 1297 2778; x_wconf 89' lang='lat' dir='ltr'>admittendos</span> <span class='ocrx_word' id='word_1_178' title='bbox 1309 2710 1488 2788; x_wconf 88' lang='lat' dir='ltr'>censebat,</span> 
     </span>
     <span class='ocr_line' id='line_1_23' title="bbox 264 2819 1490 2901; baseline -0.001 -18"><span class='ocrx_word' id='word_1_179' title='bbox 264 2837 335 2884; x_wconf 92' lang='lat' dir='ltr'>non</span> <span class='ocrx_word' id='word_1_180' title='bbox 349 2821 463 2885; x_wconf 89' lang='lat' dir='ltr'>solum</span> <span class='ocrx_word' id='word_1_181' title='bbox 478 2819 524 2884; x_wconf 88' lang='lat' dir='ltr'>ad</span> <span class='ocrx_word' id='word_1_182' title='bbox 538 2822 691 2901; x_wconf 90' lang='lat' dir='ltr'>scholas,</span> <span class='ocrx_word' id='word_1_183' title='bbox 704 2823 767 2886; x_wconf 92' lang='lat' dir='ltr'>sed</span> <span class='ocrx_word' id='word_1_184' title='bbox 782 2822 951 2886; x_wconf 88' lang='lat' dir='ltr'>etiam-ad</span> <span class='ocrx_word' id='word_1_185' title='bbox 965 2821 1196 2885; x_wconf 88' lang='lat' dir='ltr'>domesticam</span> <span class='ocrx_word' id='word_1_186' title='bbox 1207 2821 1298 2884; x_wconf 90' lang='lat' dir='ltr'>inter</span> <span class='ocrx_word' id='word_1_187' title='bbox 1311 2819 1490 2883; x_wconf 86' lang='lat' dir='ltr'>convicto-</span> 
     </span>
     <span class='ocr_line' id='line_1_24' title="bbox 265 2926 1490 3007; baseline -0.002 -17"><span class='ocrx_word' id='word_1_188' title='bbox 265 2943 323 2990; x_wconf 90' lang='lat' dir='ltr'>res</span> <span class='ocrx_word' id='word_1_189' title='bbox 338 2928 647 3007; x_wconf 89' lang='lat' dir='ltr'>cohabitationem;</span> <span class='ocrx_word' id='word_1_190' title='bbox 664 2938 698 2992; x_wconf 89' lang='lat' dir='ltr'>et</span> <span class='ocrx_word' id='word_1_191' title='bbox 713 2929 758 2992; x_wconf 92' lang='lat' dir='ltr'>ad</span> <span class='ocrx_word' id='word_1_192' title='bbox 774 2929 1043 2993; x_wconf 88' lang='lat' dir='ltr'>instaurandam</span> <span class='ocrx_word' id='word_1_193' title='bbox 1055 2927 1269 2992; x_wconf 86' lang='lat' dir='ltr'>catholicam</span> <span class='ocrx_word' id='word_1_194' title='bbox 1283 2926 1490 3006; x_wconf 84' lang='lat' dir='ltr'>religionem</span> 
     </span>
     <span class='ocr_line' id='line_1_25' title="bbox 264 3034 1492 3117; baseline -0.002 -20"><span class='ocrx_word' id='word_1_195' title='bbox 264 3034 300 3097; x_wconf 93' lang='lat' dir='ltr'>in</span> <span class='ocrx_word' id='word_1_196' title='bbox 324 3034 494 3099; x_wconf 90' lang='lat' dir='ltr'>Bohemia</span> <span class='ocrx_word' id='word_1_197' title='bbox 518 3036 728 3116; x_wconf 91' lang='lat' dir='ltr'>principium</span> <span class='ocrx_word' id='word_1_198' title='bbox 753 3036 788 3100; x_wconf 90' lang='lat' dir='ltr'>id</span> <span class='ocrx_word' id='word_1_199' title='bbox 813 3036 889 3100; x_wconf 87' lang='lat' dir='ltr'>fore</span> <span class='ocrx_word' id='word_1_200' title='bbox 912 3036 1088 3116; x_wconf 89' lang='lat' dir='ltr'>sperabat.</span> <span class='ocrx_word' id='word_1_201' title='bbox 1106 3035 1151 3100; x_wconf 87' lang='lat' dir='ltr'>Et</span> <span class='ocrx_word' id='word_1_202' title='bbox 1170 3036 1298 3117; x_wconf 89' lang='lat' dir='ltr'>aliquis</span> <span class='ocrx_word' id='word_1_203' title='bbox 1323 3043 1492 3097; x_wconf 86' lang='lat' dir='ltr'>externus</span> 
     </span>
     <span class='ocr_line' id='line_1_26' title="bbox 265 3139 1491 3224; baseline -0.002 -20"><span class='ocrx_word' id='word_1_204' title='bbox 265 3157 493 3220; x_wconf 71' lang='lat' dir='ltr'>oeconomus</span> <span class='ocrx_word' id='word_1_205' title='bbox 507 3143 553 3206; x_wconf 90' lang='lat' dir='ltr'>ad</span> <span class='ocrx_word' id='word_1_206' title='bbox 570 3161 627 3206; x_wconf 91' lang='lat' dir='ltr'>res</span> <span class='ocrx_word' id='word_1_207' title='bbox 638 3146 854 3224; x_wconf 85' lang='lat' dir='ltr'>temporales</span> <span class='ocrx_word' id='word_1_208' title='bbox 865 3160 989 3207; x_wconf 91' lang='lat' dir='ltr'>eorum</span> <span class='ocrx_word' id='word_1_209' title='bbox 1001 3143 1189 3222; x_wconf 67' lang='lat' dir='ltr'>curandas</span> <span class='ocrx_word' id='word_1_210' title='bbox 1203 3139 1427 3224; x_wconf 89' lang='lat' dir='ltr'>quaerendus</span> <span class='ocrx_word' id='word_1_211' title='bbox 1441 3139 1491 3202; x_wconf 87' lang='lat' dir='ltr'>vi·</span> 
     </span>
     <span class='ocr_line' id='line_1_27' title="bbox 264 3248 1491 3332; baseline -0.002 -20"><span class='ocrx_word' id='word_1_212' title='bbox 264 3248 424 3328; x_wconf 89' lang='lat' dir='ltr'>debatur,</span> <span class='ocrx_word' id='word_1_213' title='bbox 442 3262 480 3314; x_wconf 92' lang='lat' dir='ltr'>ut</span> <span class='ocrx_word' id='word_1_214' title='bbox 501 3251 613 3314; x_wconf 88' lang='lat' dir='ltr'>nostri</span> <span class='ocrx_word' id='word_1_215' title='bbox 628 3260 765 3315; x_wconf 88' lang='lat' dir='ltr'>tanturn</span> <span class='ocrx_word' id='word_1_216' title='bbox 779 3269 833 3330; x_wconf 90' lang='lat' dir='ltr'>ea,</span> <span class='ocrx_word' id='word_1_217' title='bbox 850 3269 942 3332; x_wconf 87' lang='lat' dir='ltr'>quae</span> <span class='ocrx_word' id='word_1_218' title='bbox 957 3251 1153 3331; x_wconf 87' lang='lat' dir='ltr'>spiritualia</span> <span class='ocrx_word' id='word_1_219' title='bbox 1168 3258 1297 3330; x_wconf 91' lang='lat' dir='ltr'>essent,</span> <span class='ocrx_word' id='word_1_220' title='bbox 1313 3255 1491 3313; x_wconf 90' lang='lat' dir='ltr'>curarent.</span> 
     </span>
    </p>

    <p class='ocr_par' dir='ltr' id='par_1_7' title="bbox 266 3355 1494 3960">
     <span class='ocr_line' id='line_1_28' title="bbox 329 3355 1493 3440; baseline 0.001 -21"><span class='ocrx_word' id='word_1_221' title='bbox 329 3355 417 3420; x_wconf 84' lang='lat'>1593.</span> <span class='ocrx_word' id='word_1_222' title='bbox 460 3356 540 3438; x_wconf 92' lang='lat' dir='ltr'>Ipso</span> <span class='ocrx_word' id='word_1_223' title='bbox 560 3359 650 3422; x_wconf 84' lang='lat' dir='ltr'>festo</span> <span class='ocrx_word' id='word_1_224' title='bbox 672 3359 925 3440; x_wconf 90' lang='lat' dir='ltr'>Apostolorum</span> <span class='ocrx_word' id='word_1_225' title='bbox 945 3358 1040 3422; x_wconf 88' lang='lat' dir='ltr'>Petri</span> <span class='ocrx_word' id='word_1_226' title='bbox 1060 3367 1095 3421; x_wconf 91' lang='lat' dir='ltr'>et</span> <span class='ocrx_word' id='word_1_227' title='bbox 1116 3357 1216 3421; x_wconf 90' lang='lat' dir='ltr'>Pauli</span> <span class='ocrx_word' id='word_1_228' title='bbox 1236 3358 1272 3421; x_wconf 94' lang='lat' dir='ltr'>in</span> <span class='ocrx_word' id='word_1_229' title='bbox 1291 3375 1386 3420; x_wconf 88' lang='lat' dir='ltr'>novo</span> <span class='ocrx_word' id='word_1_230' title='bbox 1408 3357 1493 3420; x_wconf 84' lang='lat' dir='ltr'>rele-</span> 
     </span>
     <span class='ocr_line' id='line_1_29' title="bbox 266 3463 1493 3547; baseline 0.002 -21"><span class='ocrx_word' id='word_1_231' title='bbox 266 3464 380 3528; x_wconf 90' lang='lat' dir='ltr'>ctorio</span> <span class='ocrx_word' id='word_1_232' title='bbox 405 3464 522 3529; x_wconf 92' lang='lat' dir='ltr'>cibum</span> <span class='ocrx_word' id='word_1_233' title='bbox 541 3483 669 3547; x_wconf 87' lang='lat' dir='ltr'>capere</span> <span class='ocrx_word' id='word_1_234' title='bbox 695 3476 897 3547; x_wconf 89' lang='lat' dir='ltr'>coeperunt,</span> <span class='ocrx_word' id='word_1_235' title='bbox 925 3476 960 3530; x_wconf 93' lang='lat' dir='ltr'>et</span> <span class='ocrx_word' id='word_1_236' title='bbox 985 3465 1097 3529; x_wconf 86' lang='lat' dir='ltr'>adluit</span> <span class='ocrx_word' id='word_1_237' title='bbox 1122 3464 1297 3528; x_wconf 91' lang='lat' dir='ltr'>Dominus</span> <span class='ocrx_word' id='word_1_238' title='bbox 1315 3463 1493 3528; x_wconf 91' lang='lat' dir='ltr'>Henricus</span> 
     </span>
     <span class='ocr_line' id='line_1_30' title="bbox 266 3557 1493 3654; baseline 0.002 -19"><span class='ocrx_word' id='word_1_239' title='bbox 266 3570 484 3650; x_wconf 84' lang='lat' dir='ltr'>Scribonius,</span> <span class='ocrx_word' id='word_1_240' title='bbox 498 3571 725 3654; x_wconf 90' lang='lat' dir='ltr'>Praepositus</span> <span class='ocrx_word' id='word_1_241' title='bbox 737 3575 908 3638; x_wconf 89' lang='lat' dir='ltr'>ecclesiae</span> <span class='ocrx_word' id='word_1_242' title='bbox 920 3573 1119 3654; x_wconf 82' lang='lat' dir='ltr'>pragensis,</span> <span class='ocrx_word' id='word_1_243' title='bbox 1132 3557 1493 3653; x_wconf 84' lang='lat' dir='ltr'>quiEpiscopilocum</span> 
     </span>
     <span class='ocr_line' id='line_1_31' title="bbox 267 3680 1493 3762; baseline 0 -19"><span class='ocrx_word' id='word_1_244' title='bbox 267 3680 304 3743; x_wconf 93' lang='lat' dir='ltr'>in</span> <span class='ocrx_word' id='word_1_245' title='bbox 318 3697 361 3744; x_wconf 90' lang='lat' dir='ltr'>ea</span> <span class='ocrx_word' id='word_1_246' title='bbox 376 3681 527 3745; x_wconf 90' lang='lat' dir='ltr'>ecclesia</span> <span class='ocrx_word' id='word_1_247' title='bbox 542 3681 683 3745; x_wconf 90' lang='lat' dir='ltr'>tenebat</span> <span class='ocrx_word' id='word_1_248' title='bbox 699 3681 718 3758; x_wconf 87' lang='lat'>¹;</span> <span class='ocrx_word' id='word_1_249' title='bbox 736 3681 888 3746; x_wconf 90' lang='lat' dir='ltr'>necdum</span> <span class='ocrx_word' id='word_1_250' title='bbox 902 3683 995 3746; x_wconf 91' lang='lat' dir='ltr'>enim</span> <span class='ocrx_word' id='word_1_251' title='bbox 1009 3681 1310 3762; x_wconf 89' lang='lat' dir='ltr'>Archiepiscopus</span> <span class='ocrx_word' id='word_1_252' title='bbox 1324 3681 1417 3743; x_wconf 92' lang='lat' dir='ltr'>ullus</span> <span class='ocrx_word' id='word_1_253' title='bbox 1431 3690 1493 3744; x_wconf 87' lang='lat' dir='ltr'>aut</span> 
     </span>
     <span class='ocr_line' id='line_1_32' title="bbox 267 3787 1494 3869; baseline 0.002 -19"><span class='ocrx_word' id='word_1_254' title='bbox 267 3787 464 3869; x_wconf 91' lang='lat' dir='ltr'>Episcopus</span> <span class='ocrx_word' id='word_1_255' title='bbox 483 3789 518 3852; x_wconf 95' lang='lat' dir='ltr'>in</span> <span class='ocrx_word' id='word_1_256' title='bbox 538 3807 579 3852; x_wconf 91' lang='lat' dir='ltr'>ea</span> <span class='ocrx_word' id='word_1_257' title='bbox 599 3789 750 3852; x_wconf 86' lang='lat' dir='ltr'>ecclesia</span> <span class='ocrx_word' id='word_1_258' title='bbox 770 3798 912 3852; x_wconf 87' lang='lat' dir='ltr'>creatus</span> <span class='ocrx_word' id='word_1_259' title='bbox 934 3789 1064 3866; x_wconf 85' lang='lat' dir='ltr'>luerat,</span> <span class='ocrx_word' id='word_1_260' title='bbox 1085 3798 1274 3869; x_wconf 88' lang='lat' dir='ltr'>postquam</span> <span class='ocrx_word' id='word_1_261' title='bbox 1295 3787 1340 3851; x_wconf 90' lang='lat' dir='ltr'>ab</span> <span class='ocrx_word' id='word_1_262' title='bbox 1364 3788 1494 3852; x_wconf 88' lang='lat' dir='ltr'>unione</span> 
     </span>
     <span class='ocr_line' id='line_1_33' title="bbox 268 3895 1073 3960; baseline -0.001 -1"><span class='ocrx_word' id='word_1_263' title='bbox 268 3895 466 3959; x_wconf 90' lang='lat' dir='ltr'>catholicae</span> <span class='ocrx_word' id='word_1_264' title='bbox 482 3897 663 3960; x_wconf 90' lang='lat' dir='ltr'>Ecclesiae</span> <span class='ocrx_word' id='word_1_265' title='bbox 679 3897 847 3960; x_wconf 90' lang='lat' dir='ltr'>Bohemia</span> <span class='ocrx_word' id='word_1_266' title='bbox 862 3906 1073 3960; x_wconf 89' lang='lat' dir='ltr'>recesserat.</span> 
     </span>
    </p>
   </div>
   <div class='ocr_carea' id='block_1_5' title="bbox 267 4001 1495 4405">
    <p class='ocr_par' dir='ltr' id='par_1_8' title="bbox 267 4001 1494 4191">
     <span class='ocr_line' id='line_1_34' title="bbox 330 4001 1494 4084; baseline 0.003 -20"><span class='ocrx_word' id='word_1_267' title='bbox 330 4002 416 4066; x_wconf 87' lang='grc'>1594.</span> <span class='ocrx_word' id='word_1_268' title='bbox 461 4001 583 4068; x_wconf 85' lang='lat' dir='ltr'>Adfuit</span> <span class='ocrx_word' id='word_1_269' title='bbox 595 4013 629 4066; x_wconf 93' lang='lat' dir='ltr'>et</span> <span class='ocrx_word' id='word_1_270' title='bbox 641 4019 792 4083; x_wconf 84' lang='lat' dir='ltr'>magnus</span> <span class='ocrx_word' id='word_1_271' title='bbox 803 4003 975 4083; x_wconf 84' lang='lat' dir='ltr'>Magister</span> <span class='ocrx_word' id='word_1_272' title='bbox 987 4003 1172 4083; x_wconf 87' lang='lat' dir='ltr'>hospitalis</span> <span class='ocrx_word' id='word_1_273' title='bbox 1183 4012 1219 4067; x_wconf 94' lang='lat' dir='ltr'>et</span> <span class='ocrx_word' id='word_1_274' title='bbox 1229 4012 1377 4084; x_wconf 91' lang='lat' dir='ltr'>uterque</span> <span class='ocrx_word' id='word_1_275' title='bbox 1391 4019 1494 4068; x_wconf 90' lang='lat' dir='ltr'>suam</span> 
     </span>
     <span class='ocr_line' id='line_1_35' title="bbox 267 4109 733 4191; baseline -0.004 -19"><span class='ocrx_word' id='word_1_276' title='bbox 267 4126 412 4191; x_wconf 88' lang='lat' dir='ltr'>operam</span> <span class='ocrx_word' id='word_1_277' title='bbox 428 4109 581 4174; x_wconf 90' lang='lat' dir='ltr'>officiose</span> <span class='ocrx_word' id='word_1_278' title='bbox 597 4111 733 4174; x_wconf 92' lang='lat' dir='ltr'>obtulit.</span> 
     </span>
    </p>

    <p class='ocr_par' dir='ltr' id='par_1_9' title="bbox 267 4217 1495 4405">
     <span class='ocr_line' id='line_1_36' title="bbox 330 4217 1495 4299; baseline 0.003 -19"><span class='ocrx_word' id='word_1_279' title='bbox 330 4217 417 4280; x_wconf 88' lang='lat'>1595.</span> <span class='ocrx_word' id='word_1_280' title='bbox 460 4217 580 4298; x_wconf 88' lang='lat' dir='ltr'>Itaque</span> <span class='ocrx_word' id='word_1_281' title='bbox 599 4217 673 4297; x_wconf 87' lang='lat' dir='ltr'>jam</span> <span class='ocrx_word' id='word_1_282' title='bbox 694 4219 871 4298; x_wconf 90' lang='lat' dir='ltr'>superatis</span> <span class='ocrx_word' id='word_1_283' title='bbox 893 4218 1155 4282; x_wconf 88' lang='lat' dir='ltr'>difficultatibus</span> <span class='ocrx_word' id='word_1_284' title='bbox 1176 4217 1382 4299; x_wconf 67' lang='lat' dir='ltr'>majoribus</span> <span class='ocrx_word' id='word_1_285' title='bbox 1404 4218 1495 4286; x_wconf 88' lang='lat' dir='ltr'>scili·</span> 
     </span>
     <span class='ocr_line' id='line_1_37' title="bbox 267 4324 1495 4405; baseline 0.002 -16"><span class='ocrx_word' id='word_1_286' title='bbox 267 4333 334 4404; x_wconf 90' lang='lat' dir='ltr'>cet,</span> <span class='ocrx_word' id='word_1_287' title='bbox 350 4324 519 4405; x_wconf 82' lang='lat' dir='ltr'>fabricae,</span> <span class='ocrx_word' id='word_1_288' title='bbox 536 4325 587 4389; x_wconf 89' lang='lat' dir='ltr'>rei</span> <span class='ocrx_word' id='word_1_289' title='bbox 607 4325 846 4405; x_wconf 87' lang='lat' dir='ltr'>pecuniariae,</span> <span class='ocrx_word' id='word_1_290' title='bbox 863 4335 898 4389; x_wconf 90' lang='lat' dir='ltr'>et</span> <span class='ocrx_word' id='word_1_291' title='bbox 916 4325 1139 4390; x_wconf 88' lang='lat' dir='ltr'>inchoandae</span> <span class='ocrx_word' id='word_1_292' title='bbox 1153 4326 1309 4404; x_wconf 88' lang='lat' dir='ltr'>scholae,</span> <span class='ocrx_word' id='word_1_293' title='bbox 1331 4334 1367 4390; x_wconf 89' lang='lat' dir='ltr'>et</span> <span class='ocrx_word' id='word_1_294' title='bbox 1386 4326 1495 4392; x_wconf 89' lang='lat' dir='ltr'>Bohe-</span> 
     </span>
    </p>
   </div>
   <div class='ocr_carea' id='block_1_6' title="bbox 270 4595 1498 4724">
    <p class='ocr_par' dir='ltr' id='par_1_10' title="bbox 270 4595 1498 4724">
     <span class='ocr_line' id='line_1_38' title="bbox 311 4595 1498 4653; baseline 0.003 -13"><span class='ocrx_word' id='word_1_295' title='bbox 311 4595 319 4626; x_wconf 82' lang='lat'><strong>¹</strong></span> <span class='ocrx_word' id='word_1_296' title='bbox 348 4595 386 4640; x_wconf 89' lang='lat' dir='ltr'>De</span> <span class='ocrx_word' id='word_1_297' title='bbox 396 4599 445 4641; x_wconf 89' lang='lat' dir='ltr'>hoc</span> <span class='ocrx_word' id='word_1_298' title='bbox 455 4595 599 4640; x_wconf 82' lang='lat' dir='ltr'>clarissimo</span> <span class='ocrx_word' id='word_1_299' title='bbox 609 4597 668 4640; x_wconf 83' lang='lat' dir='ltr'>viro</span> <span class='ocrx_word' id='word_1_300' title='bbox 678 4595 800 4651; x_wconf 75' lang='lat' dir='ltr'>frequens</span> <span class='ocrx_word' id='word_1_301' title='bbox 810 4601 850 4640; x_wconf 87' lang='lat' dir='ltr'>est</span> <span class='ocrx_word' id='word_1_302' title='bbox 860 4597 957 4640; x_wconf 82' lang='lat' dir='ltr'>mentio</span> <span class='ocrx_word' id='word_1_303' title='bbox 966 4597 1032 4650; x_wconf 79' lang='lat' dir='ltr'>apud</span> <span class='ocrx_word' id='word_1_304' title='bbox 1043 4597 1257 4650; x_wconf 76' lang='lat' dir='ltr'>Baanrsaraora,</span> <span class='ocrx_word' id='word_1_305' title='bbox 1272 4609 1347 4653; x_wconf 85' lang='lat' dir='ltr'>quern</span> <span class='ocrx_word' id='word_1_306' title='bbox 1357 4597 1427 4653; x_wconf 82' lang='lat' dir='ltr'>vide,</span> <span class='ocrx_word' id='word_1_307' title='bbox 1437 4597 1455 4643; x_wconf 81' lang='grc'>1.</span> <span class='ocrx_word' id='word_1_308' title='bbox 1466 4609 1498 4649; x_wconf 81' lang='lat' dir='ltr'>c..</span> 
     </span>
     <span class='ocr_line' id='line_1_39' title="bbox 270 4666 1291 4724; baseline 0 -11"><span class='ocrx_word' id='word_1_309' title='bbox 270 4677 289 4713; x_wconf 86' lang='lat' dir='ltr'>t.</span> <span class='ocrx_word' id='word_1_310' title='bbox 301 4679 318 4724; x_wconf 89' lang='lat' dir='ltr'>r,</span> <span class='ocrx_word' id='word_1_311' title='bbox 327 4679 387 4724; x_wconf 70' lang='lat' dir='ltr'>pag.</span> <span class='ocrx_word' id='word_1_312' title='bbox 397 4667 445 4722; x_wconf 69' lang='lat'>497,</span> <span class='ocrx_word' id='word_1_313' title='bbox 457 4674 543 4713; x_wconf 77' lang='lat' dir='ltr'>annot.</span> <span class='ocrx_word' id='word_1_314' title='bbox 556 4669 565 4712; x_wconf 94' lang='grc'>1</span> <span class='ocrx_word' id='word_1_315' title='bbox 574 4679 580 4720; x_wconf 73' lang='grc' dir='ltr'>ς</span> <span class='ocrx_word' id='word_1_316' title='bbox 591 4677 651 4722; x_wconf 70' lang='lat' dir='ltr'>pag.</span> <span class='ocrx_word' id='word_1_317' title='bbox 661 4666 701 4712; x_wconf 74' lang='grc'>518</span> <span class='ocrx_word' id='word_1_318' title='bbox 710 4675 735 4712; x_wconf 91' lang='lat' dir='ltr'>et</span> <span class='ocrx_word' id='word_1_319' title='bbox 745 4667 798 4722; x_wconf 68' lang='lat'>5119,</span> <span class='ocrx_word' id='word_1_320' title='bbox 809 4667 948 4723; x_wconf 74' lang='lat' dir='ltr'>praecipue</span> <span class='ocrx_word' id='word_1_321' title='bbox 958 4678 1031 4722; x_wconf 86' lang='lat' dir='ltr'>vero,</span> <span class='ocrx_word' id='word_1_322' title='bbox 1041 4667 1161 4724; x_wconf 52' lang='lat' dir='ltr'>popm,</span> <span class='ocrx_word' id='word_1_323' title='bbox 1171 4673 1259 4714; x_wconf 82' lang='lat' dir='ltr'>annot.</span> <span class='ocrx_word' id='word_1_324' title='bbox 1271 4669 1291 4713; x_wconf 91' lang='grc'>1.</span> 
     </span>
    </p>
   </div>
   <div class='ocr_carea' id='block_1_7' title="bbox 0 0 1845 5350">
    <p class='ocr_par' dir='ltr' id='par_1_11' title="bbox 0 0 1845 5350">
     <span class='ocr_line' id='line_1_40' title="bbox 0 0 1845 5350; baseline 0 0"><span class='ocrx_word' id='word_1_325' title='bbox 0 0 1845 5350; x_wconf 95' lang='lat' dir='ltr'> </span> 
     </span>
    </p>
   </div>
  </div>
 </body>
</html>
