3642 5350
783 406 971 477 Auliou·
1006 412 1011 433 ³
1417 403 1472 477 169

245 560 379 625 victum
401 552 566 642 attinent,
578 554 750 627 auxilium
765 556 1005 646 'postulantes
1026 552 1094 630 luit
1115 565 1206 630 inte'r
1224 552 1291 629 lios
1311 563 1468 646 quidam,

244 668 306 750 qui
319 677 525 735 nostrorum
539 678 688 752 operae
707 671 868 736 faucibus
887 671 1070 738 daemonis
1083 681 1226 754 ereptus
1239 680 1310 752 est3
1325 670 1470 753 quidam

245 774 339 841 enim
353 773 658 843 dominicanorum
669 778 876 859 religionem
887 795 1054 860 egressus
1064 798 1108 845 ac
1122 769 1310 845 militarem
1325 778 1472 844 vivendi

245 883 420 949 rationem
434 898 588 965 secutus,
604 902 685 951 cum
700 881 762 969 [in]
777 894 901 951 nostro
916 886 1076 969 collegio
1095 905 1199 953 suum
1213 876 1345 952 statum
1363 886 1471 951 alicui

245 991 455 1072 aperuisset,
470 987 650 1059 stimulum
664 994 903 1059 conscientiae
917 995 1084 1076 sentiens,
1105 995 1152 1061 ad
1171 985 1360 1077 pristinum
1379 985 1470 1060 ordi·

246 1114 328 1163 nem
341 1094 684 1165 reverti'constltult.
699 1094 771 1166 Sed
789 1102 984 1181 egredienti
1004 1119 1051 1166 ex
1072 1101 1242 1183 Collegio,
1259 1092 1350 1167 'ecce
1370 1100 1472 1168 miles

244 1203 403 1287 quidam,
417 1222 488 1287 quo
502 1207 724 1273 familiariter
737 1208 774 1273 in
792 1207 885 1273 bello
906 1226 993 1273 usus
1010 1210 1138 1287 fuerat,
1160 1210 1193 1274 ei
1208 1199 1411 1274 occurrit'et
1424 1210 1471 1274 ad

245 1310 410 1379 triremes
433 1323 472 1377 ιιι
496 1330 534 1378 se
555 1313 716 1380 conferat
741 1313 787 1379 ad
800 1310 982 1381 'consueta
1006 1316 1181 1397 stipendia
1206 1315 1375 1381 merenda
1400 1309 1471 1380 non

246 1419 361 1484 solum
376 1417 550 1501 hortatur,
566 1420 629 1487 sed
644 1422 759 1487 minas
772 1430 808 1487 et
822 1430 978 1487 terrores
992 1423 1170 1488 recusanti
1184 1420 1293 1503 addit,
1309 1433 1345 1487 et
1359 1422 1408 1487 ita
1422 1422 1471 1487 in·

244 1525 341 1591 nitu's
352 1512 555 1609 aliquandiu
571 1529 607 1594 in
622 1529 825 1595 triremibus
839 1539 1080 1595 commoratus
1099 1540 1164 1608 est,
1184 1529 1297 1595 donec
1312 1531 1471 1595 occasio·

247 1651 329 1700 nem
343 1645 471 1699 nactus
485 1636 529 1700 ad
544 1646 688 1703 nostros
703 1638 874 1720 confugit,
889 1637 949 1702 ubi
963 1636 1105 1717 Rector,
1121 1639 1347 1719 eleemosyna
1362 1655 1384 1700 a
1399 1638 1473 1720 qui·

247 1740 397 1807 busdam
418 1743 594 1810 nobilibus
612 1754 815 1827 corrogata,
834 1754 955 1811 vestes
976 1746 1009 1810 ei
1033 1743 1260 1810 monachales
1279 1745 1363 1811 emit
1377 1754 1413 1810 et
1427 1744 1473 1809 ad

246 1850 303 1915 sni
315 1850 450 1917 ordinis
465 1850 677 1918 Generalem
691 1848 834 1934 dimisit,
850 1870 871 1918 a
886 1870 968 1936 qno,
989 1862 1029 1919 ut
1043 1852 1133 1933 ovis,
1149 1868 1240 1934 qnae
1254 1852 1420 1934 perierat,
1437 1849 1474 1917 in

248 1954 353 2023 suum
365 1956 695 2041 gregemreductus
709 1958 784 2027 est.¹

287 2062 378 2131 ‘dau
421 2066 598 2135 Sacellum
611 2079 774 2135 nostrum
788 2070 912 2135 diebus
925 2070 1025 2134 festis
1038 2070 1154 2135 forum
1175 2076 1427 2150 mercatorum,
1442 2060 1475 2135 si

248 2171 429 2239 hominum
447 2174 683 2259 frequentiam
700 2186 853 2259 speclea,
874 2176 1071 2258 videbatur;
1092 2175 1257 2259 quamvis
1275 2192 1472 2257 sermones,

247 2281 308 2363 qui
323 2278 605 2365 conferebantur,
623 2302 694 2349 non
707 2283 753 2350 de
764 2302 803 2351 re
813 2284 980 2349 familiari
989 2277 1164 2365 augenda,
1178 2283 1241 2349 sed
1250 2283 1294 2349 de
1305 2284 1472 2365 propriae

248 2396 284 2452 et
298 2389 449 2455 aliarum
464 2391 663 2457 animarum
677 2386 792 2457 salute
806 2401 841 2456 et
855 2386 1019 2474 profectu
1030 2399 1143 2456 erant.

307 2494 378 2560 621.
420 2495 516 2564 Inter
527 2500 667 2578 multos,
682 2499 742 2580 qui
757 2497 973 2565 Societatem
986 2498 1124 2579 ingredi
1138 2498 1339 2580 cupiebant,
1350 2498 1475 2581 primis

247 2604 428 2686 mensibus
446 2604 484 2668 in
502 2604 757 2688 coadjutorum
776 2623 962 2672 numerum
980 2605 1125 2689 quidam
1143 2605 1248 2672 officii
1271 2615 1394 2672 tonsor
1414 2606 1474 2672 ad·

247 2711 378 2776 missus
396 2722 461 2792 est,
484 2711 584 2794 cujus
602 2730 712 2795 opera
731 2715 863 2780 nostris
882 2724 960 2779 erat
978 2715 1183 2780 necessaria
1199 2712 1221 2779 ¹.
1242 2707 1380 2780 Deinde
1399 2717 1474 2798 qui·

248 2817 331 2882 dam
355 2814 524 2885 sacerdos
547 2820 709 2886 Bononia
734 2822 873 2899 missus,
901 2824 961 2905 qui
986 2831 1106 2886 tamen
1130 2839 1174 2886 ne
1195 2823 1305 2887 ullum
1330 2821 1472 2906 quidem

247 2924 342 2990 diem
355 2926 391 2990 in
404 2925 582 2994 Societate
595 2938 779 3010 exegerat,
801 2927 947 2994 Genuae
966 2928 1143 2994 admissus
1163 2937 1228 3009 est,
1245 2939 1281 2994 et
1299 2929 1375 3013 ejus
1393 2931 1474 2996 loco

248 3032 350 3115 alius,
367 3052 471 3118 quem
487 3035 633 3101 Genuae
646 3037 877 3130 admiserant,
894 3037 1091 3102 Bononiam
1110 3045 1165 3101 est
1179 3028 1320 3103 missus.

306 3139 381 3206 622.
420 3141 460 3206 Ρ.
474 3142 634 3225 Baptista
652 3143 835 3225 Violaens,
856 3144 986 3228 partim
1004 3144 1099 3226 quod
1120 3146 1212 3209 male
1227 3147 1374 3226 valeret,
1395 3164 1476 3228 par·

246 3249 310 3313 tirn
328 3249 435 3330 quod,
455 3259 494 3315 ut
506 3253 669 3334 superius
683 3253 839 3318 diximus
852 3259 875 3332 ¹,
896 3269 918 3316 a
938 3252 1216 3318 Claramontano
1234 3251 1414 3337 Episcopo
1429 3255 1475 3320 ad

247 3355 708 3441 aedificandumCollegium
718 3359 1119 3442 Billiomiexpetebatur,
1128 3360 1249 3440 quinta
1258 3359 1315 3426 die
1325 3353 1476 3427 Februa·

245 3461 303 3541 rii,
328 3464 532 3530 valedicens
550 3465 643 3532 Duci
661 3467 842 3533 Genuensi
861 3476 896 3532 et
915 3468 994 3532 aliis
1013 3462 1137 3531 amicis
1156 3475 1192 3531 et
1210 3467 1405 3549 Collegium
1418 3461 1477 3534 'eis

247 3549 549 3654 commendans,
539 3591 575 3638 ιιι
600 3575 765 3657 patriam,
792 3584 831 3639 ut
858 3574 1098 3640 valetudinem
1119 3592 1163 3638 ac
1183 3575 1280 3640 vires
1301 3575 1473 3656 reficeret,

247 3677 435 3758 profectus
449 3677 514 3760 e'st,
526 3690 573 3762 et,
590 3681 735 3747 sanitati
751 3683 947 3761 restitutus,
964 3674 1045 3748 c'um
1063 3681 1171 3746 sociis
1185 3679 1325 3746 Roma⁸
1344 3683 1475 3806 missis,

247 3794 287 3852 ut
300 3783 463 3868 superins
477 3787 642 3871 diximus,
658 3790 694 3854 in
710 3788 845 3854 Gallias
864 3789 1044 3869 migravit.

306 3893 379 3958 623.
421 3893 619 3962 Duodecim
643 3915 688 3961 ex
712 3897 845 3962 nostris
869 3897 1015 3961 Genuae
1045 3896 1197 3978 reliquit,
1223 3899 1387 3978 quamvis
1415 3900 1474 3965 hic

246 4017 415 4068 numerus
429 4005 696 4070 accessiuncula
715 4005 835 4088 aliqua
849 4004 895 4070 sit
909 4013 1035 4070 auctus
1049 4005 1117 4070 hoc
1132 4004 1257 4071 eodem
1272 4024 1377 4072 anno.
1394 4006 1475 4091 Qui·

286 4317 305 4354 ¹·
324 4319 403 4374 'Qnel
412 4319 533 4366 barbiano
544 4322 617 4366 eben
627 4321 694 4366 fatto
704 4321 856 4372 accettnrlm
865 4319 987 4366 havendo
997 4321 1067 4367 aaut
1077 4321 1294 4367 conducemus
1302 4323 1476 4377 potltlonedel

243 4402 293 4436 nno
306 4391 412 4448 padre..
426 4391 566 4448 Potanem,
582 4402 616 4437 ex
630 4403 706 4442 com..
721 4391 796 4438 Patri
809 4392 930 4450 Gaaparo
944 4389 1056 4450 Loarte,
1071 4391 1181 4450 collegii
1198 4391 1342 4439 Gennensln
1358 4394 1476 4452 Rectorl,

244 4464 295 4510 w
305 4462 444 4510 Februarii
457 4465 517 4511 lddd.

285 4534 298 4569 ¹
323 4534 487 4594 Ἦιιοιιιιριι,
497 4545 516 4584 t.
526 4549 544 4581 v
546 4550 624 4594 ,m
634 4538 684 4594 ult,
695 4550 720 4583 n.
731 4536 780 4583 90⁴.

287 4605 300 4640 ⁸
325 4607 373 4656 Ιι.
382 4607 511 4666 Romam,
524 4612 569 4660 scd
588 4622 739 4672 perpetum
754 4616 782 4662 ιιι
797 4614 880 4662 locun
896 4619 975 4662 annot
984 4613 1168 4678 praecedenti
1187 4617 1358 4704 memoratum
1378 4613 1478 4675 tegenti
