3642 5350
378 386 432 453 178
824 392 956 455 canon.
979 392 1058 454 Soc.
1081 392 1153 467 Jns.

373 540 497 617 voluit,
513 548 552 603 ut
566 538 696 622 partim
710 540 890 603 exercitiis
899 538 1152 620 spiritualibus
1169 538 1299 618 partim
1312 540 1393 602 aliis
1403 539 1602 605 rationibus

372 664 435 711 eos
446 646 573 728 iuvare
586 648 624 711 iu
638 646 792 711 Domino
807 656 939 727 possen
968 663 1035 710 nec
1055 643 1308 727 poenitendum
1321 646 1476 710 fructum
1496 664 1600 712 exeo

371 754 493 819 labore
517 754 620 835 cepit.
647 752 736 818 Cum
755 753 850 817 enim
867 752 1074 816 sacerdotes
1087 752 1137 816 illi
1155 752 1193 815 in
1211 752 1352 831 magnis
1370 754 1598 830 ignorantiae

371 861 525 926 tenebris
542 870 773 925 versarentur
787 869 808 937 ¹,
830 843 979 924 multum
999 860 1051 923 eis
1068 860 1159 923 lucis
1179 860 1269 923 haec
1289 860 1395 923 lectio
1416 862 1547 940 attulit;
1563 870 1599 926 et

370 967 407 1033 in
421 968 580 1032 moribus
593 968 701 1031 etiam
714 966 818 1031 bonis
830 966 974 1030 eosdem
992 966 1183 1047 promovit.
1203 964 1263 1029 Ad
1281 966 1520 1048 quadraginta
1534 986 1597 1033 nu·

369 1092 490 1140 merus
512 1072 711 1155 hujusmodi
731 1073 933 1137 auditorum
953 1072 1182 1150 ascendebat,
1201 1074 1329 1154 quibus
1342 1072 1397 1136 bis
1410 1074 1449 1137 in
1467 1074 1596 1139 hebdo-

370 1182 474 1247 mada
488 1181 732 1262 praelegebat3
748 1190 783 1244 et
803 1195 877 1259 eos,
898 1178 958 1261 qui
977 1196 1065 1260 prae
1084 1180 1165 1243 aliis
1178 1179 1321 1259 ingenio
1335 1181 1513 1258 valebant,
1529 1183 1596 1245 ele·

368 1290 433 1369 git,
445 1298 494 1364 ut,
506 1296 587 1369 post
597 1287 750 1367 diligens
760 1286 928 1363 studium,
940 1284 1092 1367 siugulis
1102 1285 1335 1351 hebdomadis
1344 1285 1441 1352 domi
1449 1297 1595 1352 nostrae

368 1404 686 1475 congregarentur,
702 1404 738 1459 et
752 1411 845 1458 unus
854 1410 989 1471 eorum,
1002 1394 1064 1475 qui
1074 1402 1183 1474 caput
1197 1395 1488 1475 congregationis
1498 1395 1595 1459 insti·

367 1514 463 1567 tutus
477 1518 566 1580 erat,
583 1501 701 1583 aliqua
715 1502 948 1583 proponebat,
970 1501 1015 1565 de
1028 1501 1154 1582 quibus
1168 1501 1206 1564 in
1220 1501 1384 1582 proxima
1397 1518 1593 1583 congrega·

366 1613 462 1676 tione
476 1610 718 1690 unusquisque
736 1625 838 1672 suam
860 1607 1071 1672 sententiam
1090 1608 1288 1688 praemisso
1308 1607 1424 1673 studio
1444 1609 1592 1689 diceret;

366 1727 402 1783 et
416 1718 543 1781 mirum
557 1718 596 1780 in
610 1716 755 1780 modum
768 1716 858 1778 haec
874 1714 1084 1778 exercitatio
1098 1714 1196 1778 utilis
1211 1714 1263 1778 eis
1278 1732 1358 1779 esse
1376 1716 1504 1797 coepit,
1519 1725 1554 1780 et
1568 1736 1592 1779 a

364 1824 507 1905 magnis
520 1822 712 1902 erroribuS,
725 1824 762 1886 in
776 1823 903 1902 quibus
918 1822 1017 1902 prius
1031 1821 1183 1902 fuerant,
1195 1833 1426 1887 emerserunt.

423 1931 495 1995 652.
538 1930 669 1994 Missus
687 1938 741 1993 est
763 1929 967 1992 Ferrariam
986 1928 1157 2011 Januario
1176 1946 1297 1993 mense
1315 1928 1354 1995 P.
1374 1930 1590 1998 Franciscus

274 2076 276 2081 ,
364 2036 531 2115 PalmiuS,
547 2037 679 2101 Rector
693 2036 909 2119 praedictus,
931 2046 969 2099 ut
985 2034 1124 2099 videret
1141 2036 1320 2115 quomodo
1335 2054 1374 2100 se
1392 2038 1588 2120 Collegium

363 2144 449 2209 illud
464 2158 498 2208 et
512 2145 617 2208 simul
633 2143 831 2208 Mutinense
845 2160 888 2206 ac
902 2142 1128 2223 Argentense
1138 2159 1178 2205 se
1188 2142 1373 2223 haberent,
1385 2155 1424 2209 ut
1434 2145 1473 2209 Ρ.
1485 2146 1588 2227 lgna·

363 2252 413 2316 tio
426 2252 586 2331 reserret;
602 2250 696 2332 quod
711 2247 844 2314 et‘fecit
858 2251 1058 2329 diligenter,
1073 2259 1108 2313 et
1123 2267 1204 2313 cum
1223 2250 1449 2316 cardinalem
1462 2252 1587 2319 Ferra-

361 2358 514 2424 n'ensem
525 2357 537 2390 ¹
550 2360 731 2435 inviseret,
745 2357 1000 2422 humanissime
1012 2356 1080 2420 fuit
1094 2356 1140 2421 ab
1157 2374 1201 2420 eo
1215 2368 1397 2437 exceptus
1418 2372 1453 2423 et
1470 2360 1502 2425 si
1515 2380 1587 2443 qua

359 2466 396 2530 in
418 2484 456 2530 re
476 2473 596 2547 posset
610 2464 778 2529 Societati
793 2464 980 2543 inservire,
996 2475 1034 2527 ut
1048 2460 1125 2543 ejus
1140 2464 1261 2529 verbis
1275 2473 1368 2543 utar,
1389 2483 1491 2531 suam
1504 2485 1585 2549 ope·

359 2589 438 2637 ram
452 2572 609 2636 officiose
623 2570 813 2635 admodum
827 2571 963 2635 obtulit.

418 2680 489 2745 653.
533 2679 636 2760 Quod
661 2680 707 2743 ad
727 2679 868 2743 scholas
888 2680 1012 2743 attinet
1037 2677 1060 2758 ⁸,
1086 2689 1252 2760 praeerat
1270 2680 1339 2743 illis
1359 2680 1454 2760 Mag.
1474 2681 1583 2747 Fran·

357 2789 475 2854 ciscus
498 2787 616 2869 Scipio
641 2785 663 2864 ⁴,
691 2796 726 2851 et
749 2787 838 2850 bene
862 2787 951 2850 satis
969 2797 1004 2849 et
1028 2785 1104 2866 ipse
1129 2796 1164 2850 et
1187 2785 1282 2867 Mag.
1303 2786 1533 2853 Sebastianus
1557 2787 1582 2869 ⁸,

239 2881 247 2892 ’
355 2897 483 2976 gallus,
499 2913 564 2959 suo
583 2893 696 2958 officio
717 2893 967 2972 fungebantur,
984 2894 1149 2975 quamvis
1165 2896 1245 2958 loco
1264 2895 1358 2959 tertii
1379 2905 1582 2977 praecepto·

356 3005 405 3067 ris
420 3003 526 3067 alium
541 3002 656 3082 magis
670 3001 846 3078 idoneum,
863 3017 970 3081 quam
983 3010 1062 3065 erat
1075 3000 1229 3082 quidam,
1245 3003 1386 3067 nomine
1400 3001 1580 3084 Salvator,

355 3109 580 3192 expetebant.
1532 3191 1537 3200 ι

412 3217 483 3280 664.
526 3215 585 3280 Ad
603 3214 789 3279 duodecim
810 3230 920 3295 supra
938 3223 1080 3278 centum
1098 3231 1267 3279 numerus
1285 3216 1579 3282 scholasticorum

352 3323 475 3404 primis
495 3321 675 3386 mensibus
696 3321 921 3399 ascendebat;
943 3320 1005 3385 sed
1025 3322 1244 3402 experientia
1258 3340 1320 3386 eos
1335 3324 1485 3388 docebat
1502 3327 1580 3389 sine

349 3431 530 3513 punitione
549 3447 621 3494 non
642 3445 746 3510 posse
765 3429 844 3492 illos
865 3428 901 3491 in
921 3427 1036 3492 officio
1056 3429 1241 3504 contineri,
1263 3447 1329 3493 nec
1349 3432 1386 3494 in
1399 3431 1527 3496 litteris
1542 3439 1578 3496 et

350 3538 451 3603 bonis
466 3537 634 3613 moribuS,
657 3545 696 3600 ut
715 3553 779 3616 par
799 3545 887 3612 erat,
908 3533 1092 3616 proficere;
1120 3553 1186 3599 nec
1203 3535 1451 3602 inveniebatur
1472 3539 1576 3603 facile

349 3645 408 3727 qui
423 3643 635 3709 correctoris
645 3641 759 3706 officio
771 3642 871 3721 fungi
882 3643 1000 3722 vellet;
1014 3651 1053 3707 ut
1062 3643 1204 3707 interim
1218 3653 1465 3726 paupertatem
1476 3647 1575 3711 omit·

348 3761 420 3816 tarn
441 3750 516 3834 ejus
538 3750 685 3828 Collegii
706 3749 751 3812 ad
771 3749 984 3830 stipendium
1007 3747 1208 3830 hujusmodi
1229 3752 1449 3817 solvendum.
1470 3753 1574 3833 Quod

348 3870 465 3923 autem
479 3873 570 3920 unus
584 3873 706 3920 eorum
721 3856 811 3920 alios
830 3856 981 3937 puniret,
998 3872 1070 3920 non
1083 3856 1159 3920 sine
1178 3856 1411 3922 incommodis
1424 3857 1575 3940 alicujus

345 3962 514 4030 momenti
524 3963 600 4027 fieri
611 3970 760 4044 poterat;
775 3970 810 4026 et
820 3962 900 4026 ideo
912 3961 1118 4026 facultatem
1129 3962 1272 4042 petebat
1283 3965 1409 4030 saltem
1420 3965 1575 4047 majores

345 4073 450 4152 virga
465 4069 619 4152 quadam
633 4067 864 4150 percutiendi.
881 4067 929 4134 Ut
943 4077 1063 4133 autem
1077 4069 1220 4134 scholae
1239 4069 1276 4135 in
1297 4072 1573 4138 commodiorem

384 4347 392 4380 ¹
421 4346 490 4392 Vide
498 4345 621 4392 Litterae
630 4345 860 4401 Quadrimestres,
868 4353 887 4390 t.
897 4357 934 4400 rv,
944 4357 1005 4403 pag.
1014 4346 1049 4392 6l.

383 4417 395 4450 ¹
423 4417 592 4476 Hippolytum
602 4419 634 4462 de
644 4418 708 4463 Este

384 4489 396 4522 ³
423 4489 515 4534 Sermo
522 4496 562 4535 est
572 4489 667 4535 iterum
676 4493 707 4536 de
719 4491 835 4546 collegio
845 4491 1008 4538 Bononiensi.

384 4563 396 4595 ⁴
423 4559 493 4606 Idem
504 4561 547 4617 qni
555 4562 617 4608 allbl
629 4562 736 4606 Boreion
747 4564 826 4622 etlam
836 4565 996 4619 appellatur.

384 4629 396 4665 ⁸
423 4631 490 4678 Vide
502 4633 569 4679 inira
580 4634 687 4678 dlcenda
697 4634 729 4679 ad
741 4645 765 4678 n.
776 4634 825 4679 666.
