3642 5350
357 366 411 427 702
818 363 943 422 Canon.
964 361 1039 423 Soc.
1061 364 1129 435 Jns.

357 512 432 591 bat;
453 521 486 575 et
506 511 537 575 si
555 512 680 576 novitii
695 510 878 573 habituum
905 506 1043 571 radices
1058 516 1206 589 agerent
1226 508 1261 571 in
1277 526 1320 571 ea
1340 505 1580 571 studiosorum

358 629 502 684 actuum
518 618 744 699 perfectione,
761 633 853 697 quae
868 616 903 679 in
918 615 1006 695 ipsis
1016 616 1192 693 elucebat,
1209 615 1400 696 praecipue
1409 613 1447 677 in
1457 612 1511 677 sui
1523 611 1584 675 ab·

358 728 546 808 negatione
561 735 596 791 et
611 742 732 789 amore
747 732 971 803 contemptus
984 733 1019 786 et
1038 721 1263 802 injuriarum,
1284 723 1443 802 singulos
1462 736 1585 784 eorum

359 837 455 900 velut
471 834 681 899 miraculum
696 832 817 897 mundi
838 831 961 895 haberi
981 848 1102 911 posse;
1122 840 1157 894 et
1176 831 1401 907 collationes
1422 845 1513 911 quae
1534 845 1587 891 re·

359 943 549 1007 creationis
573 951 731 1022 tempore
760 957 802 1001 ea
830 938 866 1001 in
891 938 996 1002 domo
1018 938 1256 1017 habebantur,
1280 937 1413 1001 similes
1434 935 1519 1013 iltis,
1542 934 1586 998 de

359 1049 484 1133 quibus
506 1049 578 1129 egit
601 1047 812 1125 Cassianus,
835 1062 914 1110 esse
933 1044 1125 1125 referebat;
1141 1045 1269 1127 quibus
1290 1062 1372 1109 cum
1391 1044 1586 1110 intererant

359 1157 486 1238 aliqui,
510 1174 558 1221 ex
580 1155 637 1219 his
660 1155 722 1235 qui
745 1152 886 1217 aliunde
912 1152 1167 1217 tentationibus
1191 1153 1321 1233 pulsati
1346 1150 1584 1225 mittebantur;

359 1281 509 1345 cumque
529 1262 781 1342 occupationes
801 1272 837 1325 et
858 1260 978 1325 studia
992 1262 1207 1325 novitiorum
1221 1261 1402 1339 viderent,
1417 1256 1585 1341 paucissi-

360 1372 427 1437 mis
441 1370 564 1435 diebus
578 1367 805 1434 curabantur.
1266 1455 1268 1458 Ι

419 1477 509 1544 3042.
553 1477 646 1542 Inter
662 1476 752 1539 alias
767 1483 886 1539 tamen
897 1476 1042 1554 regulas
1054 1474 1143 1537 duas
1155 1475 1375 1555 experientia
1386 1491 1467 1538 csse
1477 1472 1586 1537 utilis·

359 1586 469 1651 simas
481 1582 701 1661 ostendebat,
713 1582 835 1661 altera,
853 1599 944 1663 quae
959 1581 1168 1662 prohibebat
1183 1598 1264 1647 cum
1279 1582 1358 1647 aliis
1373 1582 1469 1662 loqui
1481 1597 1587 1661 quam

360 1711 440 1758 cum
456 1692 644 1773 descriptis
656 1692 692 1753 in
704 1691 871 1771 catalogo
883 1690 1009 1769 cuique
1021 1688 1118 1769 dato;
1131 1690 1254 1767 altera,
1269 1707 1359 1771 quae
1370 1688 1495 1753 suadet
1506 1704 1585 1769 poe·

359 1800 528 1865 nitentias
543 1818 564 1863 a
579 1797 769 1879 Superiora
779 1798 976 1878 postulare,
991 1798 1044 1861 sic
1058 1797 1152 1861 enim
1167 1796 1274 1861 fiebat
1288 1805 1337 1875 ut,
1354 1814 1435 1860 cum
1450 1796 1495 1860 ab
1510 1797 1586 1877 ipso

360 1906 649 1989 injungerentur,
679 1923 751 1969 non
778 1904 927 1969 libenter
951 1905 1138 1969 admittere
1162 1904 1424 1969 erubescerent:
1453 1906 1586 1969 nullam

359 2024 478 2079 autem
492 2030 623 2078 novam
639 2012 906 2078 observantiam
920 2011 1040 2077 induci
1061 2021 1164 2076 extra
1179 2012 1459 2077 Constitutiones
1473 2020 1508 2075 et
1522 2010 1586 2075 Re·

360 2122 465 2201 gulas
484 2120 757 2203 permittendam
776 2118 961 2199 censebat,
980 2136 1062 2184 cum
1081 2119 1117 2183 in
1139 2120 1209 2184 illis
1223 2119 1362 2184 abunde
1383 2120 1429 2183 sit
1443 2136 1587 2200 prospe·

364 2237 460 2293 ctum
475 2228 513 2291 in
527 2227 598 2307 his,
614 2245 706 2307 quae
721 2227 767 2291 ad
786 2226 1037 2307 perfectionem
1054 2225 1181 2309 juvare
1197 2235 1360 2306 possunt;
1382 2238 1418 2291 et
1433 2228 1534 2308 quia,
1557 2227 1588 2290 si

361 2353 451 2417 quae
471 2335 738 2410 inducerentur,
765 2352 891 2415 quaea
914 2336 1030 2415 capite
1050 2352 1121 2398 non
1145 2334 1418 2415 descenderent,
1445 2333 1587 2399 modum

361 2442 575 2524 procedendi
590 2441 809 2507 differentem
830 2441 1025 2506 efficerent:
1046 2442 1075 2506 si
1096 2442 1180 2523 quid
1201 2443 1286 2506 novi
1307 2443 1353 2507 ad
1368 2442 1587 2506 observatio·

361 2566 442 2614 nem
460 2547 677 2629 Regularum
698 2548 797 2613 fieret
819 2558 854 2613 et
876 2549 1029 2613 Instituti
1047 2550 1175 2629 nostri,
1197 2550 1233 2615 id
1256 2550 1392 2631 scripto
1417 2550 1588 2616 custodiri

361 2676 433 2722 non
453 2655 598 2736 debere,
622 2675 688 2722 nec
714 2656 783 2721 alio
808 2657 914 2722 modo
939 2676 1005 2722 nec
1030 2658 1235 2740 traditione,
1262 2659 1324 2724 sed
1349 2659 1524 2724 duntaxat
1545 2677 1587 2724 eo

360 2764 541 2842 utendum,
558 2765 671 2829 donec
686 2764 732 2828 ad
746 2764 905 2830 habitum
920 2767 1141 2831 custodiendi
1154 2776 1278 2833 nostra
1292 2768 1453 2833 instituta
1465 2785 1585 2850 perve-

360 2873 506 2936 niretur.

420 2978 511 3043 3043.
548 2976 593 3043 'Si
607 2995 698 3060 quae
714 2988 831 3044 autem
846 2980 1021 3045 relaxatio
1042 2981 1079 3044 in
1098 2981 1285 3062 disciplina
1306 2983 1420 3047 nostri
1434 2983 1588 3048 Instituti

361 3095 566 3150 cerneretur
580 3086 616 3150 in
631 3085 790 3166 collegiis
804 3085 1013 3167 Hispaniae,
1030 3105 1076 3152 ex
1090 3106 1133 3152 eo
1149 3090 1338 3170 provenire
1352 3088 1445 3170 quod
1460 3106 1587 3171 parum

361 3193 511 3258 sollicite
526 3191 844 3258 Constitutionibus
859 3210 901 3257 ac
923 3193 1069 3275 Regulis
1090 3197 1277 3288 servandis
1300 3215 1409 3279 opera
1429 3199 1584 3278 daretur;

361 3311 396 3364 et
409 3301 492 3381 quia
508 3301 545 3364 in
559 3300 718 3380 collegiis
733 3302 855 3382 parvis
870 3301 1056 3366 observan'
1069 3321 1216 3384 prorsus
1234 3305 1324 3370 haec
1339 3323 1412 3370 non
1426 3314 1586 3387 possunt,

360 3408 456 3472 nulla
472 3407 660 3487 colleglaa
680 3408 812 3472 nostris
834 3407 1027 3474 habitanda
1048 3412 1232 3492 censebat,
1253 3413 1367 3478 donec
1388 3413 1587 3479 aedificium

361 3523 396 3578 et
419 3514 555 3579 dotatio
584 3514 745 3580 absoluta
775 3525 888 3596 esset;
918 3534 1000 3581 cum
1027 3519 1122 3583 enim
1150 3521 1293 3600 pauculi
1321 3521 1511 3601 collegium
1536 3522 1587 3585 in·

360 3621 508 3701 choant,
525 3621 667 3686 interim
681 3622 765 3686 dum
780 3623 825 3688 ad
840 3623 1095 3704 perfectionem
1109 3625 1269 3692 fundatio
1284 3629 1484 3708 adducitur,
1504 3628 1587 3694 dum

359 3745 431 3791 non
447 3737 595 3807 possunt
613 3728 767 3793 Instituti
788 3731 1040 3811 perfectionem
1059 3733 1267 3815 observare,
1286 3736 1512 3801 fundatorum
1531 3735 1587 3801 de·

359 3835 541 3901 votionem
565 3835 763 3917 debilitant,
786 3838 844 3918 qui
868 3856 950 3905 cum
978 3841 1030 3905 eis
1051 3841 1274 3906 familiariter
1295 3845 1434 3908 versari
1459 3846 1585 3925 solent;

360 3942 524 4023 quamvis
538 3942 624 4006 nihil
639 3945 723 4008 mali
738 3945 890 4024 exempli
901 3965 923 4010 a
933 3948 1066 4012 nostris
1078 3964 1262 4028 egressum
1273 3960 1350 4014 erat
1360 3952 1431 4015 ullo
1443 3951 1479 4016 in
1495 3954 1585 4032 loco,

359 4049 423 4113 sed
452 4049 533 4130 quia
561 4067 692 4131 magna
721 4051 764 4116 de
793 4054 925 4118 nostris
952 4055 1156 4136 concipiunt
1184 4055 1411 4139 fundatores,
1439 4060 1588 4123 nonita

360 4173 485 4221 eorum
499 4157 736 4224 satisfactioni
751 4169 867 4241 potest
882 4162 1064 4243 satisfieri,
1081 4165 1237 4244 quandiu
1258 4175 1387 4231 exacta
1409 4167 1521 4231 nostri
1535 4167 1587 4230 ln·

361 4263 473 4328 stituti
489 4264 693 4330 observatio
708 4265 833 4332 haberi
847 4285 919 4332 non
933 4278 1061 4350 potest.

420 4369 510 4434 3044.
555 4372 718 4437 Addebat
734 4375 841 4439 etiam
856 4377 987 4441 nullam
1002 4395 1080 4442 esse
1095 4377 1270 4444 difficilem
1286 4380 1583 4447 Constitutionem

361 4486 421 4541 aut
441 4477 615 4559 Regulam
641 4480 848 4562 observatu,
876 4494 981 4564 prout
1000 4487 1220 4566 experientia
1239 4507 1320 4553 eum
1341 4489 1527 4568 docuerat,
1550 4491 1580 4554 si

361 4585 454 4647 serio
471 4586 517 4650 ad
530 4586 566 4650 id
581 4604 690 4667 opera
705 4586 860 4653 daretur.
