3642 5350
794 406 873 481 'An
896 421 965 481 1556
1447 420 1504 478 os

329 566 421 632 2045.
464 566 519 631 De
544 584 582 632 se
607 578 726 633 autem
751 569 894 655 scripsit
919 568 1043 631 eodem
1064 566 1132 646 die,
1155 565 1248 649 quod
1268 584 1340 631 non
1360 574 1502 647 poterat

271 675 457 739 commode
471 676 502 740 T
502 693 635 739 ornaco
655 677 838 757 recedere;
855 676 984 757 partim
1004 673 1098 756 quod
1117 674 1212 739 intra
1227 690 1291 739 sex
1312 673 1500 737 hebdoma-

273 783 339 846 das
363 800 444 847 cum
469 782 673 847 hominibus
695 784 792 867 loqui
816 801 887 847 non
909 791 1065 863 poterat,
1091 782 1223 863 partlm
1247 781 1343 861 quod
1362 781 1504 845 sublato

271 888 315 952 de
327 890 443 953 medio
454 889 492 953 P.
507 888 686 971 Quintino,
699 890 811 971 ipsius
826 907 935 971 opera
950 889 997 953 ad
1011 889 1207 954 amicorum
1221 888 1502 953 consolationem

271 997 452 1060 videretur
466 998 681 1078 necessaria;
695 998 824 1079 partim
837 996 931 1079 quod
941 996 1115 1077 praedicti
1126 995 1232 1060 amici
1242 995 1386 1059 domum
1397 1012 1502 1074 quae-

270 1120 350 1167 rere
365 1112 399 1167 et
419 1120 509 1184 quae
531 1104 734 1169 necessaria
753 1114 856 1167 erant
875 1104 921 1167 ad
941 1104 1083 1184 collegii
1101 1102 1357 1167 institutionem
1375 1119 1501 1182 coepe·

270 1219 368 1290 rant,
392 1212 522 1291 partim
542 1212 665 1289 etiam,
687 1222 725 1275 ut
742 1210 885 1293 juvaret
905 1209 945 1274 P.
966 1210 1161 1275 Antonium
1181 1210 1228 1273 ad
1248 1210 1358 1273 libros
1375 1219 1410 1273 et
1430 1210 1501 1273 alia

269 1316 362 1381 bona
377 1317 521 1382 mobilia
535 1319 791 1401 recuperanda,
808 1336 899 1401 quae
913 1319 1047 1383 nostris
1060 1319 1119 1381 ille
1132 1317 1336 1398 reliquerat.

329 1423 421 1487 2046.
465 1424 684 1493 Duodecimn
703 1426 858 1505 Augusti
877 1426 1021 1506 scripsit
1039 1426 1133 1491 idem
1152 1424 1190 1489 P.
1217 1424 1503 1505 Ribadeneyrae;

270 1532 333 1595 sed
347 1534 454 1612 paulo
465 1542 544 1612 post
556 1533 671 1613 coepit
683 1544 717 1595 et
730 1534 805 1615 ipse
817 1544 916 1613 peste
928 1532 1103 1608 laborare.
1118 1549 1224 1613 quam
1236 1532 1369 1612 optimo
1381 1532 1502 1595 animo

270 1648 305 1702 et
320 1655 401 1703 cum
416 1639 594 1703 hilaritate
609 1658 647 1703 se
662 1649 852 1720 expectare
867 1641 1072 1721 scripserat,
1086 1657 1168 1705 cum
1178 1640 1254 1720 eJus
1265 1641 1385 1720 aliqua
1395 1639 1502 1717 signa

269 1746 393 1825 primis
412 1747 535 1810 diebus
553 1744 656 1827 hujus
674 1749 806 1811 mensis
825 1748 986 1825 sentiret;
1009 1759 1043 1810 et
1063 1748 1204 1811 demum
1220 1746 1262 1811 22
1279 1746 1436 1825 Augusti
1455 1746 1501 1808 ad

272 1850 462 1917 Dominum
482 1864 516 1917 et
537 1854 612 1933 ipse
631 1854 800 1935 migravit
823 1858 844 1917 ¹.
863 1854 908 1918 Et
927 1856 1024 1918 solus
1045 1854 1199 1919 Tornaci
1212 1854 1358 1918 relictus
1377 1861 1432 1915 est
1456 1870 1502 1915 ex
1614 1937 1617 1943 Ι

270 1961 402 2023 nostris
416 1959 454 2023 P.
472 1958 649 2029 Antonius
665 1960 842 2039 BucletuS‚
859 1962 918 2043 qui
933 1971 968 2025 et
981 1962 1057 2042 ipse
1071 1962 1232 2042 graviter
1242 1960 1439 2024 laborabat.
1455 1958 1501 2023 Et

270 2066 320 2129 ita
342 2067 378 2129 hi
399 2065 536 2145 Patres,
559 2077 593 2130 et
613 2068 767 2149 operarii
791 2069 896 2133 valde
921 2069 1024 2132 utiles
1047 2070 1176 2135 vineae
1200 2068 1357 2143 Domini,
1378 2066 1500 2131 sunda·

271 2183 389 2238 menta
404 2174 553 2255 Collegii
567 2175 806 2241 Tornacensis
821 2177 933 2240 solida
945 2175 1117 2257 jecerunt,
1140 2186 1286 2259 propter
1302 2176 1504 2239 animarum

269 2281 457 2361 ztuxilium,
483 2299 555 2345 non
580 2284 696 2351 solum
717 2301 862 2365 operam
885 2301 1005 2364 suam,
1027 2284 1217 2349 sedetiam
1235 2285 1347 2348 vitam
1369 2283 1502 2362 impen-

267 2387 396 2452 dend0.
671 2470 673 2473 Ι
1311 2469 1313 2472 ¹

328 2494 372 2559 Et
388 2496 476 2561 haec
491 2499 535 2562 de
549 2498 770 2565 Tornacensi
785 2499 943 2580 Collegio
955 2518 998 2564 ac
1009 2499 1199 2564 Provincia
1215 2499 1397 2564 Inferioris
1415 2498 1503 2562 Ger·

269 2603 409 2696 maniae
424 2604 495 2668 sint
505 2606 612 2670 dicta.

312 2845 319 2874 ¹
349 2843 414 2900 Eius
424 2847 536 2902 elogium
547 2849 681 2892 contexuit
692 2848 844 2905 Ontnuoutt,
855 2851 872 2894 l.
880 2862 911 2902 c„
921 2863 944 2894 n.
955 2850 990 2895 et.
