3642 5350
827 397 890 454 Αιι.
912 395 983 454 1556
1501 395 1521 452 9

284 551 403 605 autern
418 542 667 609 decerneretur
687 543 848 606 inchoari
869 542 1009 620 debere,
1032 551 1107 605 tum
1126 542 1202 620 ipse
1221 540 1374 604 formam
1389 550 1517 605 cantus

284 647 377 730 [sibi]
393 649 603 729 reservavit;
618 649 716 713 etita
731 649 913 713 constituit
928 658 966 712 ut
980 665 1053 712 non
1067 648 1126 711 illo
1141 647 1293 728 simplici
1313 659 1420 710 cantu
1441 658 1518 711 ute·

285 767 418 838 rentur,
437 756 500 821 sed
514 757 635 837 potius
653 758 689 820 in
707 756 860 836 figurato
876 755 1093 836 simpliciori,
1110 772 1215 834 quem
1228 754 1375 833 salsum
1394 755 1518 818 bordo-

285 879 364 926 nem
380 873 511 927 vocant
529 861 548 943 ¹,
564 871 603 926 ut
617 864 767 944 populus
781 863 827 926 ad
842 880 948 926 sacra
967 861 1082 925 officia
1108 862 1318 925 alliceretur.
1341 861 1414 924 Nec
1435 879 1516 942 pro·

284 980 405 1050 pterea
420 971 512 1034 ullus
527 988 572 1034 cx
592 970 821 1034 confessariis
840 971 900 1033 vel
915 969 1228 1033 concionatoribus
1248 985 1290 1031 ea
1304 969 1340 1032 in
1355 987 1394 1032 re
1412 987 1517 1032 occu·

284 1077 447 1158 pabutur,
479 1077 542 1141 sed
571 1095 616 1141 ex
641 1077 885 1157 collegialibus
913 1077 1048 1141 nostris
1074 1086 1109 1139 et
1134 1076 1284 1156 Collegii
1311 1075 1519 1140 Germanici

282 1185 421 1264 aliquos
436 1196 561 1248 cantus
577 1185 710 1264 peritos
725 1183 895 1263 adhibuit;
917 1195 951 1247 et
967 1202 1050 1248 cum
1064 1185 1254 1246 multorum
1268 1181 1515 1246 aedificatione

283 1300 319 1353 ct
331 1292 574 1356 consolatione
585 1292 761 1372 spirituali
772 1309 829 1355 res
841 1293 1008 1356 inchoata
1021 1309 1064 1354 ac
1076 1291 1202 1354 deinde
1215 1289 1424 1353 continuata
1435 1289 1514 1352 fuit.

347 1397 393 1459 16.
436 1398 578 1492 Agebat
592 1408 678 1462 tunc
697 1395 861 1462 Pontifex
881 1397 925 1462 de
947 1398 1061 1462 officio
1076 1397 1248 1460 Datariae
1269 1395 1509 1474 reformand0,

282 1513 328 1582 et,
346 1505 435 1568 inter
452 1507 551 1582 alios,
569 1505 658 1570 duos
672 1503 863 1569 Societatis
877 1514 1021 1569 nostrae
1036 1505 1221 1583 theologos
1243 1503 1289 1567 ad
1309 1503 1516 1583 Congrega-

283 1611 398 1674 tiones
425 1611 469 1676 de
498 1612 749 1676 reformatione
777 1613 957 1676 institutas
985 1612 1146 1676 adhiberi
1170 1611 1294 1674 voluit.
1322 1609 1368 1673 Hi
1396 1619 1515 1673 autem

281 1717 300 1780 f
301 1727 424 1782 uerunt
438 1717 563 1782 Patres
578 1719 723 1801 Laynez
740 1728 775 1784 et
790 1719 901 1784 Olave
914 1722 941 1798 ¹;
962 1730 997 1783 et
1020 1718 1163 1784 demum
1182 1735 1240 1781 res
1262 1735 1303 1781 eo
1325 1733 1516 1797 progressa

283 1835 347 1902 cst,
365 1836 401 1888 ut
418 1826 691 1906 compositiones
706 1827 849 1890 omnino
869 1827 1087 1905 tollerentur,
1113 1835 1147 1888 et
1162 1824 1331 1905 quamdiu
1349 1822 1515 1887 Pontifex

283 1931 413 1995 Paulus
428 1925 478 1996 lV
494 1934 593 2012 vixit,
611 1949 692 1998 cum
706 1950 838 2022 magna
853 1934 950 1997 orbis
968 1933 1154 1997 christiani
1174 1929 1421 1996 aedificatione
1441 1947 1516 1994 ces·

283 2050 408 2103 sarunt
423 2038 445 2103 ³.

347 2145 393 2210 17.
436 2147 629 2211 Praeerant
666 2148 722 2212 his
754 2147 1099 2228 Congregationibus
1133 2147 1269 2228 primus
1301 2146 1501 2226 Episcopus

281 2254 343 2334 qui
368 2264 444 2317 erat
469 2253 669 2318 Cardinalis
693 2255 846 2320 Bellaius
866 2254 890 2334 ⁴,
918 2265 953 2318 et
977 2255 1112 2335 primus
1137 2253 1325 2330 Sacerdos,
1353 2253 1412 2333 qui
1437 2265 1516 2316 erat

282 2360 482 2424 Cardinalis
496 2361 667 2426 Moronus
681 2360 704 2438 ³,
722 2381 765 2426 ac
780 2363 916 2443 primus
930 2360 1122 2436 Diaconum
1144 2361 1203 2441 qui
1218 2370 1294 2423 erat
1315 2359 1517 2424 Cardinalis

282 2467 475 2534 Parnesias
486 2466 510 2549 ⁰;
527 2479 561 2532 et
576 2469 764 2550 unicuique
779 2478 861 2533 octo
875 2467 1073 2550 Episcopos
1094 2465 1280 2549 [Pontifex]
1301 2466 1511 2544 assignavit,

282 2585 317 2637 et
331 2585 369 2638 ut
384 2577 531 2656 quisque
546 2585 702 2640 uteretur
717 2593 825 2657 opera
840 2576 1089 2657 theologorum
1104 2593 1168 2656 pro
1189 2592 1253 2638 suo
1274 2573 1421 2637 arbitrio
1436 2590 1515 2653 per·

283 2682 390 2761 misit,
407 2696 446 2746 ut
461 2684 504 2747 de
519 2694 595 2747 tota
611 2685 689 2747 labe
703 2685 899 2748 simoniaca
915 2682 1125 2765 extirpanda
1140 2692 1319 2763 ageretur.

344 2788 391 2852 18.
435 2790 530 2854 Misit
543 2799 661 2854 autem
675 2790 837 2855 Pontifex
853 2792 898 2855 ad
912 2790 950 2855 P.
967 2790 1143 2871 ignatium
1157 2799 1196 2853 ut
1216 2796 1358 2853 curaret
1378 2788 1494 2850 sanita

282 2906 364 2974 tem,
381 2905 415 2958 et
430 2896 692 2961 confortaretur
706 2898 742 2961 in
757 2896 922 2974 Domin0,
939 2908 974 2961 et
992 2906 1139 2961 vocaret
1156 2897 1351 2975 theologos,
1368 2896 1428 2976 qui
1443 2894 1515 2974 ipsi

279 3002 496 3081 viderentur,
513 3014 550 3067 ut
564 3004 680 3084 ipsum
693 3003 877 3069 Summum
894 3005 1102 3069 Pontificem
1115 3004 1152 3067 in
1171 3005 1240 3068 hoc
1258 3012 1383 3065 sancto
1405 3019 1514 3082 opere

277 3108 456 3189 juvarent,
473 3120 507 3173 et
521 3112 571 3173 ita
591 3111 680 3175 duos
698 3110 899 3192 praedictos
920 3111 959 3175 P.
979 3111 1140 3192 ignatius
1164 3110 1272 3189 elegit
1296 3109 1429 3188 statim,
1451 3107 1513 3188 qui

281 3218 318 3278 in
334 3217 439 3280 rebus
455 3217 500 3281 ad
519 3218 708 3289 simoniam
727 3219 994 3299 pertinentibus,
1021 3218 1138 3282 studio
1162 3216 1332 3295 adhibito,
1354 3214 1512 3294 Congre-

278 3323 483 3403 gationibus
499 3324 691 3405 praedictis
705 3325 854 3389 multum
868 3325 958 3389 lucis
973 3325 1210 3388 adhibuerunt
1226 3322 1248 3383 ⁷.

323 3564 331 3599 Ι
360 3564 434 3610 Hanc
447 3570 539 3611 cantus
554 3568 663 3612 formam
678 3567 734 3612 sive
744 3566 854 3622 figuram
863 3567 1021 3623 explicatam
1032 3578 1111 3621 supra
1120 3566 1246 3620 invenies,
1258 3571 1277 3609 t.
1288 3578 1314 3618 v,
1325 3574 1385 3619 pag.
1396 3560 1516 3617 311158,

278 3638 399 3682 ennoea

321 3710 333 3741 ¹
360 3708 409 3753 PP.
419 3708 532 3763 Jacobas
541 3708 647 3766 Laynez
658 3716 684 3754 et
692 3709 819 3755 Martinus
829 3710 861 3754 de
872 3710 963 3755 Olsve.

319 3780 332 3813 ³
359 3780 404 3825 Ms.
415 3782 608 3826 cessauit-De
622 3783 671 3825 hac
685 3780 812 3826 Datariae
826 3783 1010 3827 reformatione
1025 3783 1085 3826 vide
1100 3778 1339 3833 percunctata
1349 3779 1513 3834 Pontificum

281 3852 476 3907 Rornanorum,
483 3855 535 3898 vol.
543 3864 579 3904 ιν,
588 3855 636 3897 col.
644 3854 692 3909 213,
700 3866 724 3899 n.
733 3855 766 3907 12;
774 3854 849 3908 Ριιιι,
857 3852 1051 3899 Breviarum...
1059 3853 1219 3909 Pontificum
1227 3863 1401 3895 rontanorum
1408 3854 1516 3905 gesta...

279 3925 468 3979 corripiectens,
478 3931 497 3969 t.
509 3936 543 3977 vr,
554 3926 660 3980 pegasi
669 3934 696 3969 et
705 3926 754 3969 361.

324 3997 332 4029 ³
359 3996 470 4049 Joannes
485 3998 519 4041 du
534 3997 633 4053 Bellay.
648 3996 791 4053 Episcopus
807 3996 954 4043 Cardinalis
971 3996 1123 4041 Portueusis
1138 4002 1165 4041 et
1183 3994 1294 4039 Sanctae
1313 3992 1428 4039 Rufinae.
1444 3994 1514 4038 Vide

277 4078 367 4123 supra.
379 4076 396 4115 t.
404 4082 431 4120 r,
442 4082 504 4125 pag.
513 4069 548 4123 23,
560 4082 584 4113 n.
593 4069 628 4123 θός
637 4076 655 4113 t.
666 4080 701 4118 rr.
711 4080 770 4124 pap.
779 4070 827 4124 321,
836 4082 861 4114 n.
871 4070 919 4124 ⁶87,
930 4077 1018 4113 annot.
1030 4071 1049 4113 l.
1080 4122 1087 4137 ι

318 4140 330 4172 ⁸
357 4140 467 4193 Joanncs
478 4142 599 4197 Baptista
612 4140 738 4197 Moronus,
750 4143 781 4186 de
796 4154 845 4197 quo
855 4152 934 4196 saepe
949 4142 976 4185 in
988 4141 1113 4185 Chronico
1128 4147 1154 4183 et
1169 4140 1265 4183 carras
1279 4139 1312 4182 (le
1323 4138 1379 4183 San
1390 4139 1512 4193 rgnacto.

276 4211 345 4255 Vide
356 4224 443 4267 supra,
455 4220 472 4257 t.
481 4224 516 4267 tv,
529 4224 588 4268 pag.
600 4214 664 4281 ¹⁸5⁸·
677 4215 710 4268 17,
721 4223 808 4259 annot.
818 4214 839 4269 83
852 4222 871 4258 t.
881 4225 919 4267 ιιι,
930 4225 990 4269 pag.
1002 4215 1036 4266 11,
1046 4205 1113 4267 ιι.14;
1124 4224 1182 4266 pag.
1197 4212 1230 4266 17,
1241 4223 1267 4256 ιι.
1277 4211 1311 4265 23,
1321 4222 1380 4266 pag.
1392 4212 1427 4265 51,
1439 4224 1464 4255 n.
1475 4211 1513 4266 90;

275 4284 396 4339 1119156,
408 4296 433 4328 n.
442 4285 490 4341 312,
502 4294 589 4330 annot.
601 4287 621 4329 l.

315 4354 329 4389 ⁸
357 4358 505 4403 Alexander
519 4358 660 4405 Farnesius
673 4359 718 4412 (ad
728 4370 803 4413 quem
818 4359 904 4413 plures
919 4363 1024 4403 exstant
1036 4355 1082 4401 Sti.
1099 4356 1195 4412 ignatii
1210 4357 1346 4411 epistolae)
1361 4354 1509 4399 Cardinalis

276 4428 326 4474 Stl.
342 4427 478 4474 Laurentii
493 4429 518 4475 iu
533 4428 648 4475 Damaso
659 4429 685 4473 S.
695 4430 727 4476 R.
742 4430 774 4474 E.
789 4430 1036 4475 vicecancellarius.
1051 4429 1177 4473 Cracosu.
1193 4429 1230 4473 De
1246 4440 1277 4473 eo
1291 4428 1362 4473 facta
1376 4440 1455 4482 saepe
1470 4434 1510 4470 est

276 4500 375 4545 mentio
386 4501 410 4544 in
423 4500 637 4548 citramarinas
647 4510 687 4547 est
698 4502 861 4548 aRainuccio
870 4501 1004 4553 Farneslo.
1016 4502 1153 4545 cardinale
1161 4500 1209 4545 Sti.
1217 4502 1322 4556 Angell,
1332 4502 1363 4544 de
1372 4511 1421 4555 quo
1429 4499 1511 4543 etiam

278 4574 350 4617 haud
360 4574 440 4617 semel
451 4574 603 4619 dictumest.

319 4643 331 4675 ⁷
359 4642 388 4687 ln
399 4654 479 4689 aureo
490 4648 611 4699 opusculo
619 4658 637 4692 a
646 4646 675 4690 P.
689 4645 766 4690 Petro
776 4646 952 4691 Rivndenelra
961 4647 1068 4701 scripto,
1079 4648 1120 4693 cui
1130 4648 1230 4692 titulus:
1241 4646 1375 4690 “Tratado
1384 4646 1428 4689 dcl
1436 4644 1515 4688 tttodo
