3642 5350
783 461 849 522 Aa.
870 459 940 522 1556
1423 455 1475 520 681

305 601 396 669 2936.
440 605 521 670 Fuit
546 607 690 690 juvenis
717 606 861 689 quidam
889 606 950 688 qui
974 605 1020 670 ad
1048 603 1084 670 id
1108 603 1296 670 duodecim
1324 603 1476 669 ducatos

246 711 358 792 deuit3
382 713 471 778 allus
490 729 557 778 vas
578 725 787 795 argenteum
810 715 890 778 loco
912 713 1099 795 pecuniae,
1121 720 1156 776 et
1177 711 1228 776 ita
1249 712 1319 775 alia
1341 711 1474 776 obtule·

246 828 340 884 runt.
356 819 457 886 Unus
471 838 517 885 ex
530 821 662 886 nostris
676 821 922 888 sacerdotibus
941 818 1211 901 quatuordecim
1231 837 1278 883 ex
1297 819 1349 883 eis
1370 818 1474 882 confi·
1525 875 1528 884 .

247 934 361 990 tentes
375 937 524 1008 peccata
538 903 691 1011 audiuit,
711 946 862 1011 quarum
876 929 1016 1010 aliquae
1031 927 1120 991 viris
1134 935 1341 1007 nupserunt,
1356 926 1416 990 vel
1428 926 1474 990 ad

246 1033 389 1114 nuptias
402 1052 441 1100 se
455 1039 733 1118 praeparabant:
750 1036 840 1101 aliae
856 1051 1000 1100 manere
1013 1035 1202 1115 cupiebant
1212 1034 1306 1115 apud
1317 1031 1472 1113 eosdem,

247 1155 269 1202 a
297 1141 423 1222 quibus
450 1160 496 1208 ex
523 1143 697 1209 charitate
725 1154 891 1225 receptae
923 1141 1080 1208 fuerant:
1115 1150 1190 1205 tam
1222 1142 1352 1206 multos
1379 1141 1474 1205 enim

157 1257 160 1261 ’
245 1260 408 1312 moverat
422 1248 594 1314 Dominus
610 1251 657 1315 ud
671 1249 871 1332 huiusmodi
885 1251 1053 1315 mulieres
1068 1247 1296 1329 excipiendas
1315 1257 1349 1312 et
1363 1247 1400 1311 in
1413 1248 1472 1312 ho·

244 1364 346 1420 nesto
371 1365 468 1422 statu
493 1359 736 1439 collocandas,
762 1368 801 1423 ut
824 1360 932 1438 longe
957 1374 1081 1421 eorum
1100 1373 1268 1422 numerus
1288 1355 1473 1420 mulierum

245 1479 431 1529 numerum
444 1474 639 1546 superaret.

304 1569 395 1636 2937.
438 1571 504 1636 His
528 1573 651 1638 diebus
670 1573 863 1655 praedictis
886 1573 1018 1652 singuli
1038 1571 1242 1637 sacerdotes
1259 1570 1372 1635 nostri
1393 1586 1473 1634 cum

245 1675 414 1743 fratribus
438 1681 588 1761 singulis
615 1681 661 1745 ad
690 1698 837 1762 campos
864 1679 1066 1744 bominibus
1091 1681 1231 1761 plenos,
1254 1677 1314 1759 qui
1339 1677 1473 1741 chartis

246 1793 351 1867 atque
370 1787 449 1851 aliis
463 1786 577 1852 modis
592 1789 775 1870 ludebant,
791 1789 945 1868 egressi,
963 1804 1026 1852 eos
1049 1785 1318 1868 congregabant
1336 1793 1371 1848 et
1392 1784 1473 1848 inde

245 1891 291 1956 ad
315 1894 458 1976 aliquod
481 1898 652 1977 templum
675 1896 844 1976 vicinum,
871 1895 1103 1961 christianam
1126 1893 1325 1958 doctrinam
1345 1891 1471 1955 decan·

246 2001 365 2082 tando,
381 2002 614 2084 deducebant3
628 2022 698 2086 quo
710 2022 791 2069 cum
803 2005 1064 2086 perduxissent,
1079 2003 1123 2067 de
1133 2001 1241 2066 rebus
1256 2000 1302 2064 ad
1314 1999 1471 2081 ipsorum

245 2108 395 2174 salutem
415 2111 674 2191 pertinentibus
688 2112 918 2191 instruentes,
935 2112 1061 2176 domos
1074 2126 1159 2175 suas
1178 2107 1420 2183 remittebant;
1438 2117 1472 2170 et

244 2214 280 2279 in
295 2215 494 2297 hujusmodi
509 2219 763 2284 exercitatione
782 2221 1025 2301 vespertinum
1038 2227 1177 2300 tempus
1192 2217 1389 2297 impensum
1404 2222 1469 2293 est,

246 2339 328 2388 cum
341 2324 451 2390 totius
465 2325 622 2390 civitatis
640 2327 897 2391 aedificatione.
1505 2333 1508 2341 '

304 2430 397 2496 2938.
439 2433 521 2513 Ipso
535 2433 592 2498 die
611 2433 899 2498 Circumcisionis
920 2431 1022 2513 hujus
1038 2432 1122 2497 anni
1139 2429 1216 2494 1556
1232 2427 1353 2512 [aliqui
1373 2444 1392 2490 e
1411 2445 1471 2492 no·

204 2553 206 2558 ’
245 2539 331 2603 stris
342 2537 496 2622 iverunt]
508 2540 546 2605 in
556 2542 748 2622 quamdam
758 2540 995 2622 plateam,ubi
1006 2541 1194 2621 plusquam
1205 2537 1299 2602 mille
1311 2534 1472 2598 homines

246 2656 359 2728 erant,
375 2648 437 2731 qui
450 2648 663 2732 neophytos,
676 2649 876 2731 melicopoli
891 2664 1038 2731 operam
1050 2647 1186 2726 dantes,
1200 2643 1422 2727 spectabaut;
1437 2649 1472 2705 et

246 2755 330 2819 dum
349 2756 519 2821 sacerdos
540 2758 631 2823 alter
651 2758 930 2822 concionabatur
950 2756 1007 2821 his
1028 2754 1237 2834 hominibus
1258 2752 1350 2816 alter
1369 2750 1472 2813 simul

246 2880 327 2927 cum
341 2866 440 2928 socio
454 2865 687 2930 christianam
701 2865 902 2931 doctrinam
913 2864 1137 2942 decantabat,
1150 2871 1185 2926 et
1196 2859 1386 2942 praecipue
1400 2873 1470 2920 ser·

246 2988 311 3035 vos
326 2973 508 3054 aethiopes
522 2974 732 3053 instruebat;
747 2982 782 3037 et
797 2973 847 3037 ita
859 2972 1064 3054 hujusmodi
1079 2970 1169 3034 festa
1184 2965 1349 3033 daemoni
1366 2963 1471 3027 valde

244 3080 386 3159 ingrata
407 3079 629 3161 acciderunt,
656 3090 691 3145 et
716 3082 846 3163 populo
871 3082 1019 3145 multum
1044 3074 1299 3141 aedificationis
1324 3070 1469 3153 praesti·

242 3196 360 3252 terunt
374 3198 396 3251 ¹.

301 3294 393 3360 2939.
435 3295 475 3359 In
495 3296 599 3377 huJus
624 3298 709 3361 anni
733 3297 884 3362 decursu
908 3296 1029 3378 populi
1050 3292 1276 3374 granatensis
1301 3304 1389 3369 erga
1409 3303 1468 3350 no·

242 3411 336 3467 stros
357 3403 499 3467 devotio
519 3405 743 3469 occasionem
762 3406 806 3469 de
826 3408 903 3486 ipso
924 3400 1173 3469 benemerendi
1190 3396 1321 3463 nostris
1340 3394 1466 3472 attulit;

244 3527 325 3574 nam
337 3528 380 3574 ea
390 3511 647 3590 benevolentia,
662 3514 758 3577 velut
770 3512 875 3575 hamo
888 3512 1053 3592 quodam,
1067 3508 1228 3571 homines
1240 3503 1397 3586 peccatis
1408 3500 1467 3563 im·

245 3634 380 3682 mersos
394 3618 439 3681 ad
454 3634 493 3681 se
507 3618 694 3698 alliciebat,
711 3636 756 3683 ex
770 3620 897 3699 quibus
912 3617 1053 3698 plurimi
1067 3614 1242 3695 singulari
1255 3628 1336 3675 cum
1351 3608 1468 3672 [ructu

242 3726 429 3807 generales
444 3726 697 3807 consessiones
714 3745 805 3808 quae
819 3728 978 3808 ipsorum
991 3725 1096 3789 saluti
1111 3732 1212 3787 erant
1231 3716 1466 3793 necessariae,

244 3834 485 3914 instituerunt;
501 3834 595 3897 soliti
610 3836 702 3899 enim
718 3845 819 3899 erant
833 3852 904 3899 non
919 3832 1024 3913 pauci
1044 3833 1095 3895 sic
1111 3828 1156 3895 ad
1175 3829 1246 3892 hoc
1268 3840 1467 3890 sacramen-

244 3950 318 4005 tum
333 3940 514 4020 accedere,
527 3950 565 4006 ut
578 3943 771 4023 praecipua
786 3941 926 4005 animae
938 3940 1086 4004 vulnera
1098 3938 1136 4002 in
1146 3936 1254 4002 corde
1268 3942 1467 4016 putrescen-

241 4048 291 4112 tia
305 4066 350 4113 ne
360 4048 540 4131 aperirent
550 4049 702 4130 quidem.

279 4218 289 4252 ¹
317 4216 437 4263 Litterae
446 4218 676 4273 Quadrimeseres,
684 4226 703 4264 t.
714 4230 751 4274 ru,
761 4230 820 4275 pag.
832 4219 873 4264 746
882 4226 909 4263 et
919 4219 961 4265 750
971 4220 1036 4264 haec
1046 4219 1151 4264 habent:
1162 4217 1209 4263 “El
1219 4218 1263 4262 dla
1280 4217 1311 4261 de
1323 4218 1374 4260 allo
1384 4224 1467 4259 nueuo

239 4291 292 4336 ala
301 4292 377 4336 tarde
387 4292 478 4336 sueton
488 4291 534 4335 doa
543 4289 642 4336 Padree
652 4302 701 4335 con
710 4302 755 4336 aas
764 4292 903 4336 hermanus
915 4294 992 4336 anna
1003 4293 1088 4347 placa,
1099 4291 1182 4335 donde
1197 4289 1258 4335 aula
1268 4288 1322 4333 mlll
1333 4296 1467 4342 personas,

239 4374 288 4418 que
298 4364 417 4409 mirabau
427 4366 444 4407 a
453 4364 493 4409 loa
502 4364 628 4408 mariscos
636 4374 685 4417 qne
696 4362 790 4409 hazlau
799 4365 956 4420 melcochaa,
967 4376 984 4420 y
995 4364 1033 4407 lea
1043 4364 1196 4418 predicaron
1213 4375 1231 4419 y
1246 4362 1353 4405 dixeron
1368 4360 1395 4405 la
1409 4360 1468 4403 doc·

238 4435 316 4488 trina,
326 4434 500 4489 specialilius
509 4446 626 4491 aegros..
637 4434 708 4488 Quae
718 4436 755 4480 alc
766 4436 847 4480 vertit
855 4436 952 4479 latinus
960 4436 1098 4490 interpres,
1107 4436 1172 4479 ibid.
1184 4446 1244 4490 pag.
1254 4432 1300 4477 75&
1310 4431 1380 4476 “Die
1393 4460 1399 4475 .
1411 4431 1467 4475 Clr·

238 4498 401 4551 cumclaldnla
413 4506 513 4551 Domini
522 4507 572 4551 duo
583 4507 677 4551 Patres
686 4508 803 4562 plateam
810 4508 957 4562 quamdam,
966 4507 1008 4551 ubi
1016 4507 1153 4563 plusquam
1161 4507 1232 4551 mille
1240 4504 1371 4549 hominum
1380 4510 1466 4557 erant,

240 4577 391 4631 lachernum
402 4578 448 4622 aed
462 4578 578 4622 homines
587 4578 626 4623 llll
640 4590 668 4622 aa
685 4590 715 4623 eo
730 4582 895 4624 contulerant
910 4588 940 4624 vt
955 4580 1194 4633 contemplarentur
1208 4579 1361 4634 neophytos,
1376 4576 1419 4631 qul
1436 4586 1466 4620 eo

240 4650 281 4695 dle
292 4652 423 4705 coquendo
434 4650 505 4695 melli
515 4651 603 4695 coctili
613 4662 719 4705 operam
729 4652 835 4696 dabant:
846 4653 916 4696 alter
925 4652 977 4696 illia
987 4652 1155 4696 concionatus
1171 4658 1220 4703 eat,
1236 4651 1305 4695 alter
1320 4648 1465 4695 doctrinam

241 4734 300 4767 cum
310 4723 381 4768 socio
390 4722 555 4779 decantabat,
566 4730 593 4768 et
601 4722 740 4778 praecipue
749 4724 834 4768 servis
843 4723 1048 4778 aethiopibus...,
