<?xml version="1.0" encoding="UTF-8"?>
<!DOCTYPE html PUBLIC "-//W3C//DTD XHTML 1.0 Transitional//EN"
    "http://www.w3.org/TR/xhtml1/DTD/xhtml1-transitional.dtd">
<html xmlns="http://www.w3.org/1999/xhtml" xml:lang="en" lang="en">
 <head>
  <title>
</title>
<meta http-equiv="Content-Type" content="text/html;charset=utf-8" />
  <meta name='ocr-system' content='tesseract 3.04.00' />
  <meta name='ocr-capabilities' content='ocr_page ocr_carea ocr_par ocr_line ocrx_word'/>
</head>
<body>
  <div class='ocr_page' id='page_1' title='image "./vitaignatiiloio00polagoog_0062.png"; bbox 0 0 3642 5350; ppageno 0'>
   <div class='ocr_carea' id='block_1_1' title="bbox 346 350 1119 436">
    <p class='ocr_par' dir='ltr' id='par_1_1' title="bbox 346 350 1119 436">
     <span class='ocr_line' id='line_1_1' title="bbox 346 350 1119 436; baseline -0.001 -15"><span class='ocrx_word' id='word_1_1' title='bbox 346 350 383 421; x_wconf 80' lang='lat' dir='ltr'><strong>bb</strong></span> <span class='ocrx_word' id='word_1_2' title='bbox 803 363 931 423; x_wconf 80' lang='lat' dir='ltr'><strong>Cuaou.</strong></span> <span class='ocrx_word' id='word_1_3' title='bbox 952 361 1030 422; x_wconf 89' lang='lat' dir='ltr'><strong>Soc.</strong></span> <span class='ocrx_word' id='word_1_4' title='bbox 1049 363 1119 436; x_wconf 85' lang='lat' dir='ltr'><strong>Jas.</strong></span> 
     </span>
    </p>
   </div>
   <div class='ocr_carea' id='block_1_2' title="bbox 349 507 1577 1216">
    <p class='ocr_par' dir='ltr' id='par_1_2' title="bbox 349 507 1577 1126">
     <span class='ocr_line' id='line_1_2' title="bbox 349 507 1577 589; baseline -0.001 -17"><span class='ocrx_word' id='word_1_5' title='bbox 349 507 455 572; x_wconf 88' lang='lat' dir='ltr'><strong>Curia</strong></span> <span class='ocrx_word' id='word_1_6' title='bbox 471 509 586 588; x_wconf 61' lang='lat' dir='ltr'><strong>auxia</strong></span> <span class='ocrx_word' id='word_1_7' title='bbox 607 525 690 572; x_wconf 88' lang='lat' dir='ltr'><strong>narn</strong></span> <span class='ocrx_word' id='word_1_8' title='bbox 710 525 930 589; x_wconf 83' lang='lat' dir='ltr'>magnopere</span> <span class='ocrx_word' id='word_1_9' title='bbox 944 509 1135 572; x_wconf 82' lang='lat' dir='ltr'><strong>extollebat</strong></span> <span class='ocrx_word' id='word_1_10' title='bbox 1153 508 1308 572; x_wconf 82' lang='lat' dir='ltr'><strong>fructum</strong></span> <span class='ocrx_word' id='word_1_11' title='bbox 1322 526 1367 571; x_wconf 81' lang='lat' dir='ltr'><strong>ex</strong></span> <span class='ocrx_word' id='word_1_12' title='bbox 1382 508 1577 572; x_wconf 86' lang='lat' dir='ltr'><strong>Viennensi</strong></span> 
     </span>
     <span class='ocr_line' id='line_1_3' title="bbox 349 613 1577 696; baseline 0 -18"><span class='ocrx_word' id='word_1_13' title='bbox 349 625 383 678; x_wconf 91' lang='lat' dir='ltr'><strong>et</strong></span> <span class='ocrx_word' id='word_1_14' title='bbox 408 615 582 696; x_wconf 88' lang='lat' dir='ltr'><strong>Pragensi</strong></span> <span class='ocrx_word' id='word_1_15' title='bbox 605 615 764 696; x_wconf 86' lang='lat' dir='ltr'><strong>Collegio</strong></span> <span class='ocrx_word' id='word_1_16' title='bbox 788 615 1057 696; x_wconf 85' lang='lat' dir='ltr'><strong>provenientem</strong></span> <span class='ocrx_word' id='word_1_17' title='bbox 1077 613 1097 679; x_wconf 83' lang='lat'><strong>¹.</strong></span> <span class='ocrx_word' id='word_1_18' title='bbox 1124 615 1169 679; x_wconf 87' lang='lat' dir='ltr'><strong>Et</strong></span> <span class='ocrx_word' id='word_1_19' title='bbox 1195 616 1244 678; x_wconf 90' lang='lat' dir='ltr'><strong>ita</strong></span> <span class='ocrx_word' id='word_1_20' title='bbox 1272 624 1346 678; x_wconf 89' lang='lat' dir='ltr'><strong>tarn</strong></span> <span class='ocrx_word' id='word_1_21' title='bbox 1369 614 1577 678; x_wconf 88' lang='lat' dir='ltr'><strong>Cardinales</strong></span> 
     </span>
     <span class='ocr_line' id='line_1_4' title="bbox 351 721 1576 804; baseline 0.002 -20"><span class='ocrx_word' id='word_1_22' title='bbox 351 739 457 802; x_wconf 91' lang='lat' dir='ltr'><strong>quam</strong></span> <span class='ocrx_word' id='word_1_23' title='bbox 477 721 707 804; x_wconf 76' lang='lat' dir='ltr'><strong>inquisitores</strong></span> <span class='ocrx_word' id='word_1_24' title='bbox 731 722 862 786; x_wconf 88' lang='lat' dir='ltr'><strong>clarius</strong></span> <span class='ocrx_word' id='word_1_25' title='bbox 881 721 1039 802; x_wconf 90' lang='lat' dir='ltr'><strong>quotidie</strong></span> <span class='ocrx_word' id='word_1_26' title='bbox 1059 721 1228 785; x_wconf 87' lang='lat' dir='ltr'><strong>videbant</strong></span> <span class='ocrx_word' id='word_1_27' title='bbox 1249 721 1464 786; x_wconf 85' lang='lat' dir='ltr'><strong>Societatem</strong></span> <span class='ocrx_word' id='word_1_28' title='bbox 1483 722 1576 786; x_wconf 90' lang='lat' dir='ltr'><strong>hanc</strong></span> 
     </span>
     <span class='ocr_line' id='line_1_5' title="bbox 350 828 1577 910; baseline 0.001 -19"><span class='ocrx_word' id='word_1_29' title='bbox 350 828 406 892; x_wconf 91' lang='lat' dir='ltr'><strong>his</strong></span> <span class='ocrx_word' id='word_1_30' title='bbox 419 830 637 910; x_wconf 89' lang='lat' dir='ltr'><strong>temporibus</strong></span> <span class='ocrx_word' id='word_1_31' title='bbox 651 847 672 893; x_wconf 90' lang='lat' dir='ltr'><strong>a</strong></span> <span class='ocrx_word' id='word_1_32' title='bbox 687 829 764 893; x_wconf 92' lang='lat' dir='ltr'><strong>Deo</strong></span> <span class='ocrx_word' id='word_1_33' title='bbox 779 829 926 892; x_wconf 88' lang='lat' dir='ltr'><strong>missam</strong></span> <span class='ocrx_word' id='word_1_34' title='bbox 941 839 979 892; x_wconf 92' lang='lat' dir='ltr'><strong>ut</strong></span> <span class='ocrx_word' id='word_1_35' title='bbox 995 829 1209 893; x_wconf 84' lang='lat' dir='ltr'><strong>catholicam</strong></span> <span class='ocrx_word' id='word_1_36' title='bbox 1222 829 1431 908; x_wconf 86' lang='lat' dir='ltr'><strong>religionem</strong></span> <span class='ocrx_word' id='word_1_37' title='bbox 1450 837 1486 892; x_wconf 86' lang='lat' dir='ltr'><strong>et</strong></span> <span class='ocrx_word' id='word_1_38' title='bbox 1505 829 1577 909; x_wconf 90' lang='lat' dir='ltr'><strong>pie·</strong></span> 
     </span>
     <span class='ocr_line' id='line_1_6' title="bbox 349 934 1577 1014; baseline 0.001 -16"><span class='ocrx_word' id='word_1_39' title='bbox 349 944 458 999; x_wconf 90' lang='lat' dir='ltr'><strong>tatem</strong></span> <span class='ocrx_word' id='word_1_40' title='bbox 473 954 545 999; x_wconf 94' lang='lat' dir='ltr'><strong>non</strong></span> <span class='ocrx_word' id='word_1_41' title='bbox 558 938 672 1000; x_wconf 90' lang='lat' dir='ltr'><strong>solum</strong></span> <span class='ocrx_word' id='word_1_42' title='bbox 687 937 778 1001; x_wconf 91' lang='lat' dir='ltr'><strong>inter</strong></span> <span class='ocrx_word' id='word_1_43' title='bbox 793 935 999 1014; x_wconf 89' lang='lat' dir='ltr'><strong>catholicos,</strong></span> <span class='ocrx_word' id='word_1_44' title='bbox 1015 934 1201 999; x_wconf 91' lang='lat' dir='ltr'><strong>sedetiam</strong></span> <span class='ocrx_word' id='word_1_45' title='bbox 1215 936 1307 999; x_wconf 92' lang='lat' dir='ltr'><strong>inter</strong></span> <span class='ocrx_word' id='word_1_46' title='bbox 1321 935 1523 1000; x_wconf 88' lang='lat' dir='ltr'><strong>haereticos</strong></span> <span class='ocrx_word' id='word_1_47' title='bbox 1541 945 1577 999; x_wconf 92' lang='lat' dir='ltr'><strong>et</strong></span> 
     </span>
     <span class='ocr_line' id='line_1_7' title="bbox 350 1043 867 1126; baseline 0.01 -22"><span class='ocrx_word' id='word_1_48' title='bbox 350 1043 608 1123; x_wconf 62' lang='lat' dir='ltr'><strong>schismaticos</strong></span> <span class='ocrx_word' id='word_1_49' title='bbox 628 1053 867 1126; x_wconf 90' lang='lat' dir='ltr'><strong>promoveret.</strong></span> 
     </span>
    </p>

    <p class='ocr_par' dir='ltr' id='par_1_3' title="bbox 411 1148 1576 1216">
     <span class='ocr_line' id='line_1_8' title="bbox 411 1148 1576 1216; baseline -0.002 -4"><span class='ocrx_word' id='word_1_50' title='bbox 411 1149 454 1212; x_wconf 89' lang='lat' dir='ltr'><strong>Et</strong></span> <span class='ocrx_word' id='word_1_51' title='bbox 469 1151 558 1214; x_wconf 89' lang='lat' dir='ltr'><strong>haec</strong></span> <span class='ocrx_word' id='word_1_52' title='bbox 574 1150 617 1214; x_wconf 93' lang='lat' dir='ltr'><strong>de</strong></span> <span class='ocrx_word' id='word_1_53' title='bbox 630 1151 737 1216; x_wconf 90' lang='lat' dir='ltr'><strong>rebus</strong></span> <span class='ocrx_word' id='word_1_54' title='bbox 752 1149 910 1213; x_wconf 89' lang='lat' dir='ltr'><strong>romanis</strong></span> <span class='ocrx_word' id='word_1_55' title='bbox 931 1164 973 1211; x_wconf 91' lang='lat' dir='ltr'><strong>ac</strong></span> <span class='ocrx_word' id='word_1_56' title='bbox 994 1149 1255 1213; x_wconf 89' lang='lat' dir='ltr'><strong>universalibus</strong></span> <span class='ocrx_word' id='word_1_57' title='bbox 1274 1148 1369 1212; x_wconf 88' lang='lat' dir='ltr'><strong>dicta</strong></span> <span class='ocrx_word' id='word_1_58' title='bbox 1388 1148 1576 1214; x_wconf 87' lang='lat' dir='ltr'><strong>sufficiant.</strong></span> 
     </span>
    </p>
   </div>
   <div class='ocr_carea' id='block_1_3' title="bbox 658 1627 1270 1694">
    <p class='ocr_par' dir='ltr' id='par_1_4' title="bbox 658 1627 1270 1694">
     <span class='ocr_line' id='line_1_9' title="bbox 658 1627 1270 1694; baseline 0.002 -3"><span class='ocrx_word' id='word_1_59' title='bbox 658 1627 722 1692; x_wconf 91' lang='lat' dir='ltr'><strong>DE</strong></span> <span class='ocrx_word' id='word_1_60' title='bbox 744 1627 979 1693; x_wconf 87' lang='lat' dir='ltr'><strong>COLLEGIO</strong></span> <span class='ocrx_word' id='word_1_61' title='bbox 1001 1627 1270 1694; x_wconf 84' lang='lat' dir='ltr'><strong>TYBURTINO</strong></span> 
     </span>
    </p>
   </div>
   <div class='ocr_carea' id='block_1_4' title="bbox 348 2001 1580 3580">
    <p class='ocr_par' dir='ltr' id='par_1_5' title="bbox 350 2001 1580 2923">
     <span class='ocr_line' id='line_1_10' title="bbox 413 2001 1579 2082; baseline -0.001 -17"><span class='ocrx_word' id='word_1_62' title='bbox 413 2002 479 2066; x_wconf 83' lang='lat'>165.</span> <span class='ocrx_word' id='word_1_63' title='bbox 524 2001 628 2067; x_wconf 88' lang='lat' dir='ltr'><strong>Pater</strong></span> <span class='ocrx_word' id='word_1_64' title='bbox 653 2003 867 2067; x_wconf 82' lang='lat' dir='ltr'><strong>Laurentius</strong></span> <span class='ocrx_word' id='word_1_65' title='bbox 888 2002 1098 2067; x_wconf 91' lang='lat' dir='ltr'><strong>Cavalerius</strong></span> <span class='ocrx_word' id='word_1_66' title='bbox 1119 2013 1194 2068; x_wconf 94' lang='lat' dir='ltr'><strong>toto</strong></span> <span class='ocrx_word' id='word_1_67' title='bbox 1214 2002 1283 2066; x_wconf 90' lang='lat' dir='ltr'><strong>hoc</strong></span> <span class='ocrx_word' id='word_1_68' title='bbox 1305 2019 1399 2066; x_wconf 91' lang='lat' dir='ltr'><strong>anno</strong></span> <span class='ocrx_word' id='word_1_69' title='bbox 1420 2002 1579 2082; x_wconf 87' lang='lat' dir='ltr'><strong>Collegio</strong></span> 
     </span>
     <span class='ocr_line' id='line_1_11' title="bbox 352 2109 1578 2191; baseline -0.002 -17"><span class='ocrx_word' id='word_1_70' title='bbox 352 2109 548 2190; x_wconf 84' lang='lat' dir='ltr'><strong>Tyburtino</strong></span> <span class='ocrx_word' id='word_1_71' title='bbox 564 2110 717 2190; x_wconf 79' lang='lat' dir='ltr'><strong>praefuit</strong></span> <span class='ocrx_word' id='word_1_72' title='bbox 731 2112 752 2173; x_wconf 84' lang='lat'><strong>¹.</strong></span> <span class='ocrx_word' id='word_1_73' title='bbox 771 2109 994 2189; x_wconf 88' lang='lat' dir='ltr'><strong>Scholastici,</strong></span> <span class='ocrx_word' id='word_1_74' title='bbox 1011 2111 1071 2191; x_wconf 92' lang='lat' dir='ltr'><strong>qui</strong></span> <span class='ocrx_word' id='word_1_75' title='bbox 1086 2111 1131 2174; x_wconf 91' lang='lat' dir='ltr'><strong>ad</strong></span> <span class='ocrx_word' id='word_1_76' title='bbox 1146 2111 1288 2174; x_wconf 90' lang='lat' dir='ltr'><strong>scholas</strong></span> <span class='ocrx_word' id='word_1_77' title='bbox 1309 2111 1434 2190; x_wconf 90' lang='lat' dir='ltr'><strong>primis</strong></span> <span class='ocrx_word' id='word_1_78' title='bbox 1452 2109 1578 2174; x_wconf 89' lang='lat' dir='ltr'><strong>mensi·</strong></span> 
     </span>
     <span class='ocr_line' id='line_1_12' title="bbox 353 2217 1580 2298; baseline -0.001 -18"><span class='ocrx_word' id='word_1_79' title='bbox 353 2217 419 2280; x_wconf 91' lang='lat' dir='ltr'><strong>bus</strong></span> <span class='ocrx_word' id='word_1_80' title='bbox 434 2218 635 2296; x_wconf 86' lang='lat' dir='ltr'><strong>veniebant,</strong></span> <span class='ocrx_word' id='word_1_81' title='bbox 652 2217 697 2281; x_wconf 92' lang='lat' dir='ltr'><strong>ad</strong></span> <span class='ocrx_word' id='word_1_82' title='bbox 712 2227 855 2281; x_wconf 89' lang='lat' dir='ltr'><strong>centum</strong></span> <span class='ocrx_word' id='word_1_83' title='bbox 874 2217 1003 2298; x_wconf 84' lang='lat' dir='ltr'><strong>viginti</strong></span> <span class='ocrx_word' id='word_1_84' title='bbox 1025 2217 1282 2281; x_wconf 88' lang='lat' dir='ltr'><strong>ascendebant:</strong></span> <span class='ocrx_word' id='word_1_85' title='bbox 1305 2217 1432 2281; x_wconf 91' lang='lat' dir='ltr'><strong>deinde</strong></span> <span class='ocrx_word' id='word_1_86' title='bbox 1453 2227 1580 2280; x_wconf 88' lang='lat' dir='ltr'><strong>auctus</strong></span> 
     </span>
     <span class='ocr_line' id='line_1_13' title="bbox 350 2321 1579 2405; baseline -0.001 -18"><span class='ocrx_word' id='word_1_87' title='bbox 350 2325 457 2387; x_wconf 89' lang='lat' dir='ltr'><strong>etiam</strong></span> <span class='ocrx_word' id='word_1_88' title='bbox 482 2322 548 2388; x_wconf 84' lang='lat' dir='ltr'><strong>luit</strong></span> <span class='ocrx_word' id='word_1_89' title='bbox 573 2325 829 2405; x_wconf 89' lang='lat' dir='ltr'><strong>aliquantulum</strong></span> <span class='ocrx_word' id='word_1_90' title='bbox 854 2341 978 2387; x_wconf 89' lang='lat' dir='ltr'><strong>eorum</strong></span> <span class='ocrx_word' id='word_1_91' title='bbox 1002 2341 1182 2388; x_wconf 90' lang='lat' dir='ltr'><strong>numerus.</strong></span> <span class='ocrx_word' id='word_1_92' title='bbox 1208 2323 1304 2402; x_wconf 86' lang='lat' dir='ltr'><strong>Mag.</strong></span> <span class='ocrx_word' id='word_1_93' title='bbox 1334 2321 1538 2404; x_wconf 88' lang='lat' dir='ltr'><strong>Stephanus</strong></span> <span class='ocrx_word' id='word_1_94' title='bbox 1567 2321 1579 2353; x_wconf 82' lang='lat'><strong>³</strong></span> 
     </span>
     <span class='ocr_line' id='line_1_14' title="bbox 352 2430 1577 2512; baseline -0.002 -18"><span class='ocrx_word' id='word_1_95' title='bbox 352 2433 481 2494; x_wconf 90' lang='lat' dir='ltr'><strong>multos</strong></span> <span class='ocrx_word' id='word_1_96' title='bbox 496 2431 637 2494; x_wconf 89' lang='lat' dir='ltr'><strong>ordines</strong></span> <span class='ocrx_word' id='word_1_97' title='bbox 651 2430 852 2511; x_wconf 88' lang='lat' dir='ltr'><strong>hujusmodi</strong></span> <span class='ocrx_word' id='word_1_98' title='bbox 867 2431 1121 2512; x_wconf 89' lang='lat' dir='ltr'><strong>discipulorum</strong></span> <span class='ocrx_word' id='word_1_99' title='bbox 1136 2448 1201 2493; x_wconf 89' lang='lat' dir='ltr'><strong>sua</strong></span> <span class='ocrx_word' id='word_1_100' title='bbox 1216 2433 1252 2493; x_wconf 92' lang='lat' dir='ltr'><strong>in</strong></span> <span class='ocrx_word' id='word_1_101' title='bbox 1271 2431 1393 2494; x_wconf 88' lang='lat' dir='ltr'><strong>schola</strong></span> <span class='ocrx_word' id='word_1_102' title='bbox 1412 2430 1577 2507; x_wconf 89' lang='lat' dir='ltr'><strong>habebat,</strong></span> 
     </span>
     <span class='ocr_line' id='line_1_15' title="bbox 351 2536 1579 2619; baseline 0 -19"><span class='ocrx_word' id='word_1_103' title='bbox 351 2547 386 2600; x_wconf 89' lang='lat' dir='ltr'><strong>et</strong></span> <span class='ocrx_word' id='word_1_104' title='bbox 409 2539 497 2602; x_wconf 89' lang='lat' dir='ltr'><strong>alias</strong></span> <span class='ocrx_word' id='word_1_105' title='bbox 519 2539 689 2602; x_wconf 86' lang='lat' dir='ltr'><strong>lectiones</strong></span> <span class='ocrx_word' id='word_1_106' title='bbox 713 2539 1008 2619; x_wconf 63' lang='lat' dir='ltr'><strong>provectioribus</strong></span> <span class='ocrx_word' id='word_1_107' title='bbox 1035 2539 1124 2601; x_wconf 92' lang='lat' dir='ltr'><strong>alias</strong></span> <span class='ocrx_word' id='word_1_108' title='bbox 1145 2537 1393 2615; x_wconf 87' lang='lat' dir='ltr'><strong>mediocribus,</strong></span> <span class='ocrx_word' id='word_1_109' title='bbox 1416 2538 1506 2600; x_wconf 92' lang='lat' dir='ltr'><strong>alias</strong></span> <span class='ocrx_word' id='word_1_110' title='bbox 1527 2536 1579 2600; x_wconf 92' lang='lat' dir='ltr'><strong>eis</strong></span> 
     </span>
     <span class='ocr_line' id='line_1_16' title="bbox 351 2643 1578 2725; baseline -0.001 -17"><span class='ocrx_word' id='word_1_111' title='bbox 351 2645 410 2725; x_wconf 91' lang='lat' dir='ltr'><strong>qui</strong></span> <span class='ocrx_word' id='word_1_112' title='bbox 425 2646 539 2725; x_wconf 89' lang='lat' dir='ltr'><strong>prima</strong></span> <span class='ocrx_word' id='word_1_113' title='bbox 555 2647 806 2725; x_wconf 85' lang='lat' dir='ltr'><strong>grammatices</strong></span> <span class='ocrx_word' id='word_1_114' title='bbox 822 2645 1052 2710; x_wconf 86' lang='lat' dir='ltr'><strong>fundamenta</strong></span> <span class='ocrx_word' id='word_1_115' title='bbox 1064 2643 1253 2725; x_wconf 87' lang='lat' dir='ltr'><strong>jaciebant,</strong></span> <span class='ocrx_word' id='word_1_116' title='bbox 1269 2646 1477 2725; x_wconf 85' lang='lat' dir='ltr'><strong>praelegere</strong></span> <span class='ocrx_word' id='word_1_117' title='bbox 1498 2643 1578 2707; x_wconf 94' lang='lat' dir='ltr'><strong>soli·</strong></span> 
     </span>
     <span class='ocr_line' id='line_1_17' title="bbox 350 2750 1576 2833; baseline 0.001 -19"><span class='ocrx_word' id='word_1_118' title='bbox 350 2762 407 2814; x_wconf 93' lang='lat' dir='ltr'><strong>tus</strong></span> <span class='ocrx_word' id='word_1_119' title='bbox 422 2762 510 2824; x_wconf 91' lang='lat' dir='ltr'><strong>erat,</strong></span> <span class='ocrx_word' id='word_1_120' title='bbox 527 2762 561 2815; x_wconf 91' lang='lat' dir='ltr'><strong>et</strong></span> <span class='ocrx_word' id='word_1_121' title='bbox 576 2754 818 2833; x_wconf 84' lang='lat' dir='ltr'><strong>peculiarium,</strong></span> <span class='ocrx_word' id='word_1_122' title='bbox 833 2751 936 2832; x_wconf 87' lang='lat' dir='ltr'><strong>juxta</strong></span> <span class='ocrx_word' id='word_1_123' title='bbox 951 2750 1224 2833; x_wconf 87' lang='lat' dir='ltr'><strong>uniuscujusque</strong></span> <span class='ocrx_word' id='word_1_124' title='bbox 1243 2751 1454 2833; x_wconf 85' lang='lat' dir='ltr'><strong>proiectum,</strong></span> <span class='ocrx_word' id='word_1_125' title='bbox 1476 2769 1576 2815; x_wconf 83' lang='lat' dir='ltr'><strong>exer·</strong></span> 
     </span>
     <span class='ocr_line' id='line_1_18' title="bbox 350 2859 875 2923; baseline -0.004 -2"><span class='ocrx_word' id='word_1_126' title='bbox 350 2860 557 2922; x_wconf 85' lang='lat' dir='ltr'><strong>citationum</strong></span> <span class='ocrx_word' id='word_1_127' title='bbox 573 2876 695 2923; x_wconf 87' lang='lat' dir='ltr'><strong>curam</strong></span> <span class='ocrx_word' id='word_1_128' title='bbox 711 2859 875 2922; x_wconf 90' lang='lat' dir='ltr'><strong>habebat.</strong></span> 
     </span>
    </p>

    <p class='ocr_par' dir='ltr' id='par_1_6' title="bbox 348 2957 1580 3580">
     <span class='ocr_line' id='line_1_19' title="bbox 415 2957 1580 3045; baseline -0.001 -16"><span class='ocrx_word' id='word_1_129' title='bbox 415 2965 481 3029; x_wconf 86' lang='lat'>166.</span> <span class='ocrx_word' id='word_1_130' title='bbox 525 2966 631 3029; x_wconf 89' lang='lat' dir='ltr'><strong>Pater</strong></span> <span class='ocrx_word' id='word_1_131' title='bbox 656 2977 774 3031; x_wconf 89' lang='lat' dir='ltr'><strong>autem</strong></span> <span class='ocrx_word' id='word_1_132' title='bbox 801 2957 927 3030; x_wconf 84' lang='lat' dir='ltr'><strong>Petrus</strong></span> <span class='ocrx_word' id='word_1_133' title='bbox 955 2965 1116 3030; x_wconf 90' lang='lat' dir='ltr'><strong>Pradene</strong></span> <span class='ocrx_word' id='word_1_134' title='bbox 1142 2968 1249 3045; x_wconf 90' lang='lat' dir='ltr'><strong>longe</strong></span> <span class='ocrx_word' id='word_1_135' title='bbox 1274 2964 1400 3045; x_wconf 87' lang='lat' dir='ltr'><strong>majori</strong></span> <span class='ocrx_word' id='word_1_136' title='bbox 1425 2966 1580 3029; x_wconf 90' lang='lat' dir='ltr'><strong>multitu·</strong></span> 
     </span>
     <span class='ocr_line' id='line_1_20' title="bbox 351 3070 1579 3153; baseline 0 -18"><span class='ocrx_word' id='word_1_137' title='bbox 351 3073 423 3135; x_wconf 92' lang='lat' dir='ltr'><strong>dini</strong></span> <span class='ocrx_word' id='word_1_138' title='bbox 444 3090 644 3153; x_wconf 86' lang='lat' dir='ltr'><strong>puerorum,</strong></span> <span class='ocrx_word' id='word_1_139' title='bbox 668 3074 727 3153; x_wconf 93' lang='lat' dir='ltr'><strong>qui</strong></span> <span class='ocrx_word' id='word_1_140' title='bbox 747 3074 865 3153; x_wconf 88' lang='lat' dir='ltr'><strong>legere</strong></span> <span class='ocrx_word' id='word_1_141' title='bbox 886 3092 929 3137; x_wconf 91' lang='lat' dir='ltr'><strong>ac</strong></span> <span class='ocrx_word' id='word_1_142' title='bbox 949 3074 1105 3137; x_wconf 90' lang='lat' dir='ltr'><strong>scribere</strong></span> <span class='ocrx_word' id='word_1_143' title='bbox 1126 3073 1320 3152; x_wconf 88' lang='lat' dir='ltr'><strong>discebant,</strong></span> <span class='ocrx_word' id='word_1_144' title='bbox 1342 3070 1499 3153; x_wconf 89' lang='lat' dir='ltr'><strong>[operam</strong></span> <span class='ocrx_word' id='word_1_145' title='bbox 1520 3090 1579 3136; x_wconf 89' lang='lat' dir='ltr'><strong>na·</strong></span> 
     </span>
     <span class='ocr_line' id='line_1_21' title="bbox 348 3177 1580 3260; baseline 0.001 -19"><span class='ocrx_word' id='word_1_146' title='bbox 348 3177 482 3260; x_wconf 87' lang='lat' dir='ltr'><strong>vabat].</strong></span> <span class='ocrx_word' id='word_1_147' title='bbox 510 3179 631 3259; x_wconf 91' lang='lat' dir='ltr'><strong>Itaque</strong></span> <span class='ocrx_word' id='word_1_148' title='bbox 656 3179 788 3243; x_wconf 88' lang='lat' dir='ltr'><strong>auxilio</strong></span> <span class='ocrx_word' id='word_1_149' title='bbox 811 3197 899 3259; x_wconf 90' lang='lat' dir='ltr'><strong>opus</strong></span> <span class='ocrx_word' id='word_1_150' title='bbox 921 3180 1084 3258; x_wconf 90' lang='lat' dir='ltr'><strong>babebat,</strong></span> <span class='ocrx_word' id='word_1_151' title='bbox 1111 3179 1204 3260; x_wconf 90' lang='lat' dir='ltr'><strong>quod</strong></span> <span class='ocrx_word' id='word_1_152' title='bbox 1230 3178 1406 3243; x_wconf 90' lang='lat' dir='ltr'><strong>interdum</strong></span> <span class='ocrx_word' id='word_1_153' title='bbox 1430 3179 1580 3260; x_wconf 87' lang='lat' dir='ltr'><strong>ipsemet</strong></span> 
     </span>
     <span class='ocr_line' id='line_1_22' title="bbox 349 3284 1578 3367; baseline 0 -19"><span class='ocrx_word' id='word_1_154' title='bbox 349 3284 479 3348; x_wconf 92' lang='lat' dir='ltr'><strong>Rector</strong></span> <span class='ocrx_word' id='word_1_155' title='bbox 502 3295 536 3348; x_wconf 88' lang='lat' dir='ltr'><strong>et</strong></span> <span class='ocrx_word' id='word_1_156' title='bbox 558 3286 606 3349; x_wconf 93' lang='lat' dir='ltr'><strong>illi</strong></span> <span class='ocrx_word' id='word_1_157' title='bbox 632 3296 666 3349; x_wconf 88' lang='lat' dir='ltr'><strong>et</strong></span> <span class='ocrx_word' id='word_1_158' title='bbox 690 3287 801 3367; x_wconf 91' lang='lat' dir='ltr'><strong>priori</strong></span> <span class='ocrx_word' id='word_1_159' title='bbox 826 3287 1048 3366; x_wconf 88' lang='lat' dir='ltr'><strong>praeceptori</strong></span> <span class='ocrx_word' id='word_1_160' title='bbox 1068 3285 1081 3317; x_wconf 82' lang='lat'><strong>⁴</strong></span> <span class='ocrx_word' id='word_1_161' title='bbox 1110 3303 1172 3367; x_wconf 89' lang='lat' dir='ltr'><strong>per</strong></span> <span class='ocrx_word' id='word_1_162' title='bbox 1196 3287 1352 3366; x_wconf 90' lang='lat' dir='ltr'><strong>seipsum</strong></span> <span class='ocrx_word' id='word_1_163' title='bbox 1373 3286 1578 3366; x_wconf 88' lang='lat' dir='ltr'><strong>praebebat,</strong></span> 
     </span>
     <span class='ocr_line' id='line_1_23' title="bbox 350 3392 1579 3457; baseline 0.001 -3"><span class='ocrx_word' id='word_1_164' title='bbox 350 3392 440 3455; x_wconf 91' lang='lat' dir='ltr'><strong>sicut</strong></span> <span class='ocrx_word' id='word_1_165' title='bbox 456 3393 563 3455; x_wconf 92' lang='lat' dir='ltr'><strong>etiam</strong></span> <span class='ocrx_word' id='word_1_166' title='bbox 578 3392 690 3456; x_wconf 87' lang='lat' dir='ltr'><strong>eidem</strong></span> <span class='ocrx_word' id='word_1_167' title='bbox 707 3394 742 3455; x_wconf 93' lang='lat' dir='ltr'><strong>in</strong></span> <span class='ocrx_word' id='word_1_168' title='bbox 758 3392 943 3457; x_wconf 90' lang='lat' dir='ltr'><strong>audiendis</strong></span> <span class='ocrx_word' id='word_1_169' title='bbox 959 3392 1239 3456; x_wconf 85' lang='lat' dir='ltr'><strong>confessionibus</strong></span> <span class='ocrx_word' id='word_1_170' title='bbox 1254 3393 1441 3456; x_wconf 89' lang='lat' dir='ltr'><strong>dominicis</strong></span> <span class='ocrx_word' id='word_1_171' title='bbox 1455 3392 1579 3456; x_wconf 90' lang='lat' dir='ltr'><strong>diebus</strong></span> 
     </span>
     <span class='ocr_line' id='line_1_24' title="bbox 348 3497 1566 3580; baseline 0.002 -19"><span class='ocrx_word' id='word_1_172' title='bbox 348 3512 383 3561; x_wconf 90' lang='lat' dir='ltr'><strong>et</strong></span> <span class='ocrx_word' id='word_1_173' title='bbox 398 3498 496 3561; x_wconf 89' lang='lat' dir='ltr'><strong>lestis</strong></span> <span class='ocrx_word' id='word_1_174' title='bbox 512 3497 550 3562; x_wconf 86' lang='lat' dir='ltr'><strong>P.</strong></span> <span class='ocrx_word' id='word_1_175' title='bbox 567 3498 694 3562; x_wconf 92' lang='lat' dir='ltr'><strong>Petrus</strong></span> <span class='ocrx_word' id='word_1_176' title='bbox 709 3500 880 3563; x_wconf 86' lang='lat' dir='ltr'><strong>auxilium</strong></span> <span class='ocrx_word' id='word_1_177' title='bbox 894 3499 1041 3563; x_wconf 83' lang='lat' dir='ltr'><strong>ferebat.</strong></span> <span class='ocrx_word' id='word_1_178' title='bbox 1058 3497 1103 3562; x_wconf 87' lang='lat' dir='ltr'><strong>Et</strong></span> <span class='ocrx_word' id='word_1_179' title='bbox 1124 3499 1218 3580; x_wconf 88' lang='lat' dir='ltr'><strong>quod</strong></span> <span class='ocrx_word' id='word_1_180' title='bbox 1238 3500 1363 3564; x_wconf 90' lang='lat' dir='ltr'><strong>attinet</strong></span> <span class='ocrx_word' id='word_1_181' title='bbox 1383 3500 1429 3563; x_wconf 91' lang='lat' dir='ltr'><strong>ad</strong></span> <span class='ocrx_word' id='word_1_182' title='bbox 1448 3517 1566 3564; x_wconf 91' lang='lat' dir='ltr'><strong>mores</strong></span> 
     </span>
    </p>
   </div>
   <div class='ocr_carea' id='block_1_5' title="bbox 348 3736 1586 4654">
    <p class='ocr_par' dir='ltr' id='par_1_7' title="bbox 348 3736 1585 4141">
     <span class='ocr_line' id='line_1_25' title="bbox 388 3736 1582 3797; baseline 0.002 -15"><span class='ocrx_word' id='word_1_183' title='bbox 388 3736 399 3771; x_wconf 80' lang='lat'>¹</span> <span class='ocrx_word' id='word_1_184' title='bbox 426 3738 492 3783; x_wconf 85' lang='lat' dir='ltr'><strong>Erat</strong></span> <span class='ocrx_word' id='word_1_185' title='bbox 507 3740 529 3783; x_wconf 87' lang='lat' dir='ltr'><strong>ls</strong></span> <span class='ocrx_word' id='word_1_186' title='bbox 540 3740 663 3797; x_wconf 79' lang='lat' dir='ltr'><strong>Aloysius</strong></span> <span class='ocrx_word' id='word_1_187' title='bbox 673 3740 839 3795; x_wconf 86' lang='lat' dir='ltr'><strong>Lipomanus,</strong></span> <span class='ocrx_word' id='word_1_188' title='bbox 855 3741 897 3795; x_wconf 87' lang='lat' dir='ltr'><strong>qai</strong></span> <span class='ocrx_word' id='word_1_189' title='bbox 914 3752 946 3783; x_wconf 85' lang='lat' dir='ltr'><strong>ex</strong></span> <span class='ocrx_word' id='word_1_190' title='bbox 957 3741 1088 3794; x_wconf 84' lang='lat' dir='ltr'><strong>legatione</strong></span> <span class='ocrx_word' id='word_1_191' title='bbox 1099 3740 1216 3794; x_wconf 88' lang='lat' dir='ltr'><strong>polonica</strong></span> <span class='ocrx_word' id='word_1_192' title='bbox 1225 3752 1349 3785; x_wconf 82' lang='lat' dir='ltr'><strong>reversua</strong></span> <span class='ocrx_word' id='word_1_193' title='bbox 1359 3740 1475 3785; x_wconf 75' lang='lat' dir='ltr'><strong>Viennae</strong></span> <span class='ocrx_word' id='word_1_194' title='bbox 1489 3742 1582 3784; x_wconf 87' lang='lat' dir='ltr'><strong>consti·</strong></span> 
     </span>
     <span class='ocr_line' id='line_1_26' title="bbox 348 3809 1582 3869; baseline 0.003 -16"><span class='ocrx_word' id='word_1_195' title='bbox 348 3816 427 3863; x_wconf 83' lang='lat' dir='ltr'><strong>terat,</strong></span> <span class='ocrx_word' id='word_1_196' title='bbox 442 3809 535 3856; x_wconf 86' lang='lat' dir='ltr'><strong>Nuncii</strong></span> <span class='ocrx_word' id='word_1_197' title='bbox 549 3812 691 3866; x_wconf 88' lang='lat' dir='ltr'><strong>Apostolicl</strong></span> <span class='ocrx_word' id='word_1_198' title='bbox 707 3824 812 3857; x_wconf 86' lang='lat' dir='ltr'><strong>munere</strong></span> <span class='ocrx_word' id='word_1_199' title='bbox 828 3813 945 3866; x_wconf 79' lang='lat' dir='ltr'><strong>iungens.</strong></span> <span class='ocrx_word' id='word_1_200' title='bbox 956 3811 995 3857; x_wconf 87' lang='lat' dir='ltr'><strong>De</strong></span> <span class='ocrx_word' id='word_1_201' title='bbox 1010 3823 1060 3867; x_wconf 90' lang='lat' dir='ltr'><strong>qno</strong></span> <span class='ocrx_word' id='word_1_202' title='bbox 1074 3811 1202 3857; x_wconf 80' lang='lat' dir='ltr'><strong>Martinua</strong></span> <span class='ocrx_word' id='word_1_203' title='bbox 1215 3812 1332 3869; x_wconf 82' lang='lat' dir='ltr'><strong>Cromer,</strong></span> <span class='ocrx_word' id='word_1_204' title='bbox 1342 3814 1480 3858; x_wconf 84' lang='lat' dir='ltr'><strong>canonicus</strong></span> <span class='ocrx_word' id='word_1_205' title='bbox 1494 3823 1582 3857; x_wconf 86' lang='lat' dir='ltr'><strong>craco-</strong></span> 
     </span>
     <span class='ocr_line' id='line_1_27' title="bbox 348 3882 1585 3939; baseline 0.002 -14"><span class='ocrx_word' id='word_1_206' title='bbox 348 3882 445 3926; x_wconf 79' lang='lat' dir='ltr'><strong>viensis</strong></span> <span class='ocrx_word' id='word_1_207' title='bbox 455 3888 481 3927; x_wconf 87' lang='lat' dir='ltr'><strong>et</strong></span> <span class='ocrx_word' id='word_1_208' title='bbox 492 3882 656 3928; x_wconf 83' lang='lat' dir='ltr'><strong>Secretarius</strong></span> <span class='ocrx_word' id='word_1_209' title='bbox 672 3886 767 3937; x_wconf 83' lang='lat' dir='ltr'><strong>regius.</strong></span> <span class='ocrx_word' id='word_1_210' title='bbox 779 3885 909 3928; x_wconf 79' lang='lat' dir='ltr'><strong>scribebat</strong></span> <span class='ocrx_word' id='word_1_211' title='bbox 921 3883 1026 3927; x_wconf 88' lang='lat' dir='ltr'><strong>Canislo</strong></span> <span class='ocrx_word' id='word_1_212' title='bbox 1036 3882 1137 3928; x_wconf 85' lang='lat' dir='ltr'><strong>Vienna</strong></span> <span class='ocrx_word' id='word_1_213' title='bbox 1147 3884 1188 3927; x_wconf 91' lang='lat' dir='ltr'><strong>die</strong></span> <span class='ocrx_word' id='word_1_214' title='bbox 1198 3884 1212 3927; x_wconf 85' lang='lat'>9</span> <span class='ocrx_word' id='word_1_215' title='bbox 1222 3883 1280 3936; x_wconf 87' lang='lat' dir='ltr'><strong>Julll</strong></span> <span class='ocrx_word' id='word_1_216' title='bbox 1295 3885 1354 3929; x_wconf 69' lang='lat' dir='ltr'><strong>tato:</strong></span> <span class='ocrx_word' id='word_1_217' title='bbox 1365 3884 1521 3939; x_wconf 78' lang='lat' dir='ltr'><strong>“Epiacopus</strong></span> <span class='ocrx_word' id='word_1_218' title='bbox 1531 3884 1585 3928; x_wconf 87' lang='lat' dir='ltr'><strong>Ve·</strong></span> 
     </span>
     <span class='ocr_line' id='line_1_28' title="bbox 348 3954 1582 4011; baseline 0.004 -16"><span class='ocrx_word' id='word_1_219' title='bbox 348 3954 472 4009; x_wconf 86' lang='lat' dir='ltr'><strong>ronensls,</strong></span> <span class='ocrx_word' id='word_1_220' title='bbox 483 3954 591 3999; x_wconf 83' lang='lat' dir='ltr'><strong>nuncius</strong></span> <span class='ocrx_word' id='word_1_221' title='bbox 601 3957 759 4010; x_wconf 81' lang='lat' dir='ltr'><strong>apostolicus</strong></span> <span class='ocrx_word' id='word_1_222' title='bbox 770 3956 862 3999; x_wconf 85' lang='lat' dir='ltr'><strong>haeret</strong></span> <span class='ocrx_word' id='word_1_223' title='bbox 872 3956 958 3999; x_wconf 89' lang='lat' dir='ltr'><strong>adhuc</strong></span> <span class='ocrx_word' id='word_1_224' title='bbox 966 3955 1035 4010; x_wconf 81' lang='lat' dir='ltr'><strong>apud</strong></span> <span class='ocrx_word' id='word_1_225' title='bbox 1045 3966 1100 4007; x_wconf 84' lang='lat' dir='ltr'><strong>nos,</strong></span> <span class='ocrx_word' id='word_1_226' title='bbox 1110 3966 1158 3999; x_wconf 89' lang='lat' dir='ltr'><strong>nec</strong></span> <span class='ocrx_word' id='word_1_227' title='bbox 1165 3967 1228 3999; x_wconf 80' lang='lat' dir='ltr'><strong>sane</strong></span> <span class='ocrx_word' id='word_1_228' title='bbox 1236 3956 1359 4011; x_wconf 67' lang='lat' dir='ltr'><strong>ociosus„</strong></span> <span class='ocrx_word' id='word_1_229' title='bbox 1368 3956 1582 4011; x_wconf 77' lang='lat' dir='ltr'><strong>Banonsaaacna,</strong></span> 
     </span>
     <span class='ocr_line' id='line_1_29' title="bbox 349 4024 1584 4084; baseline 0.004 -17"><span class='ocrx_word' id='word_1_230' title='bbox 349 4024 404 4068; x_wconf 77' lang='lat' dir='ltr'><strong>Bit.</strong></span> <span class='ocrx_word' id='word_1_231' title='bbox 415 4025 491 4070; x_wconf 81' lang='lat' dir='ltr'><strong>Petri</strong></span> <span class='ocrx_word' id='word_1_232' title='bbox 503 4026 607 4071; x_wconf 82' lang='lat' dir='ltr'><strong>Cam&#39;st&#39;a&#39;</strong></span> <span class='ocrx_word' id='word_1_233' title='bbox 615 4026 758 4082; x_wconf 79' lang='lat' dir='ltr'><strong>Epistulae</strong></span> <span class='ocrx_word' id='word_1_234' title='bbox 769 4032 794 4071; x_wconf 82' lang='lat' dir='ltr'><strong>el</strong></span> <span class='ocrx_word' id='word_1_235' title='bbox 805 4028 881 4079; x_wconf 79' lang='lat' dir='ltr'><strong>Acta,</strong></span> <span class='ocrx_word' id='word_1_236' title='bbox 890 4034 952 4072; x_wconf 88' lang='lat' dir='ltr'><strong>tom.</strong></span> <span class='ocrx_word' id='word_1_237' title='bbox 962 4038 982 4081; x_wconf 87' lang='grc' dir='ltr'><strong>ι,</strong></span> <span class='ocrx_word' id='word_1_238' title='bbox 998 4038 1060 4082; x_wconf 81' lang='lat' dir='ltr'><strong>pag.</strong></span> <span class='ocrx_word' id='word_1_239' title='bbox 1075 4026 1220 4072; x_wconf 70' lang='lat' dir='ltr'><strong>ota-vide</strong></span> <span class='ocrx_word' id='word_1_240' title='bbox 1230 4039 1317 4082; x_wconf 82' lang='lat' dir='ltr'><strong>supra,</strong></span> <span class='ocrx_word' id='word_1_241' title='bbox 1328 4033 1348 4072; x_wconf 89' lang='lat' dir='ltr'><strong>t.</strong></span> <span class='ocrx_word' id='word_1_242' title='bbox 1360 4040 1387 4084; x_wconf 87' lang='lat' dir='ltr'><strong>v,</strong></span> <span class='ocrx_word' id='word_1_243' title='bbox 1397 4039 1458 4083; x_wconf 82' lang='lat' dir='ltr'><strong>pag.</strong></span> <span class='ocrx_word' id='word_1_244' title='bbox 1467 4029 1502 4083; x_wconf 78' lang='lat'><strong>⁸7,</strong></span> <span class='ocrx_word' id='word_1_245' title='bbox 1513 4039 1537 4073; x_wconf 94' lang='lat' dir='ltr'><strong>n.</strong></span> <span class='ocrx_word' id='word_1_246' title='bbox 1547 4030 1584 4083; x_wconf 84' lang='lat'><strong>66,</strong></span> 
     </span>
     <span class='ocr_line' id='line_1_30' title="bbox 349 4100 469 4141; baseline 0 0"><span class='ocrx_word' id='word_1_247' title='bbox 349 4100 469 4141; x_wconf 77' lang='lat' dir='ltr'><strong>annoti.</strong></span> 
     </span>
    </p>

    <p class='ocr_par' dir='ltr' id='par_1_8' title="bbox 353 4169 1583 4296">
     <span class='ocr_line' id='line_1_31' title="bbox 389 4169 1583 4227; baseline 0.004 -15"><span class='ocrx_word' id='word_1_248' title='bbox 389 4169 401 4202; x_wconf 75' lang='lat'><strong>⁸</strong></span> <span class='ocrx_word' id='word_1_249' title='bbox 427 4169 494 4213; x_wconf 85' lang='lat' dir='ltr'><strong>Vide</strong></span> <span class='ocrx_word' id='word_1_250' title='bbox 505 4180 591 4225; x_wconf 83' lang='lat' dir='ltr'><strong>supra,</strong></span> <span class='ocrx_word' id='word_1_251' title='bbox 602 4176 621 4213; x_wconf 93' lang='lat' dir='ltr'><strong>t.</strong></span> <span class='ocrx_word' id='word_1_252' title='bbox 632 4182 658 4225; x_wconf 87' lang='lat' dir='ltr'><strong>v,</strong></span> <span class='ocrx_word' id='word_1_253' title='bbox 668 4182 729 4225; x_wconf 76' lang='lat' dir='ltr'><strong>pag.</strong></span> <span class='ocrx_word' id='word_1_254' title='bbox 738 4170 773 4226; x_wconf 75' lang='lat' dir='ltr'><strong>lli,</strong></span> <span class='ocrx_word' id='word_1_255' title='bbox 784 4182 808 4215; x_wconf 90' lang='lat' dir='ltr'><strong>n.</strong></span> <span class='ocrx_word' id='word_1_256' title='bbox 818 4170 865 4215; x_wconf 86' lang='grc'>100.</span> <span class='ocrx_word' id='word_1_257' title='bbox 875 4170 910 4215; x_wconf 85' lang='lat' dir='ltr'><strong>Et</strong></span> <span class='ocrx_word' id='word_1_258' title='bbox 920 4170 1043 4215; x_wconf 70' lang='lat' dir='ltr'><strong>Litterae</strong></span> <span class='ocrx_word' id='word_1_259' title='bbox 1053 4172 1273 4225; x_wconf 79' lang='lat' dir='ltr'><strong>Quadrimeatres</strong></span> <span class='ocrx_word' id='word_1_260' title='bbox 1284 4183 1350 4227; x_wconf 89' lang='lat' dir='ltr'><strong>quae</strong></span> <span class='ocrx_word' id='word_1_261' title='bbox 1361 4173 1394 4215; x_wconf 90' lang='lat' dir='ltr'><strong>ad</strong></span> <span class='ocrx_word' id='word_1_262' title='bbox 1405 4172 1472 4216; x_wconf 89' lang='lat' dir='ltr'><strong>hunc</strong></span> <span class='ocrx_word' id='word_1_263' title='bbox 1488 4184 1583 4217; x_wconf 86' lang='lat' dir='ltr'><strong>annum</strong></span> 
     </span>
     <span class='ocr_line' id='line_1_32' title="bbox 353 4240 773 4296; baseline 0.007 -13"><span class='ocrx_word' id='word_1_264' title='bbox 353 4240 511 4295; x_wconf 82' lang='lat' dir='ltr'><strong>referuntur,</strong></span> <span class='ocrx_word' id='word_1_265' title='bbox 522 4246 540 4283; x_wconf 93' lang='lat' dir='ltr'><strong>t.</strong></span> <span class='ocrx_word' id='word_1_266' title='bbox 550 4252 586 4294; x_wconf 84' lang='lat' dir='ltr'><strong>rv,</strong></span> <span class='ocrx_word' id='word_1_267' title='bbox 597 4252 656 4296; x_wconf 79' lang='lat' dir='ltr'><strong>pag.</strong></span> <span class='ocrx_word' id='word_1_268' title='bbox 669 4242 714 4295; x_wconf 78' lang='lat'><strong>159,</strong></span> <span class='ocrx_word' id='word_1_269' title='bbox 725 4242 773 4286; x_wconf 69' lang='lat'>495.</span> 
     </span>
    </p>

    <p class='ocr_par' dir='ltr' id='par_1_9' title="bbox 350 4310 1586 4583">
     <span class='ocr_line' id='line_1_33' title="bbox 392 4310 1585 4370; baseline 0.003 -15"><span class='ocrx_word' id='word_1_270' title='bbox 392 4310 403 4343; x_wconf 76' lang='lat'><strong>³</strong></span> <span class='ocrx_word' id='word_1_271' title='bbox 430 4310 577 4366; x_wconf 87' lang='lat' dir='ltr'><strong>Stephanus</strong></span> <span class='ocrx_word' id='word_1_272' title='bbox 587 4312 734 4369; x_wconf 77' lang='lat' dir='ltr'><strong>casanova,</strong></span> <span class='ocrx_word' id='word_1_273' title='bbox 746 4315 778 4358; x_wconf 92' lang='lat' dir='ltr'><strong>ad</strong></span> <span class='ocrx_word' id='word_1_274' title='bbox 789 4326 864 4369; x_wconf 87' lang='lat' dir='ltr'><strong>qoem</strong></span> <span class='ocrx_word' id='word_1_275' title='bbox 874 4322 963 4360; x_wconf 82' lang='lat' dir='ltr'><strong>exstat</strong></span> <span class='ocrx_word' id='word_1_276' title='bbox 973 4316 1084 4370; x_wconf 84' lang='lat' dir='ltr'><strong>epistola</strong></span> <span class='ocrx_word' id='word_1_277' title='bbox 1097 4314 1125 4358; x_wconf 90' lang='lat' dir='ltr'><strong>P.</strong></span> <span class='ocrx_word' id='word_1_278' title='bbox 1136 4314 1241 4369; x_wconf 77' lang='lat' dir='ltr'><strong>ignatii,</strong></span> <span class='ocrx_word' id='word_1_279' title='bbox 1253 4314 1280 4358; x_wconf 81' lang='lat'><strong>20</strong></span> <span class='ocrx_word' id='word_1_280' title='bbox 1288 4313 1350 4367; x_wconf 88' lang='lat' dir='ltr'><strong>Julli</strong></span> <span class='ocrx_word' id='word_1_281' title='bbox 1360 4315 1431 4359; x_wconf 87' lang='lat' dir='ltr'><strong>data.</strong></span> <span class='ocrx_word' id='word_1_282' title='bbox 1446 4315 1585 4359; x_wconf 78' lang='lat' dir='ltr'><strong>Casanova</strong></span> 
     </span>
     <span class='ocr_line' id='line_1_34' title="bbox 351 4385 1584 4443; baseline 0.005 -14"><span class='ocrx_word' id='word_1_283' title='bbox 351 4386 375 4429; x_wconf 88' lang='lat' dir='ltr'><strong>el</strong></span> <span class='ocrx_word' id='word_1_284' title='bbox 386 4394 528 4438; x_wconf 81' lang='lat' dir='ltr'><strong>cognomen</strong></span> <span class='ocrx_word' id='word_1_285' title='bbox 539 4396 595 4428; x_wconf 82' lang='lat' dir='ltr'><strong>esse</strong></span> <span class='ocrx_word' id='word_1_286' title='bbox 606 4386 664 4429; x_wconf 90' lang='lat' dir='ltr'><strong>inde</strong></span> <span class='ocrx_word' id='word_1_287' title='bbox 676 4385 780 4441; x_wconf 81' lang='lat' dir='ltr'><strong>ecimus,</strong></span> <span class='ocrx_word' id='word_1_288' title='bbox 794 4388 862 4441; x_wconf 87' lang='lat' dir='ltr'><strong>qnod</strong></span> <span class='ocrx_word' id='word_1_289' title='bbox 877 4388 902 4431; x_wconf 91' lang='lat' dir='ltr'><strong>in</strong></span> <span class='ocrx_word' id='word_1_290' title='bbox 915 4387 1003 4431; x_wconf 87' lang='lat' dir='ltr'><strong>eadem</strong></span> <span class='ocrx_word' id='word_1_291' title='bbox 1019 4388 1069 4431; x_wconf 85' lang='lat' dir='ltr'><strong>bac</strong></span> <span class='ocrx_word' id='word_1_292' title='bbox 1079 4388 1191 4441; x_wconf 83' lang='lat' dir='ltr'><strong>epistola</strong></span> <span class='ocrx_word' id='word_1_293' title='bbox 1205 4388 1335 4441; x_wconf 85' lang='lat' dir='ltr'><strong>reperitur</strong></span> <span class='ocrx_word' id='word_1_294' title='bbox 1345 4387 1478 4443; x_wconf 68' lang='lat' dir='ltr'><strong>scriptum</strong></span> <span class='ocrx_word' id='word_1_295' title='bbox 1489 4388 1584 4435; x_wconf 83' lang='lat' dir='ltr'><strong>etenim</strong></span> 
     </span>
     <span class='ocr_line' id='line_1_35' title="bbox 350 4454 1586 4515; baseline 0.004 -15"><span class='ocrx_word' id='word_1_296' title='bbox 350 4457 433 4500; x_wconf 87' lang='lat' dir='ltr'><strong>necin</strong></span> <span class='ocrx_word' id='word_1_297' title='bbox 444 4454 549 4499; x_wconf 89' lang='lat' dir='ltr'><strong>Polanci</strong></span> <span class='ocrx_word' id='word_1_298' title='bbox 561 4456 687 4501; x_wconf 76' lang='lat' dir='ltr'><strong>Chronico</strong></span> <span class='ocrx_word' id='word_1_299' title='bbox 697 4469 743 4502; x_wconf 90' lang='lat' dir='ltr'><strong>nec</strong></span> <span class='ocrx_word' id='word_1_300' title='bbox 754 4458 779 4502; x_wconf 88' lang='lat' dir='ltr'><strong>lo</strong></span> <span class='ocrx_word' id='word_1_301' title='bbox 791 4458 904 4503; x_wconf 78' lang='lat' dir='ltr'><strong>Litteris</strong></span> <span class='ocrx_word' id='word_1_302' title='bbox 912 4458 1166 4511; x_wconf 79' lang='lat' dir='ltr'><strong>Quadrimestribus</strong></span> <span class='ocrx_word' id='word_1_303' title='bbox 1175 4459 1237 4502; x_wconf 88' lang='lat' dir='ltr'><strong>lllud</strong></span> <span class='ocrx_word' id='word_1_304' title='bbox 1245 4464 1364 4515; x_wconf 86' lang='lat' dir='ltr'><strong>apparet,</strong></span> <span class='ocrx_word' id='word_1_305' title='bbox 1373 4466 1401 4503; x_wconf 88' lang='lat' dir='ltr'><strong>ut</strong></span> <span class='ocrx_word' id='word_1_306' title='bbox 1409 4460 1519 4505; x_wconf 84' lang='lat' dir='ltr'><strong>diximus</strong></span> <span class='ocrx_word' id='word_1_307' title='bbox 1527 4460 1586 4505; x_wconf 78' lang='lat' dir='ltr'><strong>Lo·</strong></span> 
     </span>
     <span class='ocr_line' id='line_1_36' title="bbox 350 4526 1049 4583; baseline 0.006 -14"><span class='ocrx_word' id='word_1_308' title='bbox 350 4531 425 4571; x_wconf 78' lang='lat' dir='ltr'><strong>torae</strong></span> <span class='ocrx_word' id='word_1_309' title='bbox 435 4526 665 4581; x_wconf 79' lang='lat' dir='ltr'><strong>Quadrlrnestres,</strong></span> <span class='ocrx_word' id='word_1_310' title='bbox 676 4534 695 4571; x_wconf 93' lang='lat' dir='ltr'><strong>t.</strong></span> <span class='ocrx_word' id='word_1_311' title='bbox 705 4540 740 4583; x_wconf 78' lang='lat' dir='ltr'><strong>tv,</strong></span> <span class='ocrx_word' id='word_1_312' title='bbox 752 4528 919 4583; x_wconf 62' lang='lat' dir='ltr'><strong>putidi-162,</strong></span> <span class='ocrx_word' id='word_1_313' title='bbox 930 4536 1017 4573; x_wconf 90' lang='lat' dir='ltr'><strong>annot.</strong></span> <span class='ocrx_word' id='word_1_314' title='bbox 1029 4532 1049 4573; x_wconf 90' lang='lat'><strong>1.</strong></span> 
     </span>
    </p>

    <p class='ocr_par' dir='ltr' id='par_1_10' title="bbox 392 4598 720 4654">
     <span class='ocr_line' id='line_1_37' title="bbox 392 4598 720 4654; baseline 0.003 -11"><span class='ocrx_word' id='word_1_315' title='bbox 392 4599 402 4632; x_wconf 79' lang='lat'>¹</span> <span class='ocrx_word' id='word_1_316' title='bbox 430 4598 562 4654; x_wconf 84' lang='lat' dir='ltr'><strong>Stephano</strong></span> <span class='ocrx_word' id='word_1_317' title='bbox 574 4598 720 4645; x_wconf 83' lang='lat' dir='ltr'><strong>Casanova.</strong></span> 
     </span>
    </p>
   </div>
   <div class='ocr_carea' id='block_1_6' title="bbox 0 0 1826 5350">
    <p class='ocr_par' dir='ltr' id='par_1_11' title="bbox 0 0 1826 5350">
     <span class='ocr_line' id='line_1_38' title="bbox 0 0 1826 5350; baseline 0 0"><span class='ocrx_word' id='word_1_318' title='bbox 0 0 1826 5350; x_wconf 95' lang='lat' dir='ltr'><strong> </strong></span> 
     </span>
    </p>
   </div>
  </div>
 </body>
</html>
