3642 5350
324 342 377 407 176
790 340 918 409 Citnolt.
937 342 1016 407 soc.
1034 338 1106 419 Jtts.

323 494 482 573 domum,
498 490 535 557 in
556 506 625 575 qua
643 490 752 559 etiam
775 492 920 559 scholae
933 491 1047 557 tenori
1064 498 1240 574 poteraut,
1255 496 1292 555 et
1309 484 1550 572 quamagmta

326 602 384 667 vel
396 600 652 683 quinquaginta
665 620 709 665 ex
721 582 852 666 nostris
862 600 1024 665 habitare
1034 598 1163 664 ibidem
1173 598 1383 680 potuissent,
1398 598 1550 663 etsimnl

324 708 513 774 ecclesiam
546 716 581 773 et
613 707 748 773 reditus
781 708 954 791 applicari
987 706 1198 788 cupiebant,
1229 704 1293 770 sed
1324 704 1549 787 Augustinus

323 815 433 898 Sauli,
448 818 559 881 frater
574 816 855 899 Archiepiscopi,
874 815 932 879 his
950 813 1073 880 fratris
1092 822 1130 879 et
1142 814 1295 879 aliorum
1308 814 1495 879 conatibus
1509 830 1550 877 se

324 924 537 1007 opponebat.
1545 988 1551 997 ,

382 1030 454 1095 646.
497 1031 716 1112 Quibusdam
737 1041 856 1097 autem
880 1040 1131 1096 testamentum
1155 1028 1352 1095 Beudinelli
1370 1026 1470 1094 Sauli
1498 1028 1549 1092 vi·

323 1138 478 1205 dendum
493 1138 616 1204 datum
629 1147 683 1205 est
699 1137 721 1219 ¹,
737 1138 797 1222 qui
811 1139 1109 1221 subscripsemnt,
1120 1142 1311 1219 antequam
1324 1138 1476 1201 ecclesia
1489 1137 1548 1201 ab

325 1250 539 1326 solvererur,
555 1247 688 1312 nostris
698 1248 871 1329 applicari
880 1245 904 1311 ἐ
916 1247 980 1311 sed
990 1264 1057 1311 nec
1067 1246 1179 1310 deluit
1188 1245 1326 1309 Doctor
1336 1244 1477 1326 aliquis,
1488 1243 1551 1325 qni

324 1355 545 1423 contrarium
559 1355 718 1432 sentiret;
734 1363 771 1417 et
784 1352 934 1418 Romam
952 1353 1084 1418 missae
1096 1362 1180 1417 sunt
1197 1352 1395 1417 sententiae
1408 1352 1550 1416 illorum

325 1480 406 1529 cnm
432 1463 591 1527 clausula
615 1462 829 1541 testamenti,
854 1470 893 1526 ut
916 1459 1098 1525 videretur
1118 1477 1166 1524 an
1188 1460 1249 1524 alii
1268 1460 1339 1525 duo
1354 1458 1551 1541 iurisperiti

324 1570 482 1650 insignes
496 1568 575 1635 aliis
589 1568 779 1648 suffragari
793 1569 935 1633 vellent.
954 1567 1154 1634 Videbatur
1168 1574 1288 1632 tamen
1302 1568 1374 1631 alia
1386 1583 1467 1631 esse
1480 1565 1549 1632 Dei

300 1712 305 1723 ·
324 1678 500 1757 voluntat,
516 1693 598 1743 cum
611 1693 792 1757 nunquam
813 1676 872 1741 hic
892 1684 1017 1758 partus
1035 1675 1083 1741 ad
1103 1676 1346 1740 maturitatem
1360 1674 1549 1756 pervenire

325 1784 489 1867 potuerit,
505 1783 670 1867 quamvis
684 1783 892 1849 Genuenses
905 1784 1038 1849 nostris
1050 1784 1258 1866 prospicere
1271 1791 1453 1865 cuperent.

382 1890 455 1956 647.
498 1888 684 1971 Quoddam
701 1890 808 1961 etiam
822 1892 1076 1957 monasterium
1090 1892 1157 1956 sub
1169 1891 1272 1956 titulo
1286 1888 1347 1955 8.ss
1363 1888 1489 1973 Jacobi
1504 1888 1549 1954 de

325 1998 570 2081 Charignauo,
597 1998 691 2081 quod
715 1998 880 2064 monachi
904 1997 966 2063 Sil
981 1997 1173 2079 Augustini
1194 1999 1423 2079 reliquerant,
1443 2006 1484 2061 ut
1503 1997 1550 2061 ad

325 2105 419 2173 aliud
433 2106 652 2171 commodius
671 2115 706 2170 et
726 2106 885 2187 interiuS,
906 2106 1002 2188 quod
1021 2105 1169 2171 Genuae
1191 2105 1381 2185 habebant,
1406 2104 1549 2170 commi·

323 2224 481 2296 grarent,
499 2212 751 2297 [offerebatur];
763 2214 826 2278 sed
837 2214 1036 2279 nonvisum
1047 2222 1101 2309 est
1120 2212 1216 2277 Patri
1227 2212 1352 2278 Loarti
1365 2212 1549 2294 expedire,

324 2322 646 2403 cumasrequentia
655 2322 754 2387 urbis
764 2321 971 2387 recedentes
979 2338 1113 2402 magna
1123 2322 1231 2386 etiam
1242 2321 1313 2386 alia
1324 2319 1550 2385 incommoda

324 2429 508 2496 subeunda
522 2446 564 2493 eo
580 2430 616 2493 in
630 2428 710 2493 loco
723 2437 852 2493 essent.
868 2428 986 2493 Locus
1003 2428 1146 2511 quidem
1166 2437 1246 2493 erat
1268 2428 1549 2507 amoenissimus,

324 2554 428 2621 quem
441 2534 594 2601 Senatus
607 2534 739 2601 nostris
753 2535 935 2616 offerebat,
950 2535 1013 2599 sed
1033 2536 1071 2600 in
1084 2535 1242 2618 reliquis
1257 2533 1404 2615 ut‘dlxi,
1419 2535 1550 2599 incom-

325 2644 461 2712 modus.

384 2752 456 2818 648.
498 2751 553 2818 De
578 2752 647 2817 alio
668 2752 776 2818 etiam
796 2753 1012 2819 monasterio
1036 2753 1208 2836 primario
1232 2753 1297 2818 sub
1322 2752 1550 2819 invocatione

325 2857 387 2925 S.¹¹
407 2859 599 2942 Augustini
618 2858 788 2926 Societati
808 2859 981 2944 tradendo
1000 2862 1109 2926 etiam
1128 2861 1315 2940 agebatur,
1335 2877 1417 2925 cum
1430 2876 1551 2924 mona·

326 2968 385 3032 clii
406 2966 661 3032 conventuales
679 2967 732 3032 sic
753 2983 791 3031 se
813 2969 1021 3048 gessissent,
1039 2976 1079 3033 ut
1097 2968 1298 3050 respublica
1314 2968 1392 3050 ipsa
1406 2966 1552 3032 omnino

326 3075 533 3140 decerneret
548 3076 613 3139 ‘eos
632 3074 713 3140 inde
733 3075 922 3156 expellere,
944 3085 980 3140 et
1000 3076 1166 3158 quamvis
1190 3077 1249 3140 vel
1268 3074 1552 3140 observantibus

326 3181 482 3263 ejusdem
496 3180 641 3247 Ordinis
658 3182 716 3246 vel
734 3181 892 3262 collegio
911 3194 1035 3249 nostro
1049 3184 1223 3265 applicari
1240 3183 1481 3266 postulabant,
1501 3182 1551 3246 ni·
1643 3261 1651 3273 ὓ

329 3290 518 3355 hilominus
545 3289 740 3370 Collegium
768 3290 1027 3372 praeferebant.
1061 3290 1107 3356 Et
1136 3290 1186 3355 ita
1213 3289 1359 3356 Summo
1390 3287 1552 3355 Pontifici

333 3397 547 3480 supplicavit
557 3395 581 3458 ³.

388 3505 459 3570 649.
502 3503 775 3585 Significabatur
797 3514 916 3571 tamen
935 3507 1228 3590 Archiepiscopo,
1244 3507 1305 3590 qui
1322 3506 1457 3572 Romae
1474 3521 1552 3570 ver·

326 3612 483 3692 sabatur,
492 3622 567 3678 turn
577 3630 598 3676 a
609 3621 810 3694 protectore
822 3613 971 3694 Collegii
982 3627 1056 3679 tum
1066 3616 1200 3698 abipso
1212 3613 1358 3680 Vicario
1369 3615 1463 3680 hanc
1473 3629 1552 3678 esse

327 3720 539 3804 reipublicae
553 3718 751 3786 Genuensis
765 3730 800 3785 et
814 3721 946 3786 civium
957 3733 1121 3803 mentem,
1133 3733 1172 3788 ut
1186 3723 1345 3803 Collegio
1360 3721 1552 3803 applicare·

328 3841 397 3910 tur,
413 3838 449 3894 et
468 3829 499 3894 si
518 3827 554 3892 id
569 3827 720 3893 obtineri
737 3845 811 3893 non
829 3839 961 3910 posset,
982 3828 1265 3896 observantibus
1281 3828 1438 3910 ejusdem
1452 3828 1554 3894 Ordi-

327 3936 383 4000 nis
397 3934 420 4017 ‘;
433 3953 501 4022 uec
512 3936 626 4000 solum
640 3936 894 4001 monasterium
909 3945 945 4000 et
960 3937 1123 4019 ecclesia,
1140 3955 1229 4020 quae
1244 3938 1280 4002 in
1292 3937 1427 4019 optimo
1438 3936 1509 4001 situ
1518 3945 1554 4000 et

328 4043 562 4126 capacissima
575 4053 664 4124 erat,
677 4043 740 4108 sed
755 4043 888 4110 reditus
901 4044 1046 4127 inquam
1060 4047 1333 4128 quingentorum
1345 4045 1554 4110 ducatorum

369 4323 378 4356 1
406 4319 859 4378 Vldeuupra,t.v,pag.lli,n.3‘.²9.
935 4355 939 4361 .
1335 4351 1338 4356 -

342 4427 345 4435 .
367 4394 379 4426 ⁸
406 4392 456 4448 Slc;
473 4400 500 4437 et
516 4393 658 4439 desiderari
674 4395 777 4440 vldetur
792 4398 900 4440 verbum
915 4397 1008 4450 licere:
1023 4398 1090 4453 quod
1106 4398 1128 4443 si
1142 4397 1239 4450 itaut.
1251 4398 1417 4444 scribendum
1430 4396 1555 4443 ioretboc

327 4465 409 4510 modo:
421 4465 463 4520 qul
474 4466 681 4521 tubtcrlpterunt
697 4467 776 4512 llcore
791 4469 938 4523 ecclesiam,
954 4476 1093 4525 antequam
1107 4472 1298 4525 absolveretur,
1313 4469 1555 4525 nostrltapplicnrl.

235 4551 246 4576 ι
369 4537 380 4570 ¹
408 4535 479 4592 seit,
490 4537 645 4593 Respublica
653 4541 696 4584 vel
706 4540 809 4585 civitas.

367 4609 379 4645 ⁴
406 4607 536 4664 Eiusdem
550 4607 660 4654 Ordinis
669 4611 769 4657 addidit
780 4613 812 4658 ad
824 4626 895 4660 oraui
908 4617 1021 4672 paginae
1031 4617 1166 4664 Polaticus.
