3642 5350
749 447 814 508 Ait.
836 447 906 508 1556
1404 449 1442 508 29

201 590 248 655 de
276 591 447 658 reditibus
474 609 512 656 se
541 594 632 657 velle
660 593 865 675 prospicere
898 592 1142 672 affirmabant;
1177 600 1213 656 et
1242 593 1382 674 aliquos
1416 612 1439 657 a

204 698 243 762 Ρ.
265 698 405 780 Ignatio
423 700 534 780 mitti,
556 701 616 781 qui
634 701 772 782 publice
792 701 960 766 docerent
980 711 1016 764 et
1038 701 1353 781 concionarentur,
1377 718 1439 781 po·

203 807 396 872 stulabant.

179 899 188 909 ’
265 914 316 978 76.
359 913 532 995 Quamvis
547 924 666 980 autem
681 915 916 980 constituerat
929 913 968 980 P.
984 914 1143 996 ignatius
1157 914 1347 996 collegium
1361 932 1436 990 non

202 1021 401 1102 admittere,
418 1021 478 1086 ubi
496 1021 765 1102 quatuordecim
785 1024 842 1086 vel
861 1022 1064 1102 quindecim
1083 1023 1130 1086 ali
1150 1040 1222 1086 non
1243 1033 1388 1101 possent
1413 1022 1437 1100 ¹,

199 1127 479 1209 dispensandum
493 1139 613 1194 tamen
628 1129 663 1192 in
677 1129 832 1210 gratiam
847 1129 1005 1193 civitatis
1022 1129 1236 1194 coloniensis
1255 1130 1433 1202 ethorum

201 1236 399 1299 amicorum
424 1235 653 1314 existimavit,
677 1248 711 1299 et
734 1246 839 1316 prout
860 1236 1084 1318 promiserat,
1101 1236 1151 1300 ita
1166 1236 1354 1302 undecima
1381 1235 1439 1300 die

202 1341 290 1422 Maji
314 1352 468 1423 quatuor
492 1361 537 1406 ex
562 1343 694 1406 nostris
720 1343 903 1407 Coloniam
929 1343 1140 1420 destinavit,
1172 1361 1322 1424 quorum
1343 1361 1437 1408 nnus

199 1458 280 1513 erat
295 1448 401 1513 Pater
415 1449 591 1514 Henricus
610 1448 822 1529 Dionysius,
842 1450 901 1530 qui
922 1449 1185 1514 concionatoris
1198 1468 1345 1515 munere
1364 1451 1438 1517 ubi·

200 1573 270 1637 que
297 1557 400 1634 iungi
428 1559 573 1636 egregie
598 1569 758 1638 poterat,
785 1569 820 1620 et
845 1558 1038 1638 magistros
1060 1556 1293 1623 Franciscum
1317 1557 1438 1623 Coste·

200 1681 294 1742 rum,
310 1665 369 1744 qui
386 1664 519 1744 aliquid
533 1681 578 1728 ex
593 1681 697 1730 sacra
718 1664 907 1744 theologia,
925 1673 961 1727 et
974 1664 1070 1744 Mag.
1086 1663 1434 1747 JoannemRezium,

201 1770 263 1851 qui
290 1780 325 1833 et
349 1771 554 1834 concionari
573 1781 608 1833 et
628 1771 857 1834 humaniores
877 1787 921 1834 ac
940 1771 1201 1852 philosophicas
1220 1772 1327 1835 etiarn
1346 1771 1435 1836 litte·

200 1893 261 1940 ras
277 1877 407 1954 docere
422 1879 545 1958 potuit.
569 1877 725 1957 Quartus
744 1877 810 1941 fuit
834 1877 1011 1942 Henricus
1030 1877 1286 1942 Dionautensis
1307 1878 1354 1942 ad
1375 1879 1436 1942 bu

200 1985 381 2048 maniores
392 1985 529 2048 litteras
540 1985 721 2049 docendas
735 1987 894 2064 idoneuS,
913 1986 1039 2066 quibus
1054 1984 1194 2050 additus
1210 1996 1264 2050 est
1279 1987 1434 2067 quintus,

200 2091 423 2170 GullielmuS,
441 2092 674 2157 Cameracum
688 2109 955 2173 progressurus,
969 2091 1110 2156 Vienna
1124 2093 1232 2157 etiam
1241 2093 1338 2174 Mag.
1354 2093 1434 2176 Joa·

200 2199 360 2263 chimum
372 2208 407 2262 et
418 2199 507 2263 alios
518 2198 691 2280 quosdam
702 2201 793 2263 mitti
807 2199 929 2278 voluit,
941 2209 991 2277 ut,
1000 2199 1030 2263 si
1043 2200 1231 2280 collegium
1244 2218 1325 2266 cum
1336 2201 1436 2266 scho·
1486 2189 1491 2198 ⁸

200 2306 244 2368 lis
260 2316 515 2386 praeparatum
529 2317 634 2385 esset,
656 2316 799 2370 nostrae
810 2305 1007 2387 juventutis
1026 2306 1261 2371 instituendae
1277 2325 1436 2374 curama

200 2413 328 2492 primis
343 2413 551 2478 rudimentis
565 2413 817 2494 grammatices
836 2429 947 2493 usque
967 2413 1014 2478 ad
1027 2413 1229 2492 superiores
1247 2413 1436 2478 facultates

199 2520 437 2600 susciperent.
453 2520 497 2584 Et
514 2521 581 2584 hoc
596 2520 733 2584 initium
745 2520 875 2584 scholis
886 2520 1148 2584 coloniensibus
1162 2520 1285 2584 datum
1299 2531 1354 2584 est
1368 2520 1391 2582 ¹.

262 2625 315 2690 77.
358 2625 448 2691 Cum
468 2645 561 2691 anno
580 2627 753 2708 superiori
771 2626 959 2691 Billomum
979 2626 1078 2690 missi
1100 2638 1219 2691 essent
1234 2626 1338 2693 Pater
1352 2627 1434 2694 Hie·

201 2752 377 2816 ronymus
396 2736 542 2801 Bassius
567 2752 648 2799 cum
674 2735 712 2799 Ρ.
740 2734 845 2798 Petro
870 2733 1021 2798 Chanali
1045 2746 1082 2797 ut
1107 2752 1189 2799 cum
1213 2735 1251 2799 Ρ.
1278 2735 1434 2801 Roberto

200 2842 395 2923 Ciaysonio
407 2842 707 2922 conjungerentur
722 2840 746 2921 ³,
762 2842 879 2904 oblata
894 2840 960 2904 fuit
976 2842 1106 2905 nostris
1120 2842 1345 2907 Universitas
1357 2843 1434 2923 ejus

199 2952 311 3025 urbis3
329 2962 363 3015 et
379 2950 574 3031 Episcopus
590 2950 888 3013 Claramontanus
907 2961 1060 3028 quatuor
1080 2950 1138 3012 vel
1157 2952 1311 3031 quinque
1329 2968 1431 3032 prae·

199 3066 365 3138 ceptores
379 3074 401 3120 a
416 3056 454 3119 P.
471 3056 609 3137 ignatio
625 3074 688 3137 per
705 3058 842 3120 litteras
861 3054 1070 3137 postulavit,
1097 3064 1132 3118 et
1153 3067 1271 3121 tamen
1292 3058 1435 3138 collegii

199 3164 419 3228 dotationem
434 3164 480 3227 ad
493 3165 680 3228 duodecim
695 3172 832 3227 tantum
846 3181 892 3227 ex
907 3167 1039 3229 nostris
1053 3176 1137 3229 tunc
1152 3166 1386 3246 pollicebatur
1402 3164 1429 3231 ⁴.

199 3269 246 3335 Ut
262 3280 383 3334 autem
398 3270 558 3334 aedificio
573 3270 725 3350 collegii,
742 3270 871 3351 quoda
889 3272 1128 3337 fundamentis
1148 3283 1315 3337 extruere
1334 3274 1429 3337 vole·

199 3378 270 3458 bat,
291 3387 494 3458 praeesset,
517 3376 658 3441 Patrem
677 3376 874 3457 Baptistam
897 3377 1103 3458 Violaeum,
1125 3379 1192 3460 ipsi
1214 3378 1361 3443 Parisiis
1380 3379 1432 3443 ia·

199 3487 385 3549 miliariter
399 3495 532 3561 notum,
551 3485 681 3548 remitti
697 3484 733 3547 in
749 3483 904 3549 Galliam
919 3488 1137 3567 postulabat.

240 3690 250 3723 ¹
278 3688 346 3733 Vide
357 3700 445 3742 supra,
456 3694 475 3733 t.
488 3697 525 3742 ιιι,
541 3699 567 3731 rv
583 3694 610 3731 et
626 3700 644 3731 v
658 3687 763 3741 passlm;
778 3688 937 3741 praesertim
951 3700 1014 3733 vero
1031 3695 1051 3733 t.
1066 3700 1102 3745 ιιι,
1119 3702 1180 3745 pag.
1190 3692 1226 3743 78,
1235 3702 1260 3737 ιι.
1271 3691 1318 3745 tta
1330 3696 1357 3735 et
1367 3694 1387 3735 t.
1397 3702 1434 3745 vr,

200 3772 259 3815 pag.
270 3760 321 3811 386,
333 3772 357 3803 ιι.
367 3758 417 3803 831.

237 3832 250 3865 Ι
276 3831 345 3876 Vide
357 3830 453 3875 Cariae
463 3830 496 3874 de
507 3828 562 3875 Seu
573 3829 693 3884 Ignauia,
702 3835 721 3874 t.
733 3840 768 3885 vt.
780 3832 1033 3885 neminemnam.
1048 3832 1063 3876 i
1077 3833 1112 3877 ed
1124 3844 1184 3887 pag.
1196 3832 1245 3886 ati,
1259 3834 1303 3878 ubl
1318 3833 1351 3877 de
1364 3832 1435 3877 Hen-

200 3903 253 3947 rico
264 3903 363 3959 Denye.
375 3901 517 3947 Francisco
528 3900 621 3945 Coster
636 3908 661 3945 et
675 3900 773 3955 Joanne
787 3902 852 3947 Reid
867 3904 909 3947 vel
925 3902 984 3949 Reit
999 3910 1039 3949 est
1049 3904 1285 3958 sermo-Quartus
1295 3905 1431 3959 magister,

198 3977 241 4029 qul
255 3976 299 4019 hic
314 3974 441 4019 Henricus
451 3975 546 4018 dieitur
556 3973 749 4029 Dionantensie,
758 3982 869 4019 vocatur
883 3976 961 4027 inira,
972 3987 997 4020 ιι.
1010 3976 1069 4029 1786,
1082 3975 1208 4021 Henricus
1218 3976 1373 4021 Formellus.
1383 3976 1432 4022 Est

199 4056 286 4091 autern
298 4046 425 4091 Henricus
435 4044 572 4099 Somellus,
582 4046 693 4091 nondum
703 4047 832 4101 sacerdos,
844 4055 921 4091 natus
931 4047 957 4091 in
967 4050 1030 4092 urbe
1041 4048 1139 4093 Dinent
1153 4048 1222 4101 (vide
1232 4048 1355 4093 Litterae
1364 4049 1435 4101 Qua-

198 4118 390 4168 trimestrem
409 4128 444 4170 tv,
455 4126 515 4172 pag.
526 4116 650 4167 teti-be
660 4116 806 4173 Gullielmo,
817 4120 859 4172 qui
873 4120 914 4162 hic
931 4119 1020 4173 quinto
1035 4120 1091 4164 loco
1106 4120 1262 4169 nominetur.
1277 4119 1346 4164 inira
1361 4122 1433 4165 nulia

200 4189 227 4233 fit
237 4190 342 4243 mentio,
350 4189 395 4233 sed
406 4200 452 4244 pro
462 4199 493 4232 eo
503 4188 578 4240 elius,
589 4187 745 4233 Franclscus
755 4190 900 4243 Emerulus,
910 4190 1040 4235 inducitur
1048 4190 1149 4235 Vienna
1158 4192 1260 4235 misene:
1269 4191 1328 4236 vide
1336 4202 1361 4236 n.
1371 4191 1433 4248 17⁹1,

197 4268 224 4305 et
237 4260 357 4305 Litterae
368 4258 599 4313 Quadrimestres,
608 4267 627 4304 t.
638 4272 674 4314 rr,
689 4272 748 4315 pag.
761 4261 1009 4316 ata—Joachtmum,
1024 4274 1099 4317 quem
1115 4274 1162 4307 nos
1175 4262 1344 4317 sequenter?
1363 4263 1429 4307 Dec·

198 4342 287 4385 atace,
302 4331 549 4385 (L'eteblissement
563 4332 596 4375 de
610 4332 638 4375 la
649 4332 810 4387 campagnia
825 4335 858 4378 de
871 4333 955 4389 Iesus
965 4334 1036 4378 dans
1049 4335 1090 4378 ies
1100 4332 1248 4388 Pitye-Bas,
1257 4334 1327 4389 pet>
1336 4345 1430 4389 cogno·

198 4405 269 4451 mine
276 4403 444 4449 Christiaens
453 4403 645 4457 appellavimus
654 4410 681 4449 et
691 4404 850 4459 Brugensem
860 4405 976 4460 lecimus,
987 4406 1103 4460 appellet
1112 4405 1219 4451 lirum
1227 4408 1255 4459 (1.
1266 4417 1298 4462 c.,
1308 4418 1369 4462 pag.
1379 4407 1431 4465 20⁶)

199 4476 367 4523 Anthonium.
379 4475 491 4527 Antonii,
502 4474 732 4530 Ultrajecteusem.

237 4546 250 4579 ⁸
278 4547 345 4591 vice
357 4557 445 4602 supra,
457 4553 476 4589 t.
486 4556 513 4599 v,
523 4557 583 4601 pag.
593 4546 642 4599 346,
653 4559 677 4591 n.
688 4547 738 4593 935.

242 4620 253 4652 ⁴
279 4619 346 4663 Vide
361 4630 449 4669 supra.
460 4625 479 4662 t.
496 4628 522 4673 v,
537 4628 598 4673 pag.
607 4618 656 4673 3¹8,
672 4630 696 4663 n.
708 4620 756 4673 stu
772 4627 797 4665 et
813 4620 908 4673 Partes
922 4624 956 4667 de
971 4624 1026 4667 suu
1041 4623 1157 4677 innecto,
1172 4628 1190 4671 t.
1206 4637 1232 4679 v,
1248 4634 1309 4679 pet.
1325 4624 1374 4680 589,
1389 4627 1433 4671 ubi

202 4688 322 4753 Episcopi
332 4690 528 4735 Claramontani
539 4689 643 4735 litterae
653 4694 687 4737 ud
697 4692 820 4738 Sanctum
831 4695 962 4750 ignatium
973 4695 1149 4750 reperiuntur.
