3642 5350
349 417 405 480 522
813 421 943 484 Canon.
961 423 1039 485 Soc.
1059 425 1130 498 Jss.

351 580 448 631 strae
463 568 599 632 domus,
615 567 801 650 Temporis
816 585 1011 650 progressu
1026 573 1117 634 ultra
1137 571 1248 649 illum,
1265 573 1377 634 altare
1397 568 1512 650 maius
1531 568 1582 632 in.⁶

351 673 567 739 stituendum
580 683 669 754 erat,
686 683 721 738 et
734 692 819 756 pars
834 693 896 756 ea,
914 694 1006 758 quae
1021 679 1156 758 capella
1173 676 1287 758 maior
1303 675 1446 755 dicitur,
1462 687 1497 739 et
1510 675 1587 738 sere

351 781 455 844 tertia
473 799 558 862 pars
577 783 699 862 templi
718 782 837 846 sutura
862 793 952 847 erat.
973 783 1075 848 Aliae
1095 784 1187 848 duae
1205 785 1332 848 tertiae
1355 792 1476 864 partes
1502 801 1585 846 curn

350 896 503 968 quatuor
517 889 673 970 capellis
691 890 773 953 binc
789 890 882 970 inde,
900 891 989 955 satis
1003 892 1161 973 pulchris
1176 890 1360 955 confectae
1373 890 1532 968 fuerunt3
1549 900 1585 952 et

352 1012 457 1076 super
472 996 551 1060 illas
570 998 699 1061 atrium
720 997 765 1061 ad
785 999 934 1062 chorum
959 999 1081 1079 templi
1104 998 1265 1080 patebat;
1284 1006 1412 1061 ettam
1434 996 1584 1077 pulchra

354 1102 433 1166 visa
448 1112 502 1166 est
516 1104 683 1184 ecclesia,
700 1105 782 1167 licet
797 1122 868 1168 uon
883 1107 986 1186 plene
1006 1107 1187 1184 absoluta,
1202 1114 1241 1168 ut
1259 1122 1330 1168 non
1350 1105 1465 1168 solum
1483 1104 1587 1177 bene·

354 1211 456 1272 volos
473 1207 494 1290 ¹,
511 1211 570 1290 qui
585 1211 659 1276 suis
673 1212 839 1292 expensis
854 1212 899 1275 ad
916 1213 1088 1293 hocopus
1107 1212 1389 1293 promovendum
1405 1209 1586 1290 juverant,

353 1316 416 1379 sed
431 1317 660 1382 adversarios
674 1320 781 1382 etiam
796 1329 831 1382 et
846 1318 1072 1383 oblocutores
1088 1319 1331 1382 consolatione
1346 1316 1513 1381 afficeret.

413 1423 505 1488 2261.
548 1423 629 1506 Ipso
645 1437 764 1490 autem
778 1426 850 1504 dle,
867 1426 928 1506 qui
946 1425 1110 1490 Natalem
1128 1425 1273 1510 Domini
1287 1425 1493 1505 praecessit,
1515 1441 1585 1486 ma-

349 1529 407 1610 jus
421 1533 533 1595 altare
548 1541 713 1596 ornatum
729 1531 793 1595 luit
808 1533 921 1612 coelo,
938 1540 973 1596 et
989 1533 1147 1610 cortinis,
1164 1542 1198 1595 et
1213 1531 1292 1595 aliis
1307 1530 1525 1594 ornamentis
1539 1547 1586 1592 ex

353 1638 423 1700 tela
439 1655 547 1702 aurea
562 1639 744 1703 conlectis
765 1639 887 1703 Mutuo
908 1640 1016 1703 etiam
1035 1639 1182 1702 dederat
1200 1638 1355 1702 Pro-rex
1370 1635 1381 1667 '
1395 1637 1451 1701 sui
1466 1637 1587 1700 sacelli

352 1755 522 1824 argentea
537 1763 638 1826 vasa;
655 1755 689 1810 et
704 1747 845 1827 vesperi
861 1754 1026 1811 cantores
1041 1745 1266 1811 Cathedralis
1277 1744 1449 1808 ecclesiae
1462 1746 1592 1807 solem·

354 1852 444 1914 niter
460 1853 669 1917 matutinum
684 1853 836 1917 officium
857 1854 1111 1932 decantarunt,
1134 1863 1169 1916 et
1187 1853 1265 1933 ipso
1284 1850 1342 1914 die
1362 1849 1500 1915 Natalis
1514 1848 1584 1913 Do·

354 1957 439 2021 mini
453 1958 650 2040 Episcopus
665 1961 809 2042 quidam
823 1961 955 2024 Missae
970 1960 1123 2023 officium
1137 1959 1345 2037 celebravit,
1358 1967 1391 2020 et
1404 1957 1584 2037 Urgellen·

355 2065 404 2128 sis
418 2065 585 2147 Episcopi
600 2065 611 2097 ⁸
626 2078 792 2132 cantores
807 2086 887 2132 eam
901 2068 977 2132 suis
991 2067 1153 2132 cantibus
1168 2073 1351 2130 ornarunt.

414 2171 505 2235 2262.
547 2173 672 2240 Astitit
687 2185 720 2238 et
735 2175 884 2238 Pro-rex
899 2193 981 2239 cum
995 2173 1229 2238 Asturecensi
1240 2173 1419 2253 Episcopo
1433 2168 1456 2249 ⁴,
1473 2171 1588 2251 lnqui-

354 2280 530 2362 sitoribuS,
548 2292 583 2345 et
597 2283 715 2348 multis
729 2283 905 2347 nobilibus
920 2300 964 2345 ac
978 2281 1158 2362 primariis
1172 2279 1247 2360 ejus
1261 2278 1359 2342 urbis
1370 2279 1587 2342 hominibus.

355 2385 595 2454 Concionatus
609 2399 663 2453 est
678 2399 711 2453 et
726 2389 764 2454 P.
781 2388 921 2469 Strada,
939 2387 1184 2466 Provincialis,
1202 2386 1275 2468 (qui
1292 2384 1590 2466 praecedentibus

354 2495 540 2559 dominicis
556 2497 678 2560 diebus
694 2514 736 2560 ac
752 2495 852 2560 festis
872 2497 966 2560 idem
979 2494 1148 2573 fecerat),
1170 2511 1213 2557 ea
1231 2491 1432 2573 frequentia
1452 2492 1587 2555 audito·

355 2619 445 2679 rum,
462 2609 500 2664 ut
516 2605 624 2665 multo
639 2604 758 2683 plures
769 2603 844 2685 jam
858 2604 964 2684 pleno
979 2603 1111 2683 templo
1126 2598 1409 2677 excluderentur,
1425 2615 1531 2679 quam
1546 2599 1582 2660 in

355 2727 397 2773 eo
413 2711 690 2773 continerentur.

415 2816 506 2879 2263.
549 2816 784 2881 Provincialis
809 2817 917 2882 etiam
943 2814 1003 2882 8.st
1028 2816 1210 2881 Dominici
1235 2834 1315 2881 cum
1330 2826 1484 2898 quatuor
1498 2816 1589 2897 ejus·

356 2923 436 2986 dem
458 2922 592 2987 ordinis
613 2906 789 3004 theologis
809 2926 855 2989 ad
872 2925 1020 2988 Missam
1040 2935 1075 2988 et
1099 2925 1343 3005 vespertinum
1362 2924 1515 2988 officium
1530 2924 1588 2987 de-

357 3030 573 3095 cantandum
587 3032 664 3111 ipso
680 3031 736 3094 die
752 3030 1053 3106 circumcisionis,
1071 3049 1140 3111 quo
1152 3032 1282 3096 festum
1296 3029 1486 3095 Societatis
1500 3032 1588 3097 cele·

357 3137 537 3217 brabatur,
555 3150 742 3215 venerunt,
758 3147 792 3201 et
807 3138 980 3219 praedicti
995 3147 1163 3201 cantores
1178 3155 1259 3201 cum
1273 3138 1353 3201 aliis
1364 3138 1591 3202 Cathedralis

358 3245 530 3307 ecclesiae
545 3246 804 3309 solemnitatem
818 3254 1007 3310 auxerunt.

417 3349 508 3413 2264.
552 3352 790 3416 Concionatus
810 3363 862 3417 est
884 3353 993 3416 etiam
1007 3370 1113 3416 mane
1127 3352 1166 3416 P.
1184 3350 1326 3431 Strada,
1342 3360 1377 3416 et
1391 3360 1473 3433 post
1487 3353 1591 3416 meri·

359 3456 453 3519 diem
467 3457 578 3522 adsuit
602 3460 709 3522 etiam
729 3458 878 3523 Pro-rex
898 3477 980 3523 curn
1005 3460 1212 3542 proceribus
1238 3460 1351 3538 urbiS,
1371 3469 1406 3523 et
1425 3467 1525 3522 tanta
1546 3476 1592 3521 eo

358 3564 528 3628 confluxit
549 3567 733 3630 hominum
755 3568 959 3647 multituda,
981 3577 1018 3630 ut
1038 3567 1145 3630 etiam
1165 3568 1284 3630 omnia
1305 3567 1490 3647 superiora
1509 3568 1589 3629 loca

359 3672 531 3752 impleret.

418 3779 509 3843 2265.
553 3780 793 3847 constituerat
809 3792 843 3845 et
854 3781 893 3845 P.
907 3780 1037 3846 Strada
1052 3782 1129 3862 ipso
1144 3780 1200 3844 die
1216 3779 1436 3860 Epiphaniae
1451 3779 1589 3843 concio-

357 3887 454 3966 nari;
479 3887 542 3950 sed
556 3888 711 3953 Aitonae
726 3885 738 3919 ⁸
753 3888 880 3952 Comes
896 3899 932 3953 et
946 3890 1008 3953 alii
1021 3888 1182 3969 primarii
1201 3887 1272 3951 viri
1286 3886 1497 3967 importunis
1511 3902 1590 3966 pre-

359 4028 559 4037 —...-—--.—

400 4091 408 4122 ¹
437 4088 483 4134 lis.
499 4092 643 4137 benevolis.

398 4162 409 4193 ¹
435 4161 502 4205 Vlde
513 4174 600 4217 supra,
611 4172 630 4208 t.
640 4178 665 4217 v,
677 4177 737 4219 pag.
747 4165 796 4217 379,
809 4176 832 4207 u.
845 4164 904 4217 1022;
917 4170 942 4206 et
954 4169 973 4206 t.
982 4174 1018 4215 ιν,
1029 4174 1090 4216 pag.
1100 4162 1148 4214 356,
1159 4174 1182 4205 ιι.
1200 4162 1249 4213 762,
1264 4168 1352 4206 annot.
1367 4162 1529 4208 2.-Pro·rex
1544 4162 1593 4206 Ca·

359 4234 491 4277 talauniae
501 4242 558 4279 erat
570 4236 664 4280 Petrus
674 4237 744 4281 Asan
754 4238 784 4279 de
796 4235 893 4279 Ribera
904 4242 931 4277 et
944 4235 1139 4288 Portocarrero,
1150 4234 1267 4277 Marchlo
1278 4234 1417 4279 de'larlla.

398 4304 408 4335 ³
436 4304 818 4361 UrgellensisEpiscopuserat
830 4306 915 4351 adhuc
933 4304 1045 4349 Michael
1061 4304 1185 4359 Despnig,
1202 4306 1245 4358 qui
1260 4306 1309 4349 hoc
1324 4306 1380 4359 ipso
1390 4305 1592 4349 annoadeccle·

358 4376 423 4419 siam
434 4376 587 4421 ilerdensem
599 4381 742 4422 translatus
752 4386 801 4422 est.
813 4378 851 4421 De
862 4388 892 4420 eo
907 4378 980 4420 lacta
990 4383 1030 4419 est
1041 4377 1138 4421 mentio
1148 4388 1235 4436 supra,
1248 4383 1266 4421 t.
1277 4388 1302 4431 v,
1313 4389 1373 4431 pag.
1383 4376 1432 4432 383,
1441 4389 1465 4421 n.
1477 4376 1537 4422 toto.

398 4448 409 4479 Α
437 4446 486 4491 Hic
496 4455 554 4493 erat
564 4448 678 4494 Didacus
694 4450 840 4493 Sarmlento
856 4450 887 4491 de
904 4448 1067 4503 Sotomayor,
1083 4460 1176 4493 sacrae
1191 4449 1332 4504 Inquisitor
1346 4447 1414 4499 fidel.
1429 4450 1460 4492 de
1472 4460 1521 4504 quo
1530 4448 1593 4492 vide

357 4530 445 4573 supra,
457 4526 474 4562 ῑ.
485 4530 522 4573 ιν,
532 4531 593 4574 pag.
603 4522 651 4576 3⁴3,
662 4534 686 4565 ιι,
695 4521 744 4575 730,
754 4527 842 4565 annot.
852 4522 873 4564 3.

397 4588 409 4621 ⁵
436 4589 502 4635 Erat
513 4590 624 4643 Joannes
635 4594 665 4636 de
677 4592 810 4642 Moncada.
819 4592 921 4637 “conde
931 4594 962 4637 de
978 4592 1123 4636 Camarasa
1132 4604 1149 4648 y
1159 4592 1190 4634 de
1207 4591 1334 4642 liarmlla.
1351 4592 1438 4637 Baton
1452 4592 1484 4635 de
1500 4590 1589 4644 Setos,

358 4658 526 4715 Mequluenza
537 4676 553 4719 y
565 4662 657 4717 Chiva,
675 4676 741 4719 gran
759 4667 876 4709 senescal
887 4678 904 4722 y
915 4666 998 4722 Vlrey
1013 4666 1044 4708 de
1060 4665 1198 4718 Cataluna,
1214 4674 1282 4717 prun
1296 4666 1416 4719 justlcler
1430 4678 1447 4721 y
1460 4663 1543 4718 Vlrey
1557 4662 1589 4706 de
