3642 5350
347 394 402 459 im
795 390 922 455 Canon.
941 389 1028 453 Soc.⁴
1039 388 1110 467 Jas.

349 542 445 609 modi
465 540 629 605 homines
651 539 774 605 audire
788 540 912 619 vellet,
932 556 1016 603 nam
1040 555 1130 620 pene
1150 546 1225 601 toto
1245 536 1282 600 in
1300 552 1413 617 regno
1433 532 1573 602 Siciliae

348 648 530 717 ferebatur
544 647 677 711 infame
695 646 779 729 quid
793 646 990 711 existimari
1003 662 1086 710 reos
1100 644 1225 709 mortis
1244 654 1279 708 et
1297 642 1344 707 ad
1361 642 1572 725 supplicium

346 756 510 821 ultimum
525 754 779 819 condemnatos
794 754 969 819 comitari.

412 862 500 927 1237.
544 861 644 927 Haec
672 861 779 925 etiam
808 860 993 943 persuasio
1019 860 1211 925 multorum
1234 860 1362 924 animis
1386 857 1570 939 insidebat,

346 972 485 1035 animas
500 986 636 1050 eorum,
652 968 713 1051 qui
732 970 848 1050 capite
868 968 1126 1050 plectebantur,
1147 966 1316 1033 molestas
1336 984 1415 1031 esse
1432 966 1496 1047 eis,
1512 964 1571 1049 qui

346 1078 393 1143 ad
407 1076 617 1159 supplicium
628 1085 752 1140 euntes
763 1076 1035 1140 comitabantur.
1049 1073 1120 1139 Sed
1132 1075 1294 1157 exemplo
1306 1073 1345 1139 P.
1357 1074 1500 1154 Marini,
1511 1074 1571 1137 alii

345 1184 552 1250 sacerdotes
566 1184 769 1247 saeculares
783 1183 1017 1247 animosiores
1040 1181 1172 1262 effecti,
1188 1190 1363 1247 venerunt
1386 1181 1433 1246 ad
1453 1198 1571 1246 carce·

347 1309 423 1357 rem
442 1301 477 1357 et
499 1292 653 1373 quinque
666 1292 726 1355 vel
744 1308 808 1355 sex
827 1308 873 1355 ex
892 1290 962 1354 illis
980 1290 1086 1355 simul
1103 1307 1185 1354 cum
1203 1290 1357 1372 quodam
1375 1307 1422 1355 ex
1440 1288 1572 1355 nostris

346 1400 518 1464 fratribus
533 1416 615 1463 cum
629 1397 806 1462 damnatis
820 1398 889 1462 illis
902 1396 1103 1461 hominibus
1115 1405 1381 1478 pernoctarunt.

412 1504 499 1571 1238.
543 1504 858 1569 Exhortationibus
872 1513 991 1568 autem
1006 1504 1180 1585 praedicti
1192 1504 1313 1569 fratris
1327 1505 1452 1585 nostri,
1471 1520 1569 1585 prae·

346 1623 509 1695 terquam
523 1612 618 1694 quod
632 1629 755 1676 omnes
770 1610 917 1675 animati
932 1611 1074 1675 fuerunt
1088 1620 1124 1675 et
1137 1612 1416 1676 consolationem
1426 1627 1570 1693 accepe-

347 1730 445 1801 runt,
462 1736 554 1783 unus
568 1736 691 1784 eorum
710 1719 838 1783 mirum
857 1719 893 1782 in
912 1718 1056 1783 modum
1076 1735 1098 1782 a
1116 1716 1271 1784 Domino
1291 1719 1487 1783 illustratus
1505 1718 1570 1783 fuit

347 1836 382 1900 et
399 1835 640 1908 compunctus
657 1825 718 1907 qui
732 1826 914 1907 singulare
928 1823 997 1915 Dei
1009 1825 1218 1890 beneficium
1238 1826 1456 1906 agnoscebat
1476 1824 1569 1908 quod

344 1936 380 1999 in
401 1952 528 1999 manus
549 1934 790 1998 ministrorum
810 1930 968 2012 justitiae
982 1932 1179 2012 incidisset,
1202 1950 1284 1998 cum
1306 1933 1421 1998 occidi
1440 1950 1487 1997 ex
1508 1934 1569 1996 im·

345 2042 491 2123 proviso
507 2040 610 2105 facile
629 2040 794 2122 potuerit,
812 2050 846 2104 et
860 2039 937 2103 sine
951 2039 1167 2121 poenitentia
1181 2057 1328 2106 suorum
1342 2049 1569 2123 peccatorum

344 2166 390 2213 ex
404 2148 473 2213 hac
487 2148 563 2211 vita
577 2146 743 2228 migrare.

406 2254 495 2319 1239.
538 2254 748 2336 Hujusmodi
763 2263 881 2319 autem
893 2255 1054 2319 homines
1065 2256 1103 2321 in
1117 2273 1262 2321 carcere
1273 2257 1415 2337 retenti,
1427 2257 1569 2339 saepius

344 2381 365 2428 a
385 2363 517 2427 nostris
542 2362 785 2427 invisebantur
805 2371 839 2426 et
861 2361 907 2427 ad
926 2363 1206 2445 confessionem,
1229 2382 1273 2429 ac
1294 2366 1538 2430 contentiones
1558 2362 1567 2397 ¹

342 2469 582 2551 deponendae,
596 2470 853 2536 excitabantur.
867 2470 912 2535 Et
923 2469 988 2535 fuit
999 2469 1090 2537 inter
1101 2471 1180 2553 boe,
1192 2473 1252 2553 qui
1266 2491 1337 2537 non
1348 2474 1462 2537 solum
1474 2474 1578 2563 laeto

343 2577 462 2642 animo
488 2576 591 2659 quod
605 2577 861 2643 admonebatur
882 2577 1054 2657 effecerit,
1076 2580 1268 2644 sedaliam
1287 2581 1394 2645 etiam
1413 2580 1569 2644 carceris
1626 2618 1633 2626 ·

342 2687 509 2751 comitem
525 2686 816 2767 reprehendebat,
843 2686 938 2768 quod
959 2703 998 2750 se
1023 2687 1200 2752 difficilem
1227 2688 1273 2752 ad
1298 2687 1568 2753 condonandam

343 2792 508 2874 injuriam
520 2793 585 2858 sibi
600 2794 736 2858 illatam
750 2795 947 2875 praeberet.
963 2793 1054 2858 Fere
1070 2803 1188 2858 autem
1203 2792 1351 2879 [omnes]
1367 2794 1567 2878 hujusmodi

342 2900 504 2964 homines
518 2900 616 2964 Patri
629 2899 768 2964 Marino
783 2899 938 2965 confessi
952 2911 1045 2966 sunt.

405 3005 492 3070 1240.
536 3007 753 3072 Bibonenses
772 3008 808 3071 in
829 3007 906 3072 dies
920 3009 1038 3089 magis
1052 3010 1184 3074 nostris
1205 3009 1459 3093 afficiebantur,
1483 3012 1568 3077 etin

341 3114 417 3178 suis
432 3113 679 3178 afflictionibus
695 3132 737 3179 ac
749 3115 1021 3180 necessitatibus
1034 3116 1080 3181 ad
1089 3126 1244 3198 nostroe,
1256 3127 1294 3182 ut
1308 3128 1430 3200 patres
1443 3128 1477 3184 et
1489 3136 1567 3202 pro-

342 3229 512 3311 tectores,
529 3220 797 3302 confugiebant,
813 3229 848 3286 et
862 3222 898 3286 in
914 3225 1178 3302 aegrotantium
1192 3226 1387 3292 subsidium
1401 3245 1423 3292 a
1436 3227 1567 3292 nostris

346 3329 607 3411 eleemosynam
621 3329 799 3410 petebant.
816 3327 889 3394 Nec
905 3347 1032 3411 parum
1050 3333 1207 3398 animum
1221 3334 1259 3398 P.
1276 3333 1469 3398 Eleutherii
1490 3352 1566 3403 cru·

343 3434 478 3516 ciabat,
495 3436 589 3517 quod
610 3436 734 3518 paucis
753 3453 876 3500 eorum
897 3447 1017 3518 posset
1037 3439 1239 3519 subvenire,
1255 3434 1420 3521 q'uamvis
1433 3441 1566 3506 imitari

341 3543 380 3610 B.
398 3542 589 3608 Martinum
610 3544 647 3607 in
666 3543 773 3625 pallio
787 3543 978 3610 dividendo
1001 3562 1083 3610 cum
1104 3546 1156 3610 eis
1174 3547 1356 3629 cupiebat;
1382 3548 1446 3612 sed
1466 3556 1566 3614 tanta

340 3661 418 3716 erat
433 3651 617 3716 multitudo
632 3667 828 3732 pauperum
842 3651 1017 3731 Bibonae,
1038 3661 1077 3716 ut
1094 3654 1328 3735 perexiguum
1341 3665 1434 3720 esset
1455 3657 1565 3720 subsi-

341 3757 438 3824 dium
460 3758 629 3840 quidquid
651 3756 847 3839 Collegium
868 3759 912 3822 de
931 3775 997 3822 suo
1017 3759 1170 3824 tribuere
1191 3769 1347 3842 poterat;
1372 3779 1454 3828 cum
1473 3765 1564 3829 enim

339 3865 411 3934 duo
425 3864 535 3928 millia
546 3863 761 3929 familiarum
775 3865 932 3930 Bibonae
944 3865 1161 3948 habitarent,
1174 3879 1315 3951 praeter
1329 3870 1565 3952 quadraginta

335 3971 399 4043 .vel
424 3970 699 4052 quinquaginta,
722 3973 879 4052 reliquae
894 3989 1017 4037 omnes
1032 3985 1107 4038 tam
1120 3992 1295 4058 pauperes
1315 3987 1409 4058 sunt,
1431 3987 1481 4058 ut,
1505 3979 1566 4060 qui

341 4079 509 4144 intereas
530 4078 617 4142 satis
640 4079 770 4142 habent
791 4079 895 4160 panis
916 4079 962 4144 ad
982 4081 1217 4158 vescendum,
1239 4101 1277 4148 se
1299 4084 1427 4149 divites
1448 4085 1565 4150 existi·

336 4196 448 4254 ment.
1530 4177 1534 4182 ’

334 4335 337 4342 1
402 4291 490 4382 1241.
534 4291 650 4360 Causa
666 4301 789 4358 tantae
802 4295 1023 4377 paupertatis
1035 4305 1089 4360 est
1099 4297 1194 4377 quod
1204 4299 1300 4386 nulla
1311 4299 1468 4365 Bibonae
1478 4317 1564 4365 mer·

340 4406 464 4486 cat-ura
484 4409 681 4490 exercetur,
698 4411 733 4465 et
749 4401 798 4465 ita
814 4418 1001 4483 pauperes,
1022 4403 1115 4480 unde
1131 4403 1198 4467 sibi
1216 4405 1351 4471 victum
1365 4423 1430 4471 suo
1444 4407 1564 4472 labore

378 4567 387 4601 ¹
415 4565 443 4611 ln
455 4576 500 4612 nra.
512 4567 609 4624 legitur
618 4569 655 4614 ad
664 4569 860 4627 consessionem
875 4582 907 4618 ac
922 4571 1105 4627 consessiones
1118 4573 1304 4632 deponendae·
1318 4575 1362 4621 aed
1374 4585 1449 4621 error
1459 4576 1566 4624 malle·

336 4645 393 4684 etas
406 4645 455 4686 ert.
