<?xml version="1.0" encoding="UTF-8"?>
<!DOCTYPE html PUBLIC "-//W3C//DTD XHTML 1.0 Transitional//EN"
    "http://www.w3.org/TR/xhtml1/DTD/xhtml1-transitional.dtd">
<html xmlns="http://www.w3.org/1999/xhtml" xml:lang="en" lang="en">
 <head>
  <title>
</title>
<meta http-equiv="Content-Type" content="text/html;charset=utf-8" />
  <meta name='ocr-system' content='tesseract 3.04.00' />
  <meta name='ocr-capabilities' content='ocr_page ocr_carea ocr_par ocr_line ocrx_word'/>
</head>
<body>
  <div class='ocr_page' id='page_1' title='image "./vitaignatiiloio00polagoog_0422.png"; bbox 0 0 3642 5350; ppageno 0'>
   <div class='ocr_carea' id='block_1_1' title="bbox 359 412 1135 489">
    <p class='ocr_par' dir='ltr' id='par_1_1' title="bbox 359 412 1135 489">
     <span class='ocr_line' id='line_1_1' title="bbox 359 412 1135 489; baseline -0.001 -15"><span class='ocrx_word' id='word_1_1' title='bbox 359 414 417 475; x_wconf 76' lang='lat'><strong>412</strong></span> <span class='ocrx_word' id='word_1_2' title='bbox 821 412 948 476; x_wconf 81' lang='lat' dir='ltr'><strong>Canon.</strong></span> <span class='ocrx_word' id='word_1_3' title='bbox 969 412 1046 475; x_wconf 86' lang='lat' dir='ltr'><strong>Soc.</strong></span> <span class='ocrx_word' id='word_1_4' title='bbox 1066 414 1135 489; x_wconf 82' lang='lat' dir='ltr'><strong>Jns.</strong></span> 
     </span>
    </p>
   </div>
   <div class='ocr_carea' id='block_1_2' title="bbox 362 558 1647 1177">
    <p class='ocr_par' dir='ltr' id='par_1_2' title="bbox 362 558 1647 1177">
     <span class='ocr_line' id='line_1_2' title="bbox 362 558 1597 643; baseline 0 -18"><span class='ocrx_word' id='word_1_5' title='bbox 362 561 581 639; x_wconf 82' lang='lat' dir='ltr'><strong>abduxisset,</strong></span> <span class='ocrx_word' id='word_1_6' title='bbox 612 568 647 625; x_wconf 89' lang='lat' dir='ltr'><strong>et</strong></span> <span class='ocrx_word' id='word_1_7' title='bbox 675 559 721 624; x_wconf 91' lang='lat' dir='ltr'><strong>ad</strong></span> <span class='ocrx_word' id='word_1_8' title='bbox 749 558 928 641; x_wconf 82' lang='lat' dir='ltr'><strong>quaedam·</strong></span> <span class='ocrx_word' id='word_1_9' title='bbox 953 560 1249 643; x_wconf 63' lang='lat' dir='ltr'><strong>capita‘Romam</strong></span> <span class='ocrx_word' id='word_1_10' title='bbox 1277 560 1324 624; x_wconf 86' lang='lat' dir='ltr'><strong>ad</strong></span> <span class='ocrx_word' id='word_1_11' title='bbox 1351 559 1389 624; x_wconf 92' lang='lat' dir='ltr'><strong>P.</strong></span> <span class='ocrx_word' id='word_1_12' title='bbox 1420 559 1597 642; x_wconf 85' lang='lat' dir='ltr'><strong>Ignatium</strong></span> 
     </span>
     <span class='ocr_line' id='line_1_3' title="bbox 362 665 1596 749; baseline -0.001 -17"><span class='ocrx_word' id='word_1_13' title='bbox 362 668 470 732; x_wconf 88' lang='lat' dir='ltr'><strong>missa</strong></span> <span class='ocrx_word' id='word_1_14' title='bbox 485 665 706 732; x_wconf 88' lang='lat' dir='ltr'><strong>conditiones</strong></span> <span class='ocrx_word' id='word_1_15' title='bbox 725 667 943 732; x_wconf 82' lang='lat' dir='ltr'><strong>fundationis</strong></span> <span class='ocrx_word' id='word_1_16' title='bbox 961 667 1194 749; x_wconf 80' lang='lat' dir='ltr'>redegissent,</span> <span class='ocrx_word' id='word_1_17' title='bbox 1211 677 1250 734; x_wconf 93' lang='lat' dir='ltr'><strong>ut</strong></span> <span class='ocrx_word' id='word_1_18' title='bbox 1269 667 1432 749; x_wconf 90' lang='lat' dir='ltr'><strong>superius</strong></span> <span class='ocrx_word' id='word_1_19' title='bbox 1451 668 1596 733; x_wconf 86' lang='lat' dir='ltr'><strong>adnota-</strong></span> 
     </span>
     <span class='ocr_line' id='line_1_4' title="bbox 362 772 1597 856; baseline 0 -17"><span class='ocrx_word' id='word_1_20' title='bbox 362 776 480 839; x_wconf 90' lang='lat' dir='ltr'>vimus</span> <span class='ocrx_word' id='word_1_21' title='bbox 495 777 516 855; x_wconf 87' lang='lat'><strong>¹,</strong></span> <span class='ocrx_word' id='word_1_22' title='bbox 534 789 576 839; x_wconf 86' lang='lat' dir='ltr'><strong>ea</strong></span> <span class='ocrx_word' id='word_1_23' title='bbox 598 772 635 838; x_wconf 91' lang='lat' dir='ltr'><strong>P.</strong></span> <span class='ocrx_word' id='word_1_24' title='bbox 658 773 817 853; x_wconf 85' lang='lat' dir='ltr'><strong>Ignatius</strong></span> <span class='ocrx_word' id='word_1_25' title='bbox 838 774 1058 839; x_wconf 87' lang='lat' dir='ltr'><strong>admittenda</strong></span> <span class='ocrx_word' id='word_1_26' title='bbox 1080 793 1152 840; x_wconf 91' lang='lat' dir='ltr'><strong>non</strong></span> <span class='ocrx_word' id='word_1_27' title='bbox 1176 776 1325 856; x_wconf 92' lang='lat' dir='ltr'><strong>censuit,</strong></span> <span class='ocrx_word' id='word_1_28' title='bbox 1342 773 1406 839; x_wconf 90' lang='lat' dir='ltr'><strong>sed</strong></span> <span class='ocrx_word' id='word_1_29' title='bbox 1426 774 1503 839; x_wconf 90' lang='lat' dir='ltr'><strong>sine</strong></span> <span class='ocrx_word' id='word_1_30' title='bbox 1525 776 1597 839; x_wconf 90' lang='lat' dir='ltr'><strong>ulla</strong></span> 
     </span>
     <span class='ocr_line' id='line_1_5' title="bbox 363 878 1593 964; baseline 0 -17"><span class='ocrx_word' id='word_1_31' title='bbox 363 882 527 963; x_wconf 88' lang='lat' dir='ltr'><strong>utrinque</strong></span> <span class='ocrx_word' id='word_1_32' title='bbox 547 881 762 961; x_wconf 84' lang='lat' dir='ltr'>obligatione</span> <span class='ocrx_word' id='word_1_33' title='bbox 777 882 973 962; x_wconf 89' lang='lat' dir='ltr'><strong>subeunda,</strong></span> <span class='ocrx_word' id='word_1_34' title='bbox 990 883 1190 964; x_wconf 79' lang='lat' dir='ltr'><strong>collegium,</strong></span> <span class='ocrx_word' id='word_1_35' title='bbox 1206 892 1245 947; x_wconf 91' lang='lat' dir='ltr'><strong>ut</strong></span> <span class='ocrx_word' id='word_1_36' title='bbox 1260 878 1440 947; x_wconf 84' lang='lat' dir='ltr'><strong>diximus·</strong></span> <span class='ocrx_word' id='word_1_37' title='bbox 1455 882 1593 963; x_wconf 90' lang='lat' dir='ltr'><strong>obtulit,</strong></span> 
     </span>
     <span class='ocr_line' id='line_1_6' title="bbox 363 988 1647 1071; baseline 0.002 -18"><span class='ocrx_word' id='word_1_38' title='bbox 363 999 398 1054; x_wconf 91' lang='lat' dir='ltr'><strong>et</strong></span> <span class='ocrx_word' id='word_1_39' title='bbox 413 988 515 1053; x_wconf 89' lang='lat' dir='ltr'><strong>Duce</strong></span> <span class='ocrx_word' id='word_1_40' title='bbox 531 989 565 1054; x_wconf 92' lang='lat' dir='ltr'><strong>id</strong></span> <span class='ocrx_word' id='word_1_41' title='bbox 582 990 813 1071; x_wconf 82' lang='lat' dir='ltr'><strong>approbante,</strong></span> <span class='ocrx_word' id='word_1_42' title='bbox 830 989 937 1054; x_wconf 89' lang='lat' dir='ltr'><strong>misit.</strong></span> <span class='ocrx_word' id='word_1_43' title='bbox 954 988 1158 1070; x_wconf 85' lang='lat' dir='ltr'><strong>Cogitatum</strong></span> <span class='ocrx_word' id='word_1_44' title='bbox 1169 989 1312 1071; x_wconf 88' lang='lat' dir='ltr'><strong>quidem</strong></span> <span class='ocrx_word' id='word_1_45' title='bbox 1325 988 1442 1055; x_wconf 83' lang='lat' dir='ltr'><strong>fuerat</strong></span> <span class='ocrx_word' id='word_1_46' title='bbox 1457 1008 1478 1054; x_wconf 89' lang='lat' dir='ltr'><strong>a</strong></span> <span class='ocrx_word' id='word_1_47' title='bbox 1494 989 1596 1055; x_wconf 88' lang='lat' dir='ltr'><strong>Duce</strong></span> <span class='ocrx_word' id='word_1_48' title='bbox 1643 1001 1647 1013; x_wconf 83' lang='lat'><em>·</em></span> 
     </span>
     <span class='ocr_line' id='line_1_7' title="bbox 362 1093 1597 1177; baseline 0.001 -17"><span class='ocrx_word' id='word_1_49' title='bbox 362 1104 397 1161; x_wconf 89' lang='lat' dir='ltr'><strong>et</strong></span> <span class='ocrx_word' id='word_1_50' title='bbox 416 1093 491 1176; x_wconf 90' lang='lat' dir='ltr'><strong>ejus</strong></span> <span class='ocrx_word' id='word_1_51' title='bbox 513 1094 683 1161; x_wconf 90' lang='lat' dir='ltr'><strong>ministris</strong></span> <span class='ocrx_word' id='word_1_52' title='bbox 704 1095 901 1177; x_wconf 85' lang='lat' dir='ltr'><strong>Collegium</strong></span> <span class='ocrx_word' id='word_1_53' title='bbox 923 1114 1003 1161; x_wconf 90' lang='lat' dir='ltr'><strong>curn</strong></span> <span class='ocrx_word' id='word_1_54' title='bbox 1028 1097 1159 1176; x_wconf 88' lang='lat' dir='ltr'><strong>templo</strong></span> <span class='ocrx_word' id='word_1_55' title='bbox 1182 1114 1203 1159; x_wconf 89' lang='lat' dir='ltr'><strong>a</strong></span> <span class='ocrx_word' id='word_1_56' title='bbox 1222 1096 1461 1163; x_wconf 80' lang='lat' dir='ltr'><strong>fundamentis</strong></span> <span class='ocrx_word' id='word_1_57' title='bbox 1480 1097 1597 1162; x_wconf 88' lang='lat' dir='ltr'><strong>aedifi·</strong></span> 
     </span>
    </p>
   </div>
   <div class='ocr_carea' id='block_1_3' title="bbox 363 1214 1597 1328">
    <p class='ocr_par' dir='ltr' id='par_1_3' title="bbox 363 1214 1597 1328">
     <span class='ocr_line' id='line_1_8' title="bbox 363 1214 1597 1328; baseline 0.001 -33"><span class='ocrx_word' id='word_1_58' title='bbox 363 1248 458 1309; x_wconf 88' lang='lat' dir='ltr'><strong>care,</strong></span> <span class='ocrx_word' id='word_1_59' title='bbox 476 1241 510 1296; x_wconf 92' lang='lat' dir='ltr'><strong>et</strong></span> <span class='ocrx_word' id='word_1_60' title='bbox 530 1240 569 1295; x_wconf 94' lang='lat' dir='ltr'><strong>ut</strong></span> <span class='ocrx_word' id='word_1_61' title='bbox 589 1229 709 1295; x_wconf 92' lang='lat' dir='ltr'><strong>statim</strong></span> <span class='ocrx_word' id='word_1_62' title='bbox 728 1229 774 1294; x_wconf 90' lang='lat' dir='ltr'><strong>ad</strong></span> <span class='ocrx_word' id='word_1_63' title='bbox 795 1230 830 1295; x_wconf 96' lang='lat' dir='ltr'><strong>id</strong></span> <span class='ocrx_word' id='word_1_64' title='bbox 849 1230 1045 1312; x_wconf 86' lang='lat' dir='ltr'><strong>applicaret</strong></span> <span class='ocrx_word' id='word_1_65' title='bbox 1059 1229 1143 1295; x_wconf 86' lang='lat' dir='ltr'><strong>Dux</strong></span> <span class='ocrx_word' id='word_1_66' title='bbox 1168 1214 1223 1328; x_wconf 57' lang='lat'><strong>{-</strong></span> <span class='ocrx_word' id='word_1_67' title='bbox 1250 1231 1483 1311; x_wconf 67' lang='lat' dir='ltr'><strong>florenorum</strong></span> <span class='ocrx_word' id='word_1_68' title='bbox 1514 1231 1597 1314; x_wconf 90' lang='lat' dir='ltr'><strong>quia</strong></span> 
     </span>
    </p>
   </div>
   <div class='ocr_carea' id='block_1_4' title="bbox 363 1364 1597 3472">
    <p class='ocr_par' dir='ltr' id='par_1_4' title="bbox 363 1364 1597 2522">
     <span class='ocr_line' id='line_1_9' title="bbox 364 1364 1595 1447; baseline 0.001 -19"><span class='ocrx_word' id='word_1_69' title='bbox 364 1374 482 1429; x_wconf 88' lang='lat' dir='ltr'><strong>tamen</strong></span> <span class='ocrx_word' id='word_1_70' title='bbox 495 1364 905 1447; x_wconf 87' lang='lat' dir='ltr'><strong>inirinoupoteratratio</strong></span> <span class='ocrx_word' id='word_1_71' title='bbox 917 1382 980 1447; x_wconf 90' lang='lat' dir='ltr'><strong>per</strong></span> <span class='ocrx_word' id='word_1_72' title='bbox 992 1365 1129 1447; x_wconf 87' lang='lat' dir='ltr'><strong>aliquos</strong></span> <span class='ocrx_word' id='word_1_73' title='bbox 1141 1383 1257 1430; x_wconf 91' lang='lat' dir='ltr'><strong>annos</strong></span> <span class='ocrx_word' id='word_1_74' title='bbox 1267 1365 1464 1431; x_wconf 90' lang='lat' dir='ltr'><strong>aedificium</strong></span> <span class='ocrx_word' id='word_1_75' title='bbox 1477 1366 1595 1430; x_wconf 89' lang='lat' dir='ltr'><strong>finien-</strong></span> 
     </span>
     <span class='ocr_line' id='line_1_10' title="bbox 363 1470 1596 1555; baseline 0.001 -19"><span class='ocrx_word' id='word_1_76' title='bbox 363 1473 409 1551; x_wconf 92' lang='lat' dir='ltr'><strong>di,</strong></span> <span class='ocrx_word' id='word_1_77' title='bbox 426 1482 461 1536; x_wconf 92' lang='lat' dir='ltr'><strong>et</strong></span> <span class='ocrx_word' id='word_1_78' title='bbox 476 1471 594 1554; x_wconf 88' lang='lat' dir='ltr'><strong>aliqua</strong></span> <span class='ocrx_word' id='word_1_79' title='bbox 610 1470 765 1537; x_wconf 86' lang='lat' dir='ltr'><strong>difficilia</strong></span> <span class='ocrx_word' id='word_1_80' title='bbox 780 1489 826 1536; x_wconf 86' lang='lat' dir='ltr'><strong>ex</strong></span> <span class='ocrx_word' id='word_1_81' title='bbox 842 1481 943 1553; x_wconf 89' lang='lat' dir='ltr'><strong>parte</strong></span> <span class='ocrx_word' id='word_1_82' title='bbox 957 1473 1070 1537; x_wconf 91' lang='lat' dir='ltr'><strong>nostri</strong></span> <span class='ocrx_word' id='word_1_83' title='bbox 1085 1472 1240 1538; x_wconf 88' lang='lat' dir='ltr'><strong>instituti</strong></span> <span class='ocrx_word' id='word_1_84' title='bbox 1255 1482 1290 1537; x_wconf 92' lang='lat' dir='ltr'><strong>et</strong></span> <span class='ocrx_word' id='word_1_85' title='bbox 1305 1481 1505 1555; x_wconf 91' lang='lat' dir='ltr'><strong>temporum</strong></span> <span class='ocrx_word' id='word_1_86' title='bbox 1523 1473 1596 1538; x_wconf 92' lang='lat' dir='ltr'><strong>illo·</strong></span> 
     </span>
     <span class='ocr_line' id='line_1_11' title="bbox 363 1576 1597 1661; baseline 0.001 -18"><span class='ocrx_word' id='word_1_87' title='bbox 363 1596 442 1644; x_wconf 89' lang='lat' dir='ltr'><strong>rum</strong></span> <span class='ocrx_word' id='word_1_88' title='bbox 462 1576 706 1661; x_wconf 89' lang='lat' dir='ltr'><strong>[oriebantur];</strong></span> <span class='ocrx_word' id='word_1_89' title='bbox 723 1578 758 1643; x_wconf 94' lang='lat' dir='ltr'><strong>id</strong></span> <span class='ocrx_word' id='word_1_90' title='bbox 777 1579 964 1644; x_wconf 89' lang='lat' dir='ltr'><strong>consilium</strong></span> <span class='ocrx_word' id='word_1_91' title='bbox 983 1579 1124 1643; x_wconf 91' lang='lat' dir='ltr'><strong>demum</strong></span> <span class='ocrx_word' id='word_1_92' title='bbox 1143 1582 1398 1661; x_wconf 87' lang='lat' dir='ltr'><strong>praetulerunt,</strong></span> <span class='ocrx_word' id='word_1_93' title='bbox 1415 1590 1454 1645; x_wconf 95' lang='lat' dir='ltr'><strong>ut</strong></span> <span class='ocrx_word' id='word_1_94' title='bbox 1476 1581 1597 1645; x_wconf 89' lang='lat' dir='ltr'><strong>statim</strong></span> 
     </span>
     <span class='ocr_line' id='line_1_12' title="bbox 365 1686 1595 1767; baseline 0 -16"><span class='ocrx_word' id='word_1_95' title='bbox 365 1687 554 1767; x_wconf 86' lang='lat' dir='ltr'><strong>collegium</strong></span> <span class='ocrx_word' id='word_1_96' title='bbox 574 1686 688 1751; x_wconf 88' lang='lat' dir='ltr'><strong>Roma</strong></span> <span class='ocrx_word' id='word_1_97' title='bbox 708 1694 922 1751; x_wconf 86' lang='lat' dir='ltr'><strong>evocaretur</strong></span> <span class='ocrx_word' id='word_1_98' title='bbox 943 1697 977 1750; x_wconf 91' lang='lat' dir='ltr'><strong>et</strong></span> <span class='ocrx_word' id='word_1_99' title='bbox 997 1688 1034 1750; x_wconf 93' lang='lat' dir='ltr'><strong>in</strong></span> <span class='ocrx_word' id='word_1_100' title='bbox 1048 1686 1207 1767; x_wconf 85' lang='lat' dir='ltr'><strong>Collegio</strong></span> <span class='ocrx_word' id='word_1_101' title='bbox 1221 1686 1358 1767; x_wconf 89' lang='lat' dir='ltr'><strong>Veteri,</strong></span> <span class='ocrx_word' id='word_1_102' title='bbox 1375 1698 1413 1752; x_wconf 92' lang='lat' dir='ltr'><strong>ut</strong></span> <span class='ocrx_word' id='word_1_103' title='bbox 1430 1688 1595 1765; x_wconf 85' lang='lat' dir='ltr'><strong>diximus,</strong></span> 
     </span>
     <span class='ocr_line' id='line_1_13' title="bbox 363 1792 1596 1878; baseline -0.002 -19"><span class='ocrx_word' id='word_1_104' title='bbox 363 1794 599 1875; x_wconf 86' lang='lat' dir='ltr'><strong>exciperetur,</strong></span> <span class='ocrx_word' id='word_1_105' title='bbox 615 1793 730 1858; x_wconf 92' lang='lat' dir='ltr'><strong>donec</strong></span> <span class='ocrx_word' id='word_1_106' title='bbox 751 1792 821 1857; x_wconf 87' lang='lat' dir='ltr'><strong>alia</strong></span> <span class='ocrx_word' id='word_1_107' title='bbox 843 1793 1064 1858; x_wconf 88' lang='lat' dir='ltr'><strong>commodior</strong></span> <span class='ocrx_word' id='word_1_108' title='bbox 1078 1794 1250 1859; x_wconf 88' lang='lat' dir='ltr'><strong>habitatio</strong></span> <span class='ocrx_word' id='word_1_109' title='bbox 1271 1795 1358 1878; x_wconf 93' lang='lat' dir='ltr'><strong>ipsis</strong></span> <span class='ocrx_word' id='word_1_110' title='bbox 1379 1796 1535 1861; x_wconf 87' lang='lat' dir='ltr'><strong>daretur.</strong></span> <span class='ocrx_word' id='word_1_111' title='bbox 1552 1795 1596 1859; x_wconf 93' lang='lat' dir='ltr'><strong>Et</strong></span> 
     </span>
     <span class='ocr_line' id='line_1_14' title="bbox 365 1900 1595 1983; baseline -0.001 -17"><span class='ocrx_word' id='word_1_112' title='bbox 365 1901 537 1983; x_wconf 86' lang='lat' dir='ltr'><strong>adjecisse</strong></span> <span class='ocrx_word' id='word_1_113' title='bbox 552 1902 709 1966; x_wconf 89' lang='lat' dir='ltr'><strong>animum</strong></span> <span class='ocrx_word' id='word_1_114' title='bbox 724 1900 919 1966; x_wconf 88' lang='lat' dir='ltr'><strong>consiliarii</strong></span> <span class='ocrx_word' id='word_1_115' title='bbox 940 1900 1052 1965; x_wconf 92' lang='lat' dir='ltr'><strong>Ducis</strong></span> <span class='ocrx_word' id='word_1_116' title='bbox 1067 1901 1113 1965; x_wconf 90' lang='lat' dir='ltr'><strong>ad</strong></span> <span class='ocrx_word' id='word_1_117' title='bbox 1132 1903 1386 1967; x_wconf 89' lang='lat' dir='ltr'><strong>monasterium</strong></span> <span class='ocrx_word' id='word_1_118' title='bbox 1407 1902 1595 1967; x_wconf 80' lang='lat' dir='ltr'><strong>francisca·</strong></span> 
     </span>
     <span class='ocr_line' id='line_1_15' title="bbox 365 2006 1596 2091; baseline 0.001 -17"><span class='ocrx_word' id='word_1_119' title='bbox 365 2026 492 2075; x_wconf 90' lang='lat' dir='ltr'><strong>norum</strong></span> <span class='ocrx_word' id='word_1_120' title='bbox 508 2006 758 2091; x_wconf 90' lang='lat' dir='ltr'><strong>[videbantur],</strong></span> <span class='ocrx_word' id='word_1_121' title='bbox 776 2008 871 2090; x_wconf 94' lang='lat' dir='ltr'><strong>quod</strong></span> <span class='ocrx_word' id='word_1_122' title='bbox 886 2019 921 2073; x_wconf 93' lang='lat' dir='ltr'><strong>et</strong></span> <span class='ocrx_word' id='word_1_123' title='bbox 936 2008 1059 2072; x_wconf 88' lang='lat' dir='ltr'><strong>videre</strong></span> <span class='ocrx_word' id='word_1_124' title='bbox 1073 2010 1263 2073; x_wconf 89' lang='lat' dir='ltr'><strong>voluerunt</strong></span> <span class='ocrx_word' id='word_1_125' title='bbox 1278 2010 1324 2073; x_wconf 91' lang='lat' dir='ltr'><strong>ad</strong></span> <span class='ocrx_word' id='word_1_126' title='bbox 1339 2010 1407 2074; x_wconf 91' lang='lat' dir='ltr'><strong>hoc</strong></span> <span class='ocrx_word' id='word_1_127' title='bbox 1418 2009 1545 2090; x_wconf 91' lang='lat' dir='ltr'><strong>ipsum,</strong></span> <span class='ocrx_word' id='word_1_128' title='bbox 1562 2020 1596 2075; x_wconf 94' lang='lat' dir='ltr'><strong>et</strong></span> 
     </span>
     <span class='ocr_line' id='line_1_16' title="bbox 365 2116 1596 2198; baseline 0 -17"><span class='ocrx_word' id='word_1_129' title='bbox 365 2118 415 2181; x_wconf 94' lang='lat' dir='ltr'><strong>illi</strong></span> <span class='ocrx_word' id='word_1_130' title='bbox 426 2116 584 2197; x_wconf 89' lang='lat' dir='ltr'><strong>religiosi</strong></span> <span class='ocrx_word' id='word_1_131' title='bbox 595 2124 735 2181; x_wconf 91' lang='lat' dir='ltr'><strong>nostros</strong></span> <span class='ocrx_word' id='word_1_132' title='bbox 746 2116 841 2180; x_wconf 91' lang='lat' dir='ltr'><strong>domi</strong></span> <span class='ocrx_word' id='word_1_133' title='bbox 853 2133 939 2180; x_wconf 88' lang='lat' dir='ltr'><strong>suae</strong></span> <span class='ocrx_word' id='word_1_134' title='bbox 951 2116 1099 2180; x_wconf 90' lang='lat' dir='ltr'><strong>libenter</strong></span> <span class='ocrx_word' id='word_1_135' title='bbox 1111 2116 1348 2197; x_wconf 89' lang='lat' dir='ltr'><strong>admisissent;</strong></span> <span class='ocrx_word' id='word_1_136' title='bbox 1358 2118 1421 2181; x_wconf 91' lang='lat' dir='ltr'><strong>sed</strong></span> <span class='ocrx_word' id='word_1_137' title='bbox 1430 2117 1596 2198; x_wconf 83' lang='lat' dir='ltr'><strong>expedire</strong></span> 
     </span>
     <span class='ocr_line' id='line_1_17' title="bbox 364 2223 1596 2306; baseline -0.001 -17"><span class='ocrx_word' id='word_1_138' title='bbox 364 2242 437 2289; x_wconf 92' lang='lat' dir='ltr'><strong>non</strong></span> <span class='ocrx_word' id='word_1_139' title='bbox 451 2223 641 2289; x_wconf 89' lang='lat' dir='ltr'><strong>videbatur</strong></span> <span class='ocrx_word' id='word_1_140' title='bbox 656 2232 693 2288; x_wconf 94' lang='lat' dir='ltr'><strong>ut</strong></span> <span class='ocrx_word' id='word_1_141' title='bbox 708 2223 795 2305; x_wconf 91' lang='lat' dir='ltr'><strong>ipsis</strong></span> <span class='ocrx_word' id='word_1_142' title='bbox 811 2224 925 2288; x_wconf 90' lang='lat' dir='ltr'><strong>nostri</strong></span> <span class='ocrx_word' id='word_1_143' title='bbox 945 2224 1200 2288; x_wconf 89' lang='lat' dir='ltr'><strong>cohabitarent.</strong></span> <span class='ocrx_word' id='word_1_144' title='bbox 1218 2224 1288 2289; x_wconf 90' lang='lat' dir='ltr'><strong>Res</strong></span> <span class='ocrx_word' id='word_1_145' title='bbox 1303 2224 1474 2306; x_wconf 91' lang='lat' dir='ltr'><strong>ipsorum,</strong></span> <span class='ocrx_word' id='word_1_146' title='bbox 1489 2236 1596 2306; x_wconf 92' lang='lat' dir='ltr'><strong>prout</strong></span> 
     </span>
     <span class='ocr_line' id='line_1_18' title="bbox 364 2330 1596 2415; baseline -0.002 -19"><span class='ocrx_word' id='word_1_147' title='bbox 364 2332 506 2415; x_wconf 90' lang='lat' dir='ltr'><strong>ipsimet</strong></span> <span class='ocrx_word' id='word_1_148' title='bbox 517 2330 728 2410; x_wconf 87' lang='lat' dir='ltr'><strong>sentiebant,</strong></span> <span class='ocrx_word' id='word_1_149' title='bbox 742 2330 932 2413; x_wconf 88' lang='lat' dir='ltr'><strong>desperata</strong></span> <span class='ocrx_word' id='word_1_150' title='bbox 945 2341 1034 2411; x_wconf 91' lang='lat' dir='ltr'><strong>erat,</strong></span> <span class='ocrx_word' id='word_1_151' title='bbox 1047 2340 1083 2394; x_wconf 89' lang='lat' dir='ltr'><strong>et</strong></span> <span class='ocrx_word' id='word_1_152' title='bbox 1094 2331 1137 2395; x_wconf 91' lang='lat' dir='ltr'><strong>de</strong></span> <span class='ocrx_word' id='word_1_153' title='bbox 1149 2332 1366 2396; x_wconf 88' lang='lat' dir='ltr'><strong>monasterio</strong></span> <span class='ocrx_word' id='word_1_154' title='bbox 1378 2331 1481 2396; x_wconf 88' lang='lat' dir='ltr'><strong>brevi</strong></span> <span class='ocrx_word' id='word_1_155' title='bbox 1495 2332 1596 2395; x_wconf 90' lang='lat' dir='ltr'><strong>relin-</strong></span> 
     </span>
     <span class='ocr_line' id='line_1_19' title="bbox 366 2438 1593 2522; baseline -0.002 -18"><span class='ocrx_word' id='word_1_156' title='bbox 366 2440 506 2522; x_wconf 90' lang='lat' dir='ltr'><strong>quendo</strong></span> <span class='ocrx_word' id='word_1_157' title='bbox 518 2439 737 2520; x_wconf 87' lang='lat' dir='ltr'><strong>cogitabant;</strong></span> <span class='ocrx_word' id='word_1_158' title='bbox 752 2438 847 2519; x_wconf 91' lang='lat' dir='ltr'><strong>quod</strong></span> <span class='ocrx_word' id='word_1_159' title='bbox 862 2438 951 2502; x_wconf 89' lang='lat' dir='ltr'><strong>satis</strong></span> <span class='ocrx_word' id='word_1_160' title='bbox 965 2440 1122 2521; x_wconf 89' lang='lat' dir='ltr'><strong>amplum</strong></span> <span class='ocrx_word' id='word_1_161' title='bbox 1135 2448 1171 2503; x_wconf 89' lang='lat' dir='ltr'><strong>et</strong></span> <span class='ocrx_word' id='word_1_162' title='bbox 1185 2440 1273 2503; x_wconf 90' lang='lat' dir='ltr'><strong>bene</strong></span> <span class='ocrx_word' id='word_1_163' title='bbox 1288 2439 1512 2504; x_wconf 89' lang='lat' dir='ltr'><strong>aedificatum</strong></span> <span class='ocrx_word' id='word_1_164' title='bbox 1527 2451 1593 2503; x_wconf 91' lang='lat' dir='ltr'><strong>est.</strong></span> 
     </span>
    </p>

    <p class='ocr_par' dir='ltr' id='par_1_5' title="bbox 364 2542 1597 2934">
     <span class='ocr_line' id='line_1_20' title="bbox 428 2542 1597 2627; baseline 0.002 -18"><span class='ocrx_word' id='word_1_165' title='bbox 428 2546 515 2610; x_wconf 88' lang='lat'><strong>1773.</strong></span> <span class='ocrx_word' id='word_1_166' title='bbox 559 2545 597 2610; x_wconf 92' lang='lat' dir='ltr'><strong>In</strong></span> <span class='ocrx_word' id='word_1_167' title='bbox 612 2546 698 2610; x_wconf 91' lang='lat' dir='ltr'><strong>illud</strong></span> <span class='ocrx_word' id='word_1_168' title='bbox 713 2562 799 2627; x_wconf 90' lang='lat' dir='ltr'><strong>ergo</strong></span> <span class='ocrx_word' id='word_1_169' title='bbox 821 2542 1100 2627; x_wconf 90' lang='lat' dir='ltr'><strong>[monasterium]</strong></span> <span class='ocrx_word' id='word_1_170' title='bbox 1122 2545 1310 2625; x_wconf 89' lang='lat' dir='ltr'><strong>collegium</strong></span> <span class='ocrx_word' id='word_1_171' title='bbox 1324 2546 1492 2610; x_wconf 89' lang='lat' dir='ltr'><strong>inducere</strong></span> <span class='ocrx_word' id='word_1_172' title='bbox 1511 2564 1597 2611; x_wconf 93' lang='lat' dir='ltr'><strong>con·</strong></span> 
     </span>
     <span class='ocr_line' id='line_1_21' title="bbox 365 2650 1595 2736; baseline -0.002 -16"><span class='ocrx_word' id='word_1_173' title='bbox 365 2653 487 2720; x_wconf 91' lang='lat' dir='ltr'><strong>siliarii</strong></span> <span class='ocrx_word' id='word_1_174' title='bbox 498 2653 763 2736; x_wconf 88' lang='lat' dir='ltr'><strong>percupiebant,</strong></span> <span class='ocrx_word' id='word_1_175' title='bbox 777 2662 812 2717; x_wconf 91' lang='lat' dir='ltr'><strong>et</strong></span> <span class='ocrx_word' id='word_1_176' title='bbox 827 2650 862 2717; x_wconf 90' lang='lat' dir='ltr'><strong>id</strong></span> <span class='ocrx_word' id='word_1_177' title='bbox 873 2652 975 2717; x_wconf 91' lang='lat' dir='ltr'><strong>brevi</strong></span> <span class='ocrx_word' id='word_1_178' title='bbox 990 2652 1146 2718; x_wconf 83' lang='lat' dir='ltr'><strong>futurum</strong></span> <span class='ocrx_word' id='word_1_179' title='bbox 1157 2653 1421 2733; x_wconf 89' lang='lat' dir='ltr'><strong>existimabant;</strong></span> <span class='ocrx_word' id='word_1_180' title='bbox 1436 2670 1516 2718; x_wconf 93' lang='lat' dir='ltr'><strong>cum</strong></span> <span class='ocrx_word' id='word_1_181' title='bbox 1529 2671 1595 2718; x_wconf 89' lang='lat' dir='ltr'><strong>nec</strong></span> 
     </span>
     <span class='ocr_line' id='line_1_22' title="bbox 364 2760 1592 2844; baseline -0.002 -17"><span class='ocrx_word' id='word_1_182' title='bbox 364 2779 537 2844; x_wconf 88' lang='lat' dir='ltr'><strong>personas</strong></span> <span class='ocrx_word' id='word_1_183' title='bbox 562 2763 734 2826; x_wconf 88' lang='lat' dir='ltr'><strong>haberent</strong></span> <span class='ocrx_word' id='word_1_184' title='bbox 754 2760 803 2825; x_wconf 91' lang='lat' dir='ltr'><strong>illi</strong></span> <span class='ocrx_word' id='word_1_185' title='bbox 822 2760 998 2840; x_wconf 86' lang='lat' dir='ltr'><strong>religiosi,</strong></span> <span class='ocrx_word' id='word_1_186' title='bbox 1019 2779 1085 2825; x_wconf 92' lang='lat' dir='ltr'><strong>nec</strong></span> <span class='ocrx_word' id='word_1_187' title='bbox 1109 2762 1404 2826; x_wconf 89' lang='lat' dir='ltr'><strong>sustentationem</strong></span> <span class='ocrx_word' id='word_1_188' title='bbox 1430 2777 1592 2825; x_wconf 91' lang='lat' dir='ltr'><strong>necessa·</strong></span> 
     </span>
     <span class='ocr_line' id='line_1_23' title="bbox 364 2868 1271 2934; baseline -0.002 0"><span class='ocrx_word' id='word_1_189' title='bbox 364 2871 456 2934; x_wconf 88' lang='lat' dir='ltr'><strong>riam</strong></span> <span class='ocrx_word' id='word_1_190' title='bbox 471 2870 517 2934; x_wconf 90' lang='lat' dir='ltr'><strong>ad</strong></span> <span class='ocrx_word' id='word_1_191' title='bbox 532 2870 643 2934; x_wconf 88' lang='lat' dir='ltr'><strong>vitam</strong></span> <span class='ocrx_word' id='word_1_192' title='bbox 658 2869 695 2932; x_wconf 92' lang='lat' dir='ltr'><strong>in</strong></span> <span class='ocrx_word' id='word_1_193' title='bbox 710 2887 752 2933; x_wconf 89' lang='lat' dir='ltr'><strong>eo</strong></span> <span class='ocrx_word' id='word_1_194' title='bbox 772 2868 989 2933; x_wconf 91' lang='lat' dir='ltr'><strong>monasterio</strong></span> <span class='ocrx_word' id='word_1_195' title='bbox 1002 2869 1271 2933; x_wconf 89' lang='lat' dir='ltr'><strong>traducendam.</strong></span> 
     </span>
    </p>

    <p class='ocr_par' dir='ltr' id='par_1_6' title="bbox 364 2974 1593 3257">
     <span class='ocr_line' id='line_1_24' title="bbox 427 2974 1591 3058; baseline -0.001 -18"><span class='ocrx_word' id='word_1_196' title='bbox 427 2975 514 3040; x_wconf 88' lang='grc'>1774.</span> <span class='ocrx_word' id='word_1_197' title='bbox 558 2974 661 3058; x_wconf 88' lang='lat' dir='ltr'><strong>Quod</strong></span> <span class='ocrx_word' id='word_1_198' title='bbox 677 2977 722 3040; x_wconf 89' lang='lat' dir='ltr'><strong>ad</strong></span> <span class='ocrx_word' id='word_1_199' title='bbox 738 2976 927 3056; x_wconf 88' lang='lat' dir='ltr'><strong>privilegia</strong></span> <span class='ocrx_word' id='word_1_200' title='bbox 939 2976 1064 3040; x_wconf 89' lang='lat' dir='ltr'><strong>attinet</strong></span> <span class='ocrx_word' id='word_1_201' title='bbox 1074 2975 1326 3041; x_wconf 89' lang='lat' dir='ltr'><strong>Universitatis</strong></span> <span class='ocrx_word' id='word_1_202' title='bbox 1339 2975 1591 3055; x_wconf 86' lang='lat' dir='ltr'><strong>lngolstadien-</strong></span> 
     </span>
     <span class='ocr_line' id='line_1_25' title="bbox 364 3083 1593 3164; baseline -0.002 -14"><span class='ocrx_word' id='word_1_203' title='bbox 364 3085 425 3162; x_wconf 78' lang='lat' dir='ltr'><strong>siS,</strong></span> <span class='ocrx_word' id='word_1_204' title='bbox 442 3085 559 3150; x_wconf 85' lang='lat' dir='ltr'><strong>omnia</strong></span> <span class='ocrx_word' id='word_1_205' title='bbox 574 3085 634 3148; x_wconf 90' lang='lat' dir='ltr'><strong>illa</strong></span> <span class='ocrx_word' id='word_1_206' title='bbox 649 3101 730 3148; x_wconf 91' lang='lat' dir='ltr'><strong>cum</strong></span> <span class='ocrx_word' id='word_1_207' title='bbox 745 3083 1029 3164; x_wconf 87' lang='lat' dir='ltr'><strong>exemptionibus</strong></span> <span class='ocrx_word' id='word_1_208' title='bbox 1047 3093 1082 3148; x_wconf 89' lang='lat' dir='ltr'><strong>et</strong></span> <span class='ocrx_word' id='word_1_209' title='bbox 1097 3083 1176 3149; x_wconf 90' lang='lat' dir='ltr'><strong>aliis</strong></span> <span class='ocrx_word' id='word_1_210' title='bbox 1190 3083 1420 3148; x_wconf 82' lang='lat' dir='ltr'><strong>facultatibus</strong></span> <span class='ocrx_word' id='word_1_211' title='bbox 1435 3083 1593 3162; x_wconf 88' lang='lat' dir='ltr'><strong>Collegio</strong></span> 
     </span>
     <span class='ocr_line' id='line_1_26' title="bbox 365 3191 866 3257; baseline -0.004 -1"><span class='ocrx_word' id='word_1_212' title='bbox 365 3201 487 3256; x_wconf 90' lang='lat' dir='ltr'><strong>nostro</strong></span> <span class='ocrx_word' id='word_1_213' title='bbox 502 3191 866 3257; x_wconf 89' lang='lat' dir='ltr'><strong>communicabantur.</strong></span> 
     </span>
    </p>

    <p class='ocr_par' dir='ltr' id='par_1_7' title="bbox 365 3297 1595 3472">
     <span class='ocr_line' id='line_1_27' title="bbox 424 3297 1595 3380; baseline 0 -17"><span class='ocrx_word' id='word_1_214' title='bbox 424 3298 469 3363; x_wconf 91' lang='lat' dir='ltr'><strong>Et</strong></span> <span class='ocrx_word' id='word_1_215' title='bbox 483 3299 572 3363; x_wconf 88' lang='lat' dir='ltr'><strong>baec</strong></span> <span class='ocrx_word' id='word_1_216' title='bbox 587 3298 630 3364; x_wconf 87' lang='lat' dir='ltr'><strong>de</strong></span> <span class='ocrx_word' id='word_1_217' title='bbox 646 3298 804 3378; x_wconf 81' lang='lat' dir='ltr'><strong>Collegio</strong></span> <span class='ocrx_word' id='word_1_218' title='bbox 819 3297 1092 3380; x_wconf 89' lang='lat' dir='ltr'><strong>lngolstadiensi</strong></span> <span class='ocrx_word' id='word_1_219' title='bbox 1107 3310 1141 3365; x_wconf 89' lang='lat' dir='ltr'><strong>et</strong></span> <span class='ocrx_word' id='word_1_220' title='bbox 1156 3299 1199 3364; x_wconf 90' lang='lat' dir='ltr'><strong>de</strong></span> <span class='ocrx_word' id='word_1_221' title='bbox 1215 3308 1290 3364; x_wconf 91' lang='lat' dir='ltr'><strong>tota</strong></span> <span class='ocrx_word' id='word_1_222' title='bbox 1305 3299 1495 3365; x_wconf 90' lang='lat' dir='ltr'><strong>Provincia</strong></span> <span class='ocrx_word' id='word_1_223' title='bbox 1511 3297 1595 3363; x_wconf 91' lang='lat' dir='ltr'><strong>Ger·</strong></span> 
     </span>
     <span class='ocr_line' id='line_1_28' title="bbox 365 3405 705 3472; baseline -0.003 -1"><span class='ocrx_word' id='word_1_224' title='bbox 365 3406 505 3471; x_wconf 89' lang='lat' dir='ltr'><strong>maniae</strong></span> <span class='ocrx_word' id='word_1_225' title='bbox 521 3405 705 3472; x_wconf 87' lang='lat' dir='ltr'><strong>sufficiant.</strong></span> 
     </span>
    </p>
   </div>
   <div class='ocr_carea' id='block_1_5' title="bbox 404 3669 1046 3814">
    <p class='ocr_par' dir='ltr' id='par_1_8' title="bbox 404 3669 1046 3814">
     <span class='ocr_line' id='line_1_29' title="bbox 404 3669 1046 3741; baseline 0.003 -13"><span class='ocrx_word' id='word_1_226' title='bbox 404 3684 414 3718; x_wconf 70' lang='grc' dir='ltr'>Ι</span> <span class='ocrx_word' id='word_1_227' title='bbox 443 3683 510 3729; x_wconf 86' lang='lat' dir='ltr'><strong>Vide</strong></span> <span class='ocrx_word' id='word_1_228' title='bbox 519 3695 607 3741; x_wconf 77' lang='lat' dir='ltr'><strong>supra,</strong></span> <span class='ocrx_word' id='word_1_229' title='bbox 618 3691 636 3731; x_wconf 89' lang='lat' dir='ltr'><strong>t.</strong></span> <span class='ocrx_word' id='word_1_230' title='bbox 646 3697 671 3736; x_wconf 78' lang='lat' dir='ltr'><strong>a.</strong></span> <span class='ocrx_word' id='word_1_231' title='bbox 680 3696 738 3740; x_wconf 77' lang='lat' dir='ltr'><strong>pag.</strong></span> <span class='ocrx_word' id='word_1_232' title='bbox 749 3684 798 3740; x_wconf 74' lang='lat'><strong>260.</strong></span> <span class='ocrx_word' id='word_1_233' title='bbox 807 3685 856 3740; x_wconf 79' lang='lat' dir='ltr'><strong>att,</strong></span> <span class='ocrx_word' id='word_1_234' title='bbox 866 3697 891 3730; x_wconf 88' lang='lat' dir='ltr'><strong>n.</strong></span> <span class='ocrx_word' id='word_1_235' title='bbox 900 3684 949 3730; x_wconf 74' lang='lat'><strong>728.</strong></span> <span class='ocrx_word' id='word_1_236' title='bbox 1041 3669 1046 3679; x_wconf 59' lang='lat'><strong>⁴</strong></span> 
     </span>
     <span class='ocr_line' id='line_1_30' title="bbox 406 3753 732 3814; baseline 0.003 -13"><span class='ocrx_word' id='word_1_237' title='bbox 406 3760 417 3788; x_wconf 87' lang='lat'><strong>¹</strong></span> <span class='ocrx_word' id='word_1_238' title='bbox 444 3753 732 3814; x_wconf 54' lang='lat' dir='ltr'><strong>summasunmna</strong></span> 
     </span>
    </p>
   </div>
   <div class='ocr_carea' id='block_1_6' title="bbox 0 0 1829 5350">
    <p class='ocr_par' dir='ltr' id='par_1_9' title="bbox 0 0 1829 5350">
     <span class='ocr_line' id='line_1_31' title="bbox 0 0 1829 5350; baseline 0 0"><span class='ocrx_word' id='word_1_239' title='bbox 0 0 1829 5350; x_wconf 95' lang='lat' dir='ltr'><strong> </strong></span> 
     </span>
    </p>
   </div>
  </div>
 </body>
</html>
