3642 5350
535 1082 598 1170 DE
626 1084 874 1172 PROVINCIA
904 1082 1178 1171 GERMANIAE

763 1349 809 1394 AC
820 1348 953 1395 PRIMUM

482 1544 555 1610 DE
595 1544 879 1611 COLLEGIO
922 1543 1226 1609 VIENNENSI

305 1884 394 1950 1390.
437 1885 566 1950 Tribus
580 1885 760 1966 CollegiiS,
777 1885 928 1965 scilicet,
944 1884 1152 1964 Viennensi,
1172 1881 1345 1965 Pragensi
1365 1891 1400 1947 et
1420 1882 1471 1946 In·

243 1994 476 2071 golstadiensi
491 1994 581 2058 haec
595 1992 785 2058 Provincia
797 2002 881 2057 tunc
895 1993 1093 2069 constabat,
1107 1992 1175 2057 hoc
1190 1992 1267 2073 ipso
1284 2009 1377 2056 anno
1392 1993 1473 2056 mis·

243 2101 293 2165 sis
307 2101 444 2165 duobus
458 2101 714 2182 posterioribus
729 2100 899 2180 collegiis
913 2108 948 2164 et
960 2100 1061 2165 titulo
1075 2098 1287 2163 Provinciae
1302 2100 1335 2163 ei
1352 2096 1360 2131 ¹
1376 2098 1472 2177 dato,

243 2208 319 2288 cui,
346 2204 419 2291 [ut]
444 2208 598 2273 diximus
622 2204 650 2288 ¹,
676 2206 715 2271 Ρ.
742 2207 905 2273 Canisius
925 2208 1061 2288 primus
1080 2205 1317 2272 Provincialis
1339 2205 1473 2287 praele-

243 2322 399 2380 ctusest.

306 2420 394 2486 1391.
437 2422 567 2487 Rector
582 2432 699 2487 autent
715 2422 930 2487 Viennensis
945 2421 1094 2502 Collegii
1105 2422 1174 2486 hoc
1185 2422 1293 2485 etiam
1304 2438 1398 2485 anno
1410 2420 1476 2485 fuit

243 2529 283 2594 P.
299 2528 468 2595 Nicolaus
481 2531 652 2613 Lanoyus
665 2528 689 2593 ⁸.

307 2636 396 2702 1392.
438 2636 562 2703 Nullus
577 2646 695 2703 autem
709 2636 846 2703 fructus
859 2638 1002 2702 uberior
1016 2637 1229 2704 cernebatur
1244 2653 1310 2702 nec
1332 2634 1478 2700 solidior

244 2761 351 2827 quam
365 2745 401 2809 in
416 2745 483 2826 his,
500 2746 559 2827 qui
573 2747 715 2810 scholas
729 2757 872 2810 nostras
886 2744 1174 2827 frequentabant,
1191 2762 1342 2826 quorum
1356 2760 1477 2808 nume·

245 2869 308 2917 rus
332 2853 425 2917 ultra
450 2859 629 2920 trecentos
650 2861 685 2916 et
706 2853 835 2934 viginti
855 2851 1082 2917 ascendebat.
1103 2851 1176 2917 Nec
1196 2851 1421 2917 mediocriter
1442 2851 1478 2915 in

244 2961 377 3042 pietate
392 2968 426 3024 et
440 2959 567 3024 litteris
580 2959 822 3041 proficiebant.

307 3066 396 3132 1393.
439 3066 703 3132 confitebantur
728 3076 846 3132 autem
873 3068 1023 3148 singulis
1047 3068 1246 3147 mensibus,
1274 3076 1309 3131 et
1337 3066 1479 3148 quidem

245 3192 326 3241 cum
341 3175 557 3240 exultatione
572 3175 680 3239 animi
695 3191 827 3255 magna
842 3175 887 3238 ad
898 3175 967 3238 hoc
978 3184 1254 3253 sacramentum,
1267 3183 1303 3238 et
1313 3174 1422 3237 etiam
1434 3173 1479 3237 ad

248 3281 547 3362 communionem,
571 3281 712 3362 plurimi
733 3299 856 3346 eorum
878 3282 1108 3347 accedebant.
1128 3282 1173 3346 Et
1188 3292 1329 3362 praeter
1343 3283 1480 3362 patriae

249 3387 474 3454 communem
487 3388 778 3453 consuetudinem
794 3389 843 3468 (in
858 3406 928 3470 qua
943 3389 1097 3453 diximus
1114 3388 1328 3468 generaliter
1345 3396 1481 3453 tantum

251 3497 414 3562 homines
433 3495 603 3576 confiteri,
623 3514 695 3560 non
715 3497 760 3560 ad
780 3496 917 3577 species
932 3505 1159 3577 peccatorum
1174 3495 1419 3561 descendendo
1440 3493 1481 3574 ⁴),

249 3603 405 3669 minores
419 3603 551 3686 pariter
566 3612 601 3668 et
616 3601 770 3683 majores
785 3613 912 3668 exacte
927 3613 962 3668 et
976 3604 1213 3668 discutiebant
1224 3613 1260 3668 et
1271 3603 1482 3692 confiteban·

249 3721 306 3776 tur
320 3729 384 3776 sua
401 3719 560 3792 peccata,
576 3711 613 3774 in
628 3728 697 3792 quo
713 3712 818 3791 longe
832 3728 917 3776 suos
932 3721 1098 3792 parentes
1113 3713 1342 3793 superabant.

312 3817 400 3883 1394.
443 3816 547 3884 Nulla
556 3819 801 3897 intereoS,aut
810 3827 906 3882 certe
916 3817 1109 3898 rarissime,
1120 3818 1332 3883 audiebatur
1341 3827 1484 3883 conten·

289 4059 297 4094 ¹
325 4057 642 4104 Mahabersvldetureo.

286 4130 299 4163 ¹
326 4129 393 4175 Vide
404 4140 492 4185 snpra.
501 4136 520 4174 t.
530 4142 556 4182 v.
567 4141 629 4186 pag.
638 4129 686 4181 22⁴,
698 4141 722 4174 n.
733 4129 782 4174 649.
790 4129 854 4174 -Ad
863 4129 1020 4176 Germaniae
1031 4142 1074 4176 res
1084 4139 1187 4178 nostras
1197 4132 1367 4179 illustrandas
1377 4135 1487 4180 multum

252 4203 369 4249 conferet
379 4203 535 4247 laboriosnm
545 4213 618 4257 opus,
628 4213 723 4256 magno
733 4200 818 4246 studio
829 4202 983 4257 coniectum,
1000 4204 1067 4259 qnod
1077 4205 1103 4248 ln
1112 4207 1197 4250 lucem
1211 4207 1304 4250 editur:
1320 4205 1486 4252 Brauassu·

252 4285 312 4329 on,
322 4273 378 4318 Bri.
390 4271 494 4318 Canisii
503 4273 639 4328 epistulae
650 4276 675 4317 et
685 4275 757 4328 acta,
767 4271 891 4328 Frlburgl
902 4273 1066 4328 ansgovtse,
1080 4278 1225 4332 sumptibus
1235 4277 1345 4322 Herder.
1360 4278 1486 4330 Prodlsts

250 4348 304 4392 rol.
315 4357 324 4390 t
334 4352 359 4390 et
370 4355 398 4392 u.
408 4344 536 4400 Equidem
546 4345 589 4389 ille
600 4345 651 4398 vir,
665 4345 726 4389 dum
741 4355 840 4389 sumtus
856 4345 994 4400 diligentis
1011 4347 1136 4402 epistolas
1151 4347 1249 4394 Csnlsll
1264 4349 1329 4394 iacit
1344 4350 1487 4411 publlclju·

249 4421 295 4474 ris,
305 4419 388 4464 mults
397 4417 428 4462 de
438 4420 517 4462 rebus
531 4424 558 4461 et
571 4417 689 4472 personis
703 4417 776 4470 dicit.
792 4428 857 4472 qnae
873 4418 1000 4463 hactenns
1014 4420 1105 4474 paucis
1120 4427 1196 4464 ersnt
1211 4421 1236 4465 in
1252 4418 1448 4477 comperto.'!ib
1458 4433 1489 4466 eo

252 4493 301 4536 bne
311 4491 387 4546 plura
396 4499 443 4534 nos
457 4488 611 4542 transferre,
623 4489 685 4534 licet
700 4489 778 4534 iscile
793 4499 824 4534 sc
837 4489 979 4544 iucundum
993 4499 1072 4543 esset,
1082 4491 1222 4537 brevitatis
1237 4493 1308 4539 ratio
1322 4501 1406 4542 mar:
1416 4494 1491 4544 mltis

251 4562 319 4608 eninr
328 4561 516 4618 providendum
526 4568 567 4606 est
577 4572 609 4605 ns
619 4571 744 4617 praesens
754 4561 802 4605 hoc
815 4562 936 4606 volumen
947 4563 1014 4608 mole
1024 4563 1101 4608 ulmis
1111 4571 1247 4618 angeatur.
1265 4611 1271 4627 ,
1351 4614 1355 4625 ,

294 4629 792 4686 ⁸Videsuprs,t.v,psg.225,n.650.
1243 4628 1271 4648 '¹'
1291 4627 1311 4646 '·
1363 4630 1366 4648 ¹

295 4701 1120 4762 ⁴videmos-a,t.v,psg.aut,n.66tett.1v,pa=,v.2tt,n529.
1181 4701 1221 4774 s,
1254 4701 1287 4758 tl
1337 4703 1352 4745 ·i
