<?xml version="1.0" encoding="UTF-8"?>
<!DOCTYPE html PUBLIC "-//W3C//DTD XHTML 1.0 Transitional//EN"
    "http://www.w3.org/TR/xhtml1/DTD/xhtml1-transitional.dtd">
<html xmlns="http://www.w3.org/1999/xhtml" xml:lang="en" lang="en">
 <head>
  <title>
</title>
<meta http-equiv="Content-Type" content="text/html;charset=utf-8" />
  <meta name='ocr-system' content='tesseract 3.04.00' />
  <meta name='ocr-capabilities' content='ocr_page ocr_carea ocr_par ocr_line ocrx_word'/>
</head>
<body>
  <div class='ocr_page' id='page_1' title='image "./vitaignatiiloio00polagoog_0017.png"; bbox 0 0 3642 5350; ppageno 0'>
   <div class='ocr_carea' id='block_1_1' title="bbox 752 401 1442 463">
    <p class='ocr_par' dir='ltr' id='par_1_1' title="bbox 752 401 1442 463">
     <span class='ocr_line' id='line_1_1' title="bbox 752 401 1442 463; baseline -0.004 -1"><span class='ocrx_word' id='word_1_1' title='bbox 752 403 816 463; x_wconf 74' lang='grc' dir='ltr'><strong>ΑΝ.</strong></span> <span class='ocrx_word' id='word_1_2' title='bbox 838 402 908 462; x_wconf 80' lang='grc'>1556</span> <span class='ocrx_word' id='word_1_3' title='bbox 1410 401 1442 460; x_wconf 91' lang='lat' dir='ltr'><strong>ll</strong></span> 
     </span>
    </p>
   </div>
   <div class='ocr_carea' id='block_1_2' title="bbox 212 546 1451 3733">
    <p class='ocr_par' dir='ltr' id='par_1_2' title="bbox 216 546 1445 1378">
     <span class='ocr_line' id='line_1_2' title="bbox 276 546 1443 630; baseline -0.003 -17"><span class='ocrx_word' id='word_1_4' title='bbox 276 549 326 613; x_wconf 87' lang='lat'><strong>22.</strong></span> <span class='ocrx_word' id='word_1_5' title='bbox 370 547 443 614; x_wconf 90' lang='lat' dir='ltr'><strong>Sub</strong></span> <span class='ocrx_word' id='word_1_6' title='bbox 457 551 596 614; x_wconf 90' lang='lat' dir='ltr'><strong>initium</strong></span> <span class='ocrx_word' id='word_1_7' title='bbox 611 557 730 614; x_wconf 86' lang='lat' dir='ltr'><strong>autem</strong></span> <span class='ocrx_word' id='word_1_8' title='bbox 744 547 848 630; x_wconf 89' lang='lat' dir='ltr'><strong>hujus</strong></span> <span class='ocrx_word' id='word_1_9' title='bbox 863 549 947 612; x_wconf 89' lang='lat' dir='ltr'><strong>anni</strong></span> <span class='ocrx_word' id='word_1_10' title='bbox 962 549 998 612; x_wconf 91' lang='lat' dir='ltr'><strong>in</strong></span> <span class='ocrx_word' id='word_1_11' title='bbox 1012 547 1112 611; x_wconf 85' lang='lat' dir='ltr'><strong>iestis</strong></span> <span class='ocrx_word' id='word_1_12' title='bbox 1126 546 1304 611; x_wconf 90' lang='lat' dir='ltr'><strong>Natalitiis</strong></span> <span class='ocrx_word' id='word_1_13' title='bbox 1319 547 1443 611; x_wconf 85' lang='lat' dir='ltr'><strong>variae</strong></span> 
     </span>
     <span class='ocr_line' id='line_1_3' title="bbox 217 654 1444 737; baseline -0.001 -19"><span class='ocrx_word' id='word_1_14' title='bbox 217 657 397 720; x_wconf 90' lang='lat' dir='ltr'><strong>orationes</strong></span> <span class='ocrx_word' id='word_1_15' title='bbox 413 667 447 721; x_wconf 91' lang='lat' dir='ltr'><strong>et</strong></span> <span class='ocrx_word' id='word_1_16' title='bbox 463 657 622 721; x_wconf 90' lang='lat' dir='ltr'><strong>carmina</strong></span> <span class='ocrx_word' id='word_1_17' title='bbox 639 675 661 720; x_wconf 88' lang='lat' dir='ltr'><strong>a</strong></span> <span class='ocrx_word' id='word_1_18' title='bbox 676 657 920 737; x_wconf 86' lang='lat' dir='ltr'><strong>collegiaiibus</strong></span> <span class='ocrx_word' id='word_1_19' title='bbox 941 665 1063 718; x_wconf 88' lang='lat' dir='ltr'><strong>nostro</strong></span> <span class='ocrx_word' id='word_1_20' title='bbox 1083 654 1119 717; x_wconf 90' lang='lat' dir='ltr'><strong>in</strong></span> <span class='ocrx_word' id='word_1_21' title='bbox 1141 655 1270 734; x_wconf 90' lang='lat' dir='ltr'><strong>templo</strong></span> <span class='ocrx_word' id='word_1_22' title='bbox 1292 654 1444 718; x_wconf 91' lang='lat' dir='ltr'><strong>recitata</strong></span> 
     </span>
     <span class='ocr_line' id='line_1_4' title="bbox 219 760 1445 844; baseline -0.002 -19"><span class='ocrx_word' id='word_1_23' title='bbox 219 761 370 841; x_wconf 82' lang='lat' dir='ltr'><strong>suerunt,</strong></span> <span class='ocrx_word' id='word_1_24' title='bbox 387 774 420 827; x_wconf 90' lang='lat' dir='ltr'><strong>et</strong></span> <span class='ocrx_word' id='word_1_25' title='bbox 437 765 578 828; x_wconf 90' lang='lat' dir='ltr'><strong>demum</strong></span> <span class='ocrx_word' id='word_1_26' title='bbox 602 764 765 844; x_wconf 85' lang='lat' dir='ltr'>dialogus</span> <span class='ocrx_word' id='word_1_27' title='bbox 787 781 808 826; x_wconf 90' lang='lat' dir='ltr'><strong>a</strong></span> <span class='ocrx_word' id='word_1_28' title='bbox 830 760 867 826; x_wconf 90' lang='lat' dir='ltr'><strong>P.</strong></span> <span class='ocrx_word' id='word_1_29' title='bbox 885 761 1030 826; x_wconf 88' lang='lat' dir='ltr'><strong>Andrea</strong></span> <span class='ocrx_word' id='word_1_30' title='bbox 1050 761 1190 839; x_wconf 90' lang='lat' dir='ltr'><strong>Frusi0,</strong></span> <span class='ocrx_word' id='word_1_31' title='bbox 1210 776 1342 840; x_wconf 83' lang='lat' dir='ltr'><strong>magna</strong></span> <span class='ocrx_word' id='word_1_32' title='bbox 1363 777 1445 823; x_wconf 91' lang='lat' dir='ltr'><strong>cum</strong></span> 
     </span>
     <span class='ocr_line' id='line_1_5' title="bbox 219 867 1444 952; baseline 0 -21"><span class='ocrx_word' id='word_1_33' title='bbox 219 869 414 934; x_wconf 86' lang='lat' dir='ltr'>eruditione</span> <span class='ocrx_word' id='word_1_34' title='bbox 435 882 469 934; x_wconf 89' lang='lat' dir='ltr'><strong>et</strong></span> <span class='ocrx_word' id='word_1_35' title='bbox 490 871 617 952; x_wconf 90' lang='lat' dir='ltr'><strong>spiritu</strong></span> <span class='ocrx_word' id='word_1_36' title='bbox 639 871 867 951; x_wconf 70' lang='lat' dir='ltr'><strong>compositus</strong></span> <span class='ocrx_word' id='word_1_37' title='bbox 888 881 924 933; x_wconf 91' lang='lat' dir='ltr'><strong>et</strong></span> <span class='ocrx_word' id='word_1_38' title='bbox 945 869 990 932; x_wconf 91' lang='lat' dir='ltr'><strong>ad</strong></span> <span class='ocrx_word' id='word_1_39' title='bbox 1009 868 1209 932; x_wconf 89' lang='lat' dir='ltr'><strong>auditorum</strong></span> <span class='ocrx_word' id='word_1_40' title='bbox 1224 867 1444 946; x_wconf 91' lang='lat' dir='ltr'><strong>spiritualem</strong></span> 
     </span>
     <span class='ocr_line' id='line_1_6' title="bbox 217 973 1442 1058; baseline -0.002 -18"><span class='ocrx_word' id='word_1_41' title='bbox 217 976 416 1056; x_wconf 86' lang='lat' dir='ltr'><strong>profectum</strong></span> <span class='ocrx_word' id='word_1_42' title='bbox 430 977 576 1058; x_wconf 88' lang='lat' dir='ltr'><strong>iaciens,</strong></span> <span class='ocrx_word' id='word_1_43' title='bbox 599 979 643 1040; x_wconf 84' lang='lat' dir='ltr'><strong>de</strong></span> <span class='ocrx_word' id='word_1_44' title='bbox 663 978 781 1056; x_wconf 80' lang='lat' dir='ltr'><strong>modo,</strong></span> <span class='ocrx_word' id='word_1_45' title='bbox 793 977 941 1056; x_wconf 89' lang='lat' dir='ltr'><strong>scilicet,</strong></span> <span class='ocrx_word' id='word_1_46' title='bbox 963 974 1177 1040; x_wconf 82' lang='lat' dir='ltr'><strong>renascendi</strong></span> <span class='ocrx_word' id='word_1_47' title='bbox 1188 990 1268 1036; x_wconf 90' lang='lat' dir='ltr'><strong>cum</strong></span> <span class='ocrx_word' id='word_1_48' title='bbox 1287 973 1442 1053; x_wconf 74' lang='lat' dir='ltr'><strong>Christe,</strong></span> 
     </span>
     <span class='ocr_line' id='line_1_7' title="bbox 216 1080 1445 1165; baseline -0.002 -19"><span class='ocrx_word' id='word_1_49' title='bbox 216 1091 319 1146; x_wconf 87' lang='lat' dir='ltr'><strong>actus</strong></span> <span class='ocrx_word' id='word_1_50' title='bbox 334 1095 388 1147; x_wconf 89' lang='lat' dir='ltr'><strong>est</strong></span> <span class='ocrx_word' id='word_1_51' title='bbox 405 1089 412 1115; x_wconf 87' lang='lat'><strong>¹</strong></span> <span class='ocrx_word' id='word_1_52' title='bbox 428 1083 712 1165; x_wconf 85' lang='lat' dir='ltr'><strong>frequentissimo</strong></span> <span class='ocrx_word' id='word_1_53' title='bbox 728 1082 915 1162; x_wconf 87' lang='lat' dir='ltr'><strong>auditorio;</strong></span> <span class='ocrx_word' id='word_1_54' title='bbox 939 1093 974 1146; x_wconf 92' lang='lat' dir='ltr'><strong>et</strong></span> <span class='ocrx_word' id='word_1_55' title='bbox 994 1083 1085 1146; x_wconf 91' lang='lat' dir='ltr'><strong>inter</strong></span> <span class='ocrx_word' id='word_1_56' title='bbox 1105 1082 1193 1144; x_wconf 90' lang='lat' dir='ltr'><strong>aiios</strong></span> <span class='ocrx_word' id='word_1_57' title='bbox 1212 1080 1376 1144; x_wconf 90' lang='lat' dir='ltr'><strong>doctores</strong></span> <span class='ocrx_word' id='word_1_58' title='bbox 1395 1082 1445 1144; x_wconf 91' lang='lat' dir='ltr'><strong>illi</strong></span> 
     </span>
     <span class='ocr_line' id='line_1_8' title="bbox 217 1181 1443 1272; baseline -0.002 -19"><span class='ocrx_word' id='word_1_59' title='bbox 217 1189 443 1270; x_wconf 87' lang='lat' dir='ltr'><strong>parisienses,</strong></span> <span class='ocrx_word' id='word_1_60' title='bbox 470 1193 530 1272; x_wconf 90' lang='lat' dir='ltr'><strong>qui</strong></span> <span class='ocrx_word' id='word_1_61' title='bbox 549 1209 629 1254; x_wconf 91' lang='lat' dir='ltr'><strong>cum</strong></span> <span class='ocrx_word' id='word_1_62' title='bbox 651 1190 840 1256; x_wconf 89' lang='lat' dir='ltr'><strong>Cardinaie</strong></span> <span class='ocrx_word' id='word_1_63' title='bbox 855 1189 1076 1268; x_wconf 83' lang='lat' dir='ltr'><strong>Lotharingo</strong></span> <span class='ocrx_word' id='word_1_64' title='bbox 1090 1181 1240 1251; x_wconf 87' lang='lat' dir='ltr'><strong>Romam</strong></span> <span class='ocrx_word' id='word_1_65' title='bbox 1259 1200 1443 1269; x_wconf 85' lang='lat' dir='ltr'><strong>venerant,</strong></span> 
     </span>
     <span class='ocr_line' id='line_1_9' title="bbox 217 1296 1111 1378; baseline -0.001 -19"><span class='ocrx_word' id='word_1_66' title='bbox 217 1314 300 1360; x_wconf 91' lang='lat' dir='ltr'><strong>cum</strong></span> <span class='ocrx_word' id='word_1_67' title='bbox 315 1299 491 1378; x_wconf 80' lang='lat' dir='ltr'><strong>spirituali</strong></span> <span class='ocrx_word' id='word_1_68' title='bbox 506 1299 749 1362; x_wconf 84' lang='lat' dir='ltr'><strong>consolatione</strong></span> <span class='ocrx_word' id='word_1_69' title='bbox 763 1315 827 1361; x_wconf 90' lang='lat' dir='ltr'><strong>sua</strong></span> <span class='ocrx_word' id='word_1_70' title='bbox 843 1296 1077 1362; x_wconf 83' lang='lat' dir='ltr'><strong>interfuerunt</strong></span> <span class='ocrx_word' id='word_1_71' title='bbox 1088 1297 1111 1358; x_wconf 86' lang='lat'><strong>¹.</strong></span> 
     </span>
    </p>

    <p class='ocr_par' dir='ltr' id='par_1_3' title="bbox 216 1403 1447 2127">
     <span class='ocr_line' id='line_1_10' title="bbox 278 1403 1445 1486; baseline -0.001 -19"><span class='ocrx_word' id='word_1_72' title='bbox 278 1403 329 1468; x_wconf 88' lang='lat'><strong>23.</strong></span> <span class='ocrx_word' id='word_1_73' title='bbox 373 1405 453 1486; x_wconf 89' lang='lat' dir='ltr'><strong>Ipso</strong></span> <span class='ocrx_word' id='word_1_74' title='bbox 468 1405 524 1468; x_wconf 91' lang='lat' dir='ltr'><strong>die</strong></span> <span class='ocrx_word' id='word_1_75' title='bbox 537 1405 827 1470; x_wconf 89' lang='lat' dir='ltr'><strong>Circumcisionis</strong></span> <span class='ocrx_word' id='word_1_76' title='bbox 842 1405 879 1470; x_wconf 92' lang='lat' dir='ltr'><strong>P.</strong></span> <span class='ocrx_word' id='word_1_77' title='bbox 893 1405 1107 1470; x_wconf 87' lang='lat' dir='ltr'><strong>Benedictus</strong></span> <span class='ocrx_word' id='word_1_78' title='bbox 1120 1406 1275 1470; x_wconf 89' lang='lat' dir='ltr'><strong>Palmius</strong></span> <span class='ocrx_word' id='word_1_79' title='bbox 1285 1406 1322 1469; x_wconf 92' lang='lat' dir='ltr'><strong>iu</strong></span> <span class='ocrx_word' id='word_1_80' title='bbox 1333 1403 1445 1469; x_wconf 88' lang='lat' dir='ltr'><strong>Sacro</strong></span> 
     </span>
     <span class='ocr_line' id='line_1_11' title="bbox 216 1508 1445 1593; baseline 0.002 -21"><span class='ocrx_word' id='word_1_81' title='bbox 216 1508 368 1587; x_wconf 76' lang='lat' dir='ltr'><strong>SacellO,</strong></span> <span class='ocrx_word' id='word_1_82' title='bbox 394 1529 517 1575; x_wconf 90' lang='lat' dir='ltr'><strong>coram</strong></span> <span class='ocrx_word' id='word_1_83' title='bbox 537 1512 785 1577; x_wconf 75' lang='lat' dir='ltr'><strong>cardinalibus</strong></span> <span class='ocrx_word' id='word_1_84' title='bbox 805 1522 839 1575; x_wconf 90' lang='lat' dir='ltr'><strong>et</strong></span> <span class='ocrx_word' id='word_1_85' title='bbox 859 1513 936 1593; x_wconf 91' lang='lat' dir='ltr'><strong>ipso</strong></span> <span class='ocrx_word' id='word_1_86' title='bbox 957 1511 1100 1576; x_wconf 88' lang='lat' dir='ltr'><strong>Summo</strong></span> <span class='ocrx_word' id='word_1_87' title='bbox 1115 1511 1295 1591; x_wconf 87' lang='lat' dir='ltr'><strong>Pontifice,</strong></span> <span class='ocrx_word' id='word_1_88' title='bbox 1317 1511 1445 1575; x_wconf 88' lang='lat' dir='ltr'><strong>oratio-</strong></span> 
     </span>
     <span class='ocr_line' id='line_1_12' title="bbox 218 1617 1444 1700; baseline 0 -20"><span class='ocrx_word' id='word_1_89' title='bbox 218 1635 302 1680; x_wconf 89' lang='lat' dir='ltr'><strong>nem</strong></span> <span class='ocrx_word' id='word_1_90' title='bbox 317 1617 451 1694; x_wconf 85' lang='lat' dir='ltr'><strong>habuit;</strong></span> <span class='ocrx_word' id='word_1_91' title='bbox 464 1629 498 1681; x_wconf 91' lang='lat' dir='ltr'><strong>et</strong></span> <span class='ocrx_word' id='word_1_92' title='bbox 512 1620 676 1699; x_wconf 89' lang='lat' dir='ltr'><strong>quamvis</strong></span> <span class='ocrx_word' id='word_1_93' title='bbox 691 1619 856 1700; x_wconf 85' lang='lat' dir='ltr'><strong>profestis</strong></span> <span class='ocrx_word' id='word_1_94' title='bbox 875 1618 999 1682; x_wconf 92' lang='lat' dir='ltr'><strong>diebus</strong></span> <span class='ocrx_word' id='word_1_95' title='bbox 1013 1619 1185 1682; x_wconf 91' lang='lat' dir='ltr'><strong>litteraria</strong></span> <span class='ocrx_word' id='word_1_96' title='bbox 1205 1618 1377 1683; x_wconf 86' lang='lat' dir='ltr'><strong>exercitia</strong></span> <span class='ocrx_word' id='word_1_97' title='bbox 1395 1619 1444 1680; x_wconf 91' lang='lat' dir='ltr'><strong>vi-</strong></span> 
     </span>
     <span class='ocr_line' id='line_1_13' title="bbox 216 1725 1446 1805; baseline 0 -19"><span class='ocrx_word' id='word_1_98' title='bbox 216 1725 363 1804; x_wconf 86' lang='lat' dir='ltr'><strong>gebant,</strong></span> <span class='ocrx_word' id='word_1_99' title='bbox 381 1725 566 1789; x_wconf 81' lang='lat' dir='ltr'><strong>dominicis</strong></span> <span class='ocrx_word' id='word_1_100' title='bbox 580 1742 623 1788; x_wconf 89' lang='lat' dir='ltr'><strong>ac</strong></span> <span class='ocrx_word' id='word_1_101' title='bbox 637 1726 737 1789; x_wconf 87' lang='lat' dir='ltr'><strong>iestis</strong></span> <span class='ocrx_word' id='word_1_102' title='bbox 751 1726 871 1790; x_wconf 89' lang='lat' dir='ltr'><strong>multis</strong></span> <span class='ocrx_word' id='word_1_103' title='bbox 885 1727 922 1789; x_wconf 94' lang='lat' dir='ltr'><strong>in</strong></span> <span class='ocrx_word' id='word_1_104' title='bbox 936 1726 1026 1788; x_wconf 87' lang='lat' dir='ltr'><strong>locis</strong></span> <span class='ocrx_word' id='word_1_105' title='bbox 1041 1726 1244 1805; x_wconf 84' lang='lat' dir='ltr'><strong>collegiales</strong></span> <span class='ocrx_word' id='word_1_106' title='bbox 1259 1725 1446 1789; x_wconf 88' lang='lat' dir='ltr'><strong>conciona-</strong></span> 
     </span>
     <span class='ocr_line' id='line_1_14' title="bbox 218 1831 1447 1912; baseline -0.002 -18"><span class='ocrx_word' id='word_1_107' title='bbox 218 1832 361 1910; x_wconf 78' lang='lat' dir='ltr'><strong>bantur3</strong></span> <span class='ocrx_word' id='word_1_108' title='bbox 384 1842 417 1896; x_wconf 89' lang='lat' dir='ltr'><strong>et</strong></span> <span class='ocrx_word' id='word_1_109' title='bbox 436 1841 596 1912; x_wconf 88' lang='lat' dir='ltr'><strong>tempore</strong></span> <span class='ocrx_word' id='word_1_110' title='bbox 617 1832 921 1912; x_wconf 85' lang='lat' dir='ltr'><strong>Quadragesimae</strong></span> <span class='ocrx_word' id='word_1_111' title='bbox 941 1832 1127 1896; x_wconf 87' lang='lat' dir='ltr'><strong>duodecim</strong></span> <span class='ocrx_word' id='word_1_112' title='bbox 1148 1834 1252 1897; x_wconf 90' lang='lat' dir='ltr'><strong>electi</strong></span> <span class='ocrx_word' id='word_1_113' title='bbox 1273 1842 1365 1907; x_wconf 90' lang='lat' dir='ltr'><strong>sunt,</strong></span> <span class='ocrx_word' id='word_1_114' title='bbox 1387 1831 1447 1911; x_wconf 91' lang='lat' dir='ltr'><strong>qui</strong></span> 
     </span>
     <span class='ocr_line' id='line_1_15' title="bbox 216 1939 1446 2021; baseline -0.001 -20"><span class='ocrx_word' id='word_1_115' title='bbox 216 1939 324 2002; x_wconf 89' lang='lat' dir='ltr'><strong>statis</strong></span> <span class='ocrx_word' id='word_1_116' title='bbox 335 1939 458 2002; x_wconf 88' lang='lat' dir='ltr'><strong>diebus</strong></span> <span class='ocrx_word' id='word_1_117' title='bbox 472 1941 508 2003; x_wconf 89' lang='lat' dir='ltr'><strong>in</strong></span> <span class='ocrx_word' id='word_1_118' title='bbox 523 1941 634 2004; x_wconf 88' lang='lat' dir='ltr'><strong>variis</strong></span> <span class='ocrx_word' id='word_1_119' title='bbox 648 1941 875 2004; x_wconf 89' lang='lat' dir='ltr'><strong>monasteriis</strong></span> <span class='ocrx_word' id='word_1_120' title='bbox 889 1951 925 2004; x_wconf 91' lang='lat' dir='ltr'><strong>et</strong></span> <span class='ocrx_word' id='word_1_121' title='bbox 940 1940 1109 2004; x_wconf 87' lang='lat' dir='ltr'><strong>custodiis</strong></span> <span class='ocrx_word' id='word_1_122' title='bbox 1124 1941 1282 2021; x_wconf 90' lang='lat' dir='ltr'><strong>publicis,</strong></span> <span class='ocrx_word' id='word_1_123' title='bbox 1296 1950 1334 2003; x_wconf 95' lang='lat' dir='ltr'><strong>ut</strong></span> <span class='ocrx_word' id='word_1_124' title='bbox 1344 1939 1446 2002; x_wconf 91' lang='lat' dir='ltr'><strong>satis·</strong></span> 
     </span>
     <span class='ocr_line' id='line_1_16' title="bbox 217 2027 1305 2127; baseline 0.002 -19"><span class='ocrx_word' id='word_1_125' title='bbox 217 2027 320 2109; x_wconf 78' lang='lat' dir='ltr'><strong>fieret</strong></span> <span class='ocrx_word' id='word_1_126' title='bbox 334 2048 574 2127; x_wconf 88' lang='lat' dir='ltr'><strong>praelatorum</strong></span> <span class='ocrx_word' id='word_1_127' title='bbox 588 2047 624 2110; x_wconf 89' lang='lat' dir='ltr'><strong>id</strong></span> <span class='ocrx_word' id='word_1_128' title='bbox 637 2047 891 2127; x_wconf 86' lang='lat' dir='ltr'><strong>postulantium</strong></span> <span class='ocrx_word' id='word_1_129' title='bbox 906 2047 1099 2123; x_wconf 86' lang='lat' dir='ltr'><strong>devotioni,</strong></span> <span class='ocrx_word' id='word_1_130' title='bbox 1116 2048 1305 2111; x_wconf 87' lang='lat' dir='ltr'><strong>vacabant.</strong></span> 
     </span>
    </p>

    <p class='ocr_par' dir='ltr' id='par_1_4' title="bbox 212 2153 1449 2965">
     <span class='ocr_line' id='line_1_17' title="bbox 280 2153 1446 2218; baseline 0 -2"><span class='ocrx_word' id='word_1_131' title='bbox 280 2153 331 2216; x_wconf 84' lang='lat'><strong>24.</strong></span> <span class='ocrx_word' id='word_1_132' title='bbox 373 2153 515 2217; x_wconf 89' lang='lat' dir='ltr'><strong>Eisdem</strong></span> <span class='ocrx_word' id='word_1_133' title='bbox 530 2155 638 2218; x_wconf 89' lang='lat' dir='ltr'><strong>etiam</strong></span> <span class='ocrx_word' id='word_1_134' title='bbox 652 2154 752 2217; x_wconf 89' lang='lat' dir='ltr'><strong>iestis</strong></span> <span class='ocrx_word' id='word_1_135' title='bbox 766 2153 890 2217; x_wconf 89' lang='lat' dir='ltr'><strong>diebus</strong></span> <span class='ocrx_word' id='word_1_136' title='bbox 905 2154 1143 2217; x_wconf 78' lang='lat' dir='ltr'><strong>confessarios</strong></span> <span class='ocrx_word' id='word_1_137' title='bbox 1154 2153 1291 2218; x_wconf 87' lang='lat' dir='ltr'><strong>Domus</strong></span> <span class='ocrx_word' id='word_1_138' title='bbox 1302 2163 1446 2216; x_wconf 86' lang='lat' dir='ltr'><strong>nostrae</strong></span> 
     </span>
     <span class='ocr_line' id='line_1_18' title="bbox 212 2258 1448 2342; baseline -0.001 -19"><span class='ocrx_word' id='word_1_139' title='bbox 212 2260 404 2340; x_wconf 72' lang='lat' dir='ltr'><strong>juvabann</strong></span> <span class='ocrx_word' id='word_1_140' title='bbox 421 2271 457 2323; x_wconf 93' lang='lat' dir='ltr'><strong>et</strong></span> <span class='ocrx_word' id='word_1_141' title='bbox 471 2261 636 2342; x_wconf 91' lang='lat' dir='ltr'><strong>quamvis</strong></span> <span class='ocrx_word' id='word_1_142' title='bbox 650 2261 685 2324; x_wconf 94' lang='lat' dir='ltr'><strong>in</strong></span> <span class='ocrx_word' id='word_1_143' title='bbox 701 2263 831 2341; x_wconf 89' lang='lat' dir='ltr'><strong>templo</strong></span> <span class='ocrx_word' id='word_1_144' title='bbox 847 2258 930 2324; x_wconf 53' lang='lat'><strong>8³³⁶</strong></span> <span class='ocrx_word' id='word_1_145' title='bbox 946 2260 1173 2339; x_wconf 86' lang='lat' dir='ltr'><strong>Catharinae,</strong></span> <span class='ocrx_word' id='word_1_146' title='bbox 1186 2261 1305 2325; x_wconf 87' lang='lat' dir='ltr'><strong>vicino</strong></span> <span class='ocrx_word' id='word_1_147' title='bbox 1317 2258 1448 2324; x_wconf 90' lang='lat' dir='ltr'><strong>Domui</strong></span> 
     </span>
     <span class='ocr_line' id='line_1_19' title="bbox 216 2365 1447 2448; baseline 0 -19"><span class='ocrx_word' id='word_1_148' title='bbox 216 2376 375 2445; x_wconf 89' lang='lat' dir='ltr'><strong>nostrae,</strong></span> <span class='ocrx_word' id='word_1_149' title='bbox 393 2385 474 2430; x_wconf 89' lang='lat' dir='ltr'><strong>cum</strong></span> <span class='ocrx_word' id='word_1_150' title='bbox 489 2367 607 2430; x_wconf 86' lang='lat' dir='ltr'><strong>lructu</strong></span> <span class='ocrx_word' id='word_1_151' title='bbox 629 2368 776 2430; x_wconf 91' lang='lat' dir='ltr'><strong>verbum</strong></span> <span class='ocrx_word' id='word_1_152' title='bbox 797 2365 863 2430; x_wconf 92' lang='lat' dir='ltr'><strong>Dei</strong></span> <span class='ocrx_word' id='word_1_153' title='bbox 886 2367 1163 2448; x_wconf 89' lang='lat' dir='ltr'><strong>praedicaretur,</strong></span> <span class='ocrx_word' id='word_1_154' title='bbox 1185 2368 1355 2431; x_wconf 90' lang='lat' dir='ltr'><strong>tamenin</strong></span> <span class='ocrx_word' id='word_1_155' title='bbox 1370 2384 1447 2430; x_wconf 91' lang='lat' dir='ltr'><strong>car-</strong></span> 
     </span>
     <span class='ocr_line' id='line_1_20' title="bbox 215 2473 1449 2554; baseline 0 -18"><span class='ocrx_word' id='word_1_156' title='bbox 215 2473 362 2537; x_wconf 89' lang='lat' dir='ltr'><strong>ceribus</strong></span> <span class='ocrx_word' id='word_1_157' title='bbox 388 2475 530 2537; x_wconf 84' lang='lat' dir='ltr'><strong>uberior</strong></span> <span class='ocrx_word' id='word_1_158' title='bbox 556 2483 628 2537; x_wconf 92' lang='lat' dir='ltr'><strong>tum</strong></span> <span class='ocrx_word' id='word_1_159' title='bbox 654 2491 699 2537; x_wconf 87' lang='lat' dir='ltr'><strong>ex</strong></span> <span class='ocrx_word' id='word_1_160' title='bbox 727 2475 837 2537; x_wconf 88' lang='lat' dir='ltr'><strong>verbo</strong></span> <span class='ocrx_word' id='word_1_161' title='bbox 852 2473 931 2552; x_wconf 90' lang='lat' dir='ltr'><strong>Dei,</strong></span> <span class='ocrx_word' id='word_1_162' title='bbox 956 2485 1030 2537; x_wconf 93' lang='lat' dir='ltr'><strong>tum</strong></span> <span class='ocrx_word' id='word_1_163' title='bbox 1050 2492 1094 2538; x_wconf 85' lang='lat' dir='ltr'><strong>ex</strong></span> <span class='ocrx_word' id='word_1_164' title='bbox 1114 2474 1349 2538; x_wconf 83' lang='lat' dir='ltr'><strong>sacramentis</strong></span> <span class='ocrx_word' id='word_1_165' title='bbox 1369 2491 1449 2554; x_wconf 89' lang='lat' dir='ltr'><strong>per-</strong></span> 
     </span>
     <span class='ocr_line' id='line_1_21' title="bbox 216 2578 1449 2660; baseline -0.001 -17"><span class='ocrx_word' id='word_1_166' title='bbox 216 2590 344 2660; x_wconf 89' lang='lat' dir='ltr'><strong>ceptus</strong></span> <span class='ocrx_word' id='word_1_167' title='bbox 367 2591 432 2658; x_wconf 73' lang='lat' dir='ltr'><strong>est,</strong></span> <span class='ocrx_word' id='word_1_168' title='bbox 454 2597 537 2643; x_wconf 90' lang='lat' dir='ltr'><strong>nam</strong></span> <span class='ocrx_word' id='word_1_169' title='bbox 559 2578 749 2660; x_wconf 89' lang='lat' dir='ltr'><strong>aliquando</strong></span> <span class='ocrx_word' id='word_1_170' title='bbox 770 2581 899 2660; x_wconf 88' lang='lat' dir='ltr'><strong>viginti</strong></span> <span class='ocrx_word' id='word_1_171' title='bbox 928 2590 963 2642; x_wconf 93' lang='lat' dir='ltr'><strong>et</strong></span> <span class='ocrx_word' id='word_1_172' title='bbox 988 2581 1134 2660; x_wconf 82' lang='lat' dir='ltr'><strong>triginta</strong></span> <span class='ocrx_word' id='word_1_173' title='bbox 1154 2598 1199 2644; x_wconf 85' lang='lat' dir='ltr'><strong>ex</strong></span> <span class='ocrx_word' id='word_1_174' title='bbox 1223 2580 1280 2644; x_wconf 91' lang='lat' dir='ltr'><strong>his</strong></span> <span class='ocrx_word' id='word_1_175' title='bbox 1299 2578 1449 2643; x_wconf 89' lang='lat' dir='ltr'><strong>homini·</strong></span> 
     </span>
     <span class='ocr_line' id='line_1_22' title="bbox 217 2686 1448 2769; baseline 0.002 -19"><span class='ocrx_word' id='word_1_176' title='bbox 217 2688 299 2766; x_wconf 89' lang='lat' dir='ltr'><strong>bus,</strong></span> <span class='ocrx_word' id='word_1_177' title='bbox 317 2688 377 2768; x_wconf 93' lang='lat' dir='ltr'><strong>qui</strong></span> <span class='ocrx_word' id='word_1_178' title='bbox 392 2690 435 2751; x_wconf 90' lang='lat' dir='ltr'><strong>ab</strong></span> <span class='ocrx_word' id='word_1_179' title='bbox 455 2686 655 2768; x_wconf 88' lang='lat' dir='ltr'><strong>hujusmodi</strong></span> <span class='ocrx_word' id='word_1_180' title='bbox 677 2689 911 2751; x_wconf 85' lang='lat' dir='ltr'><strong>sacramentis</strong></span> <span class='ocrx_word' id='word_1_181' title='bbox 932 2688 1038 2751; x_wconf 87' lang='lat' dir='ltr'><strong>alieni</strong></span> <span class='ocrx_word' id='word_1_182' title='bbox 1058 2704 1136 2751; x_wconf 89' lang='lat' dir='ltr'><strong>esse</strong></span> <span class='ocrx_word' id='word_1_183' title='bbox 1156 2688 1379 2769; x_wconf 88' lang='lat' dir='ltr'><strong>videbantur,</strong></span> <span class='ocrx_word' id='word_1_184' title='bbox 1401 2689 1448 2752; x_wconf 87' lang='lat' dir='ltr'><strong>ad</strong></span> 
     </span>
     <span class='ocr_line' id='line_1_23' title="bbox 214 2793 1448 2875; baseline 0.001 -17"><span class='ocrx_word' id='word_1_185' title='bbox 214 2794 482 2859; x_wconf 84' lang='lat' dir='ltr'><strong>confessionem</strong></span> <span class='ocrx_word' id='word_1_186' title='bbox 506 2793 734 2873; x_wconf 90' lang='lat' dir='ltr'><strong>accedebant,</strong></span> <span class='ocrx_word' id='word_1_187' title='bbox 761 2804 795 2859; x_wconf 89' lang='lat' dir='ltr'><strong>et</strong></span> <span class='ocrx_word' id='word_1_188' title='bbox 820 2795 856 2858; x_wconf 92' lang='lat' dir='ltr'><strong>in</strong></span> <span class='ocrx_word' id='word_1_189' title='bbox 884 2793 960 2874; x_wconf 90' lang='lat' dir='ltr'><strong>ejus</strong></span> <span class='ocrx_word' id='word_1_190' title='bbox 979 2795 1260 2875; x_wconf 83' lang='lat' dir='ltr'><strong>frequentatione</strong></span> <span class='ocrx_word' id='word_1_191' title='bbox 1285 2813 1448 2875; x_wconf 88' lang='lat' dir='ltr'><strong>perseve-</strong></span> 
     </span>
     <span class='ocr_line' id='line_1_24' title="bbox 215 2900 364 2965; baseline -0.02 -1"><span class='ocrx_word' id='word_1_192' title='bbox 215 2900 364 2965; x_wconf 89' lang='lat' dir='ltr'><strong>rabant.</strong></span> 
     </span>
    </p>

    <p class='ocr_par' dir='ltr' id='par_1_5' title="bbox 214 3008 1451 3733">
     <span class='ocr_line' id='line_1_25' title="bbox 282 3008 1449 3090; baseline 0.001 -19"><span class='ocrx_word' id='word_1_193' title='bbox 282 3008 334 3071; x_wconf 89' lang='lat'><strong>25.</strong></span> <span class='ocrx_word' id='word_1_194' title='bbox 376 3008 457 3072; x_wconf 90' lang='lat' dir='ltr'><strong>Fuit</strong></span> <span class='ocrx_word' id='word_1_195' title='bbox 478 3018 595 3072; x_wconf 90' lang='lat' dir='ltr'><strong>autem</strong></span> <span class='ocrx_word' id='word_1_196' title='bbox 614 3026 692 3072; x_wconf 91' lang='lat' dir='ltr'><strong>mos</strong></span> <span class='ocrx_word' id='word_1_197' title='bbox 714 3008 879 3072; x_wconf 89' lang='lat' dir='ltr'><strong>inductus</strong></span> <span class='ocrx_word' id='word_1_198' title='bbox 901 3026 1004 3072; x_wconf 89' lang='lat' dir='ltr'><strong>mane</strong></span> <span class='ocrx_word' id='word_1_199' title='bbox 1023 3021 1059 3073; x_wconf 87' lang='lat' dir='ltr'><strong>et</strong></span> <span class='ocrx_word' id='word_1_200' title='bbox 1073 3026 1223 3090; x_wconf 87' lang='lat' dir='ltr'><strong>vespere</strong></span> <span class='ocrx_word' id='word_1_201' title='bbox 1244 3010 1386 3072; x_wconf 89' lang='lat' dir='ltr'><strong>litanias</strong></span> <span class='ocrx_word' id='word_1_202' title='bbox 1400 3008 1449 3072; x_wconf 91' lang='lat' dir='ltr'><strong>di·</strong></span> 
     </span>
     <span class='ocr_line' id='line_1_26' title="bbox 214 3114 1451 3197; baseline -0.002 -17"><span class='ocrx_word' id='word_1_203' title='bbox 214 3116 327 3180; x_wconf 84' lang='lat' dir='ltr'><strong>cendi</strong></span> <span class='ocrx_word' id='word_1_204' title='bbox 341 3117 376 3179; x_wconf 92' lang='lat' dir='ltr'><strong>in</strong></span> <span class='ocrx_word' id='word_1_205' title='bbox 392 3116 566 3192; x_wconf 88' lang='lat' dir='ltr'><strong>custodia,</strong></span> <span class='ocrx_word' id='word_1_206' title='bbox 584 3132 690 3197; x_wconf 90' lang='lat' dir='ltr'><strong>quam</strong></span> <span class='ocrx_word' id='word_1_207' title='bbox 705 3125 838 3179; x_wconf 87' lang='lat' dir='ltr'><strong>vocant</strong></span> <span class='ocrx_word' id='word_1_208' title='bbox 854 3116 979 3180; x_wconf 87' lang='lat' dir='ltr'><strong>Turris</strong></span> <span class='ocrx_word' id='word_1_209' title='bbox 993 3114 1127 3180; x_wconf 89' lang='lat' dir='ltr'><strong>Nonae:</strong></span> <span class='ocrx_word' id='word_1_210' title='bbox 1144 3117 1253 3180; x_wconf 86' lang='lat' dir='ltr'><strong>Missa</strong></span> <span class='ocrx_word' id='word_1_211' title='bbox 1268 3117 1376 3180; x_wconf 90' lang='lat' dir='ltr'><strong>etiam</strong></span> <span class='ocrx_word' id='word_1_212' title='bbox 1390 3118 1451 3180; x_wconf 90' lang='lat' dir='ltr'><strong>ali·</strong></span> 
     </span>
     <span class='ocr_line' id='line_1_27' title="bbox 214 3222 1451 3305; baseline -0.001 -18"><span class='ocrx_word' id='word_1_213' title='bbox 214 3223 364 3305; x_wconf 89' lang='lat' dir='ltr'><strong>quando</strong></span> <span class='ocrx_word' id='word_1_214' title='bbox 379 3224 426 3286; x_wconf 94' lang='lat' dir='ltr'><strong>ibi</strong></span> <span class='ocrx_word' id='word_1_215' title='bbox 441 3223 535 3286; x_wconf 89' lang='lat' dir='ltr'><strong>dicta</strong></span> <span class='ocrx_word' id='word_1_216' title='bbox 560 3223 626 3286; x_wconf 89' lang='lat' dir='ltr'><strong>luit</strong></span> <span class='ocrx_word' id='word_1_217' title='bbox 647 3232 685 3286; x_wconf 88' lang='lat' dir='ltr'><strong>ut</strong></span> <span class='ocrx_word' id='word_1_218' title='bbox 699 3222 972 3287; x_wconf 87' lang='lat' dir='ltr'><strong>Sanctissimum</strong></span> <span class='ocrx_word' id='word_1_219' title='bbox 992 3223 1261 3288; x_wconf 87' lang='lat' dir='ltr'><strong>Sacramentum</strong></span> <span class='ocrx_word' id='word_1_220' title='bbox 1275 3224 1327 3287; x_wconf 90' lang='lat' dir='ltr'><strong>eis</strong></span> <span class='ocrx_word' id='word_1_221' title='bbox 1341 3225 1451 3287; x_wconf 90' lang='lat' dir='ltr'><strong>homi·</strong></span> 
     </span>
     <span class='ocr_line' id='line_1_28' title="bbox 217 3328 1450 3412; baseline -0.001 -18"><span class='ocrx_word' id='word_1_222' title='bbox 217 3332 327 3395; x_wconf 90' lang='lat' dir='ltr'><strong>nibus</strong></span> <span class='ocrx_word' id='word_1_223' title='bbox 341 3331 674 3394; x_wconf 90' lang='lat' dir='ltr'><strong>communicaretur.</strong></span> <span class='ocrx_word' id='word_1_224' title='bbox 691 3328 774 3393; x_wconf 90' lang='lat' dir='ltr'><strong>Fuit</strong></span> <span class='ocrx_word' id='word_1_225' title='bbox 787 3331 879 3393; x_wconf 92' lang='lat' dir='ltr'><strong>inter</strong></span> <span class='ocrx_word' id='word_1_226' title='bbox 895 3330 960 3393; x_wconf 89' lang='lat' dir='ltr'><strong>hos</strong></span> <span class='ocrx_word' id='word_1_227' title='bbox 975 3330 1119 3412; x_wconf 89' lang='lat' dir='ltr'><strong>quidam</strong></span> <span class='ocrx_word' id='word_1_228' title='bbox 1138 3341 1298 3395; x_wconf 83' lang='lat' dir='ltr'><strong>extremo</strong></span> <span class='ocrx_word' id='word_1_229' title='bbox 1321 3331 1450 3411; x_wconf 89' lang='lat' dir='ltr'><strong>suppli·</strong></span> 
     </span>
     <span class='ocr_line' id='line_1_29' title="bbox 215 3437 1450 3519; baseline -0.003 -16"><span class='ocrx_word' id='word_1_230' title='bbox 215 3440 277 3504; x_wconf 89' lang='lat' dir='ltr'><strong>cio</strong></span> <span class='ocrx_word' id='word_1_231' title='bbox 293 3437 510 3516; x_wconf 65' lang='lat' dir='ltr'><strong>afficiendus</strong></span> <span class='ocrx_word' id='word_1_232' title='bbox 528 3439 586 3519; x_wconf 93' lang='lat' dir='ltr'><strong>qui</strong></span> <span class='ocrx_word' id='word_1_233' title='bbox 602 3438 777 3501; x_wconf 89' lang='lat' dir='ltr'><strong>obstinate</strong></span> <span class='ocrx_word' id='word_1_234' title='bbox 793 3438 981 3501; x_wconf 88' lang='lat' dir='ltr'><strong>recusabat</strong></span> <span class='ocrx_word' id='word_1_235' title='bbox 993 3437 1163 3515; x_wconf 88' lang='lat' dir='ltr'><strong>confiteri,</strong></span> <span class='ocrx_word' id='word_1_236' title='bbox 1180 3456 1246 3501; x_wconf 91' lang='lat' dir='ltr'><strong>nec</strong></span> <span class='ocrx_word' id='word_1_237' title='bbox 1258 3440 1450 3517; x_wconf 86' lang='lat' dir='ltr'><strong>imaginem</strong></span> 
     </span>
     <span class='ocr_line' id='line_1_30' title="bbox 216 3544 1451 3626; baseline -0.005 -15"><span class='ocrx_word' id='word_1_238' title='bbox 216 3544 392 3611; x_wconf 86' lang='lat' dir='ltr'><strong>Crucifixi</strong></span> <span class='ocrx_word' id='word_1_239' title='bbox 408 3546 527 3609; x_wconf 90' lang='lat' dir='ltr'><strong>videre</strong></span> <span class='ocrx_word' id='word_1_240' title='bbox 551 3545 706 3621; x_wconf 88' lang='lat' dir='ltr'><strong>volebat,</strong></span> <span class='ocrx_word' id='word_1_241' title='bbox 728 3546 891 3624; x_wconf 88' lang='lat' dir='ltr'><strong>quamvis</strong></span> <span class='ocrx_word' id='word_1_242' title='bbox 911 3546 971 3608; x_wconf 89' lang='lat' dir='ltr'><strong>alii</strong></span> <span class='ocrx_word' id='word_1_243' title='bbox 990 3545 1135 3625; x_wconf 89' lang='lat' dir='ltr'><strong>capitali</strong></span> <span class='ocrx_word' id='word_1_244' title='bbox 1153 3562 1267 3626; x_wconf 90' lang='lat' dir='ltr'><strong>poena</strong></span> <span class='ocrx_word' id='word_1_245' title='bbox 1281 3545 1451 3625; x_wconf 86' lang='lat' dir='ltr'><strong>puniendi</strong></span> 
     </span>
     <span class='ocr_line' id='line_1_31' title="bbox 216 3650 1450 3733; baseline -0.003 -16"><span class='ocrx_word' id='word_1_246' title='bbox 216 3653 377 3717; x_wconf 81' lang='lat' dir='ltr'><strong>confessi</strong></span> <span class='ocrx_word' id='word_1_247' title='bbox 391 3653 523 3717; x_wconf 91' lang='lat' dir='ltr'><strong>nostris</strong></span> <span class='ocrx_word' id='word_1_248' title='bbox 538 3662 665 3716; x_wconf 91' lang='lat' dir='ltr'><strong>essent.</strong></span> <span class='ocrx_word' id='word_1_249' title='bbox 687 3650 802 3717; x_wconf 89' lang='lat' dir='ltr'><strong>Semel</strong></span> <span class='ocrx_word' id='word_1_250' title='bbox 824 3668 910 3731; x_wconf 82' lang='lat' dir='ltr'><strong>crgo</strong></span> <span class='ocrx_word' id='word_1_251' title='bbox 926 3652 962 3715; x_wconf 93' lang='lat' dir='ltr'><strong>in</strong></span> <span class='ocrx_word' id='word_1_252' title='bbox 977 3651 1136 3732; x_wconf 86' lang='lat' dir='ltr'><strong>Collegio</strong></span> <span class='ocrx_word' id='word_1_253' title='bbox 1153 3670 1216 3733; x_wconf 95' lang='lat' dir='ltr'><strong>pro</strong></span> <span class='ocrx_word' id='word_1_254' title='bbox 1237 3653 1296 3715; x_wconf 92' lang='lat' dir='ltr'><strong>illo</strong></span> <span class='ocrx_word' id='word_1_255' title='bbox 1311 3661 1450 3716; x_wconf 91' lang='lat' dir='ltr'><strong>oratum</strong></span> 
     </span>
    </p>
   </div>
   <div class='ocr_carea' id='block_1_3' title="bbox 212 3854 1456 4695">
    <p class='ocr_par' dir='ltr' id='par_1_6' title="bbox 212 3854 1456 4486">
     <span class='ocr_line' id='line_1_32' title="bbox 260 3854 1450 3912; baseline 0 -11"><span class='ocrx_word' id='word_1_256' title='bbox 260 3857 271 3890; x_wconf 85' lang='lat'>¹</span> <span class='ocrx_word' id='word_1_257' title='bbox 299 3854 357 3901; x_wconf 80' lang='lat' dir='ltr'><strong>Nou</strong></span> <span class='ocrx_word' id='word_1_258' title='bbox 367 3857 483 3901; x_wconf 86' lang='lat' dir='ltr'><strong>meminit</strong></span> <span class='ocrx_word' id='word_1_259' title='bbox 493 3858 569 3909; x_wconf 77' lang='lat' dir='ltr'><strong>huius</strong></span> <span class='ocrx_word' id='word_1_260' title='bbox 579 3858 676 3911; x_wconf 79' lang='lat' dir='ltr'><strong>dialogi</strong></span> <span class='ocrx_word' id='word_1_261' title='bbox 688 3856 888 3912; x_wconf 75' lang='lat' dir='ltr'><strong>Souxaavoaau,</strong></span> <span class='ocrx_word' id='word_1_262' title='bbox 903 3868 951 3901; x_wconf 89' lang='lat' dir='ltr'><strong>nec</strong></span> <span class='ocrx_word' id='word_1_263' title='bbox 966 3858 1042 3910; x_wconf 87' lang='lat' dir='ltr'><strong>enim,</strong></span> <span class='ocrx_word' id='word_1_264' title='bbox 1052 3863 1081 3900; x_wconf 89' lang='lat' dir='ltr'><strong>ut</strong></span> <span class='ocrx_word' id='word_1_265' title='bbox 1093 3857 1201 3909; x_wconf 82' lang='lat' dir='ltr'><strong>videtur,</strong></span> <span class='ocrx_word' id='word_1_266' title='bbox 1213 3857 1239 3900; x_wconf 93' lang='lat' dir='ltr'><strong>in</strong></span> <span class='ocrx_word' id='word_1_267' title='bbox 1249 3859 1331 3900; x_wconf 88' lang='lat' dir='ltr'><strong>lucem</strong></span> <span class='ocrx_word' id='word_1_268' title='bbox 1346 3855 1450 3909; x_wconf 82' lang='lat' dir='ltr'><strong>prodiit,</strong></span> 
     </span>
     <span class='ocr_line' id='line_1_33' title="bbox 214 3928 1453 3985; baseline -0.002 -12"><span class='ocrx_word' id='word_1_269' title='bbox 214 3928 435 3984; x_wconf 82' lang='lat' dir='ltr'><strong>quemadmodum</strong></span> <span class='ocrx_word' id='word_1_270' title='bbox 445 3930 497 3983; x_wconf 89' lang='lat' dir='ltr'><strong>ille,</strong></span> <span class='ocrx_word' id='word_1_271' title='bbox 507 3931 550 3985; x_wconf 86' lang='lat' dir='ltr'><strong>qui</strong></span> <span class='ocrx_word' id='word_1_272' title='bbox 558 3930 591 3974; x_wconf 79' lang='lat' dir='ltr'><strong>de</strong></span> <span class='ocrx_word' id='word_1_273' title='bbox 599 3930 778 3974; x_wconf 81' lang='lat' dir='ltr'><strong>scientiarum</strong></span> <span class='ocrx_word' id='word_1_274' title='bbox 786 3928 927 3972; x_wconf 76' lang='lat' dir='ltr'><strong>honestate</strong></span> <span class='ocrx_word' id='word_1_275' title='bbox 934 3940 966 3973; x_wconf 86' lang='lat' dir='ltr'><strong>ac</strong></span> <span class='ocrx_word' id='word_1_276' title='bbox 977 3928 1209 3979; x_wconf 62' lang='lat' dir='ltr'><strong>satannianorum</strong></span> <span class='ocrx_word' id='word_1_277' title='bbox 1218 3928 1453 3982; x_wconf 79' lang='lat' dir='ltr'><strong>proinstauraudo·</strong></span> 
     </span>
     <span class='ocr_line' id='line_1_34' title="bbox 217 3999 1451 4056; baseline -0.001 -11"><span class='ocrx_word' id='word_1_278' title='bbox 217 4012 278 4045; x_wconf 87' lang='lat' dir='ltr'><strong>ram</strong></span> <span class='ocrx_word' id='word_1_279' title='bbox 293 3999 439 4044; x_wconf 71' lang='lat' dir='ltr'><strong>studiorum</strong></span> <span class='ocrx_word' id='word_1_280' title='bbox 454 4002 670 4056; x_wconf 62' lang='lat' dir='ltr'><strong>austriclinianus</strong></span> <span class='ocrx_word' id='word_1_281' title='bbox 685 4000 770 4044; x_wconf 87' lang='lat' dir='ltr'><strong>iuerat</strong></span> <span class='ocrx_word' id='word_1_282' title='bbox 787 4001 847 4054; x_wconf 68' lang='lat' dir='ltr'><strong>list,</strong></span> <span class='ocrx_word' id='word_1_283' title='bbox 856 4002 946 4056; x_wconf 90' lang='lat' dir='ltr'><strong>quinto</strong></span> <span class='ocrx_word' id='word_1_284' title='bbox 961 4000 1017 4045; x_wconf 84' lang='lat' dir='ltr'><strong>Cal.</strong></span> <span class='ocrx_word' id='word_1_285' title='bbox 1027 4000 1160 4054; x_wconf 84' lang='lat' dir='ltr'><strong>Novemb.;</strong></span> <span class='ocrx_word' id='word_1_286' title='bbox 1171 4000 1220 4043; x_wconf 88' lang='lat' dir='ltr'><strong>nisi</strong></span> <span class='ocrx_word' id='word_1_287' title='bbox 1235 4000 1302 4044; x_wconf 83' lang='lat' dir='ltr'><strong>torte</strong></span> <span class='ocrx_word' id='word_1_288' title='bbox 1312 4000 1363 4043; x_wconf 87' lang='lat' dir='ltr'><strong>alio</strong></span> <span class='ocrx_word' id='word_1_289' title='bbox 1374 4001 1451 4045; x_wconf 90' lang='lat' dir='ltr'><strong>titulo</strong></span> 
     </span>
     <span class='ocr_line' id='line_1_35' title="bbox 217 4071 1451 4129; baseline 0 -14"><span class='ocrx_word' id='word_1_290' title='bbox 217 4073 362 4126; x_wconf 74' lang='lat' dir='ltr'><strong>evulgatus</strong></span> <span class='ocrx_word' id='word_1_291' title='bbox 372 4080 420 4116; x_wconf 81' lang='lat' dir='ltr'><strong>est.</strong></span> <span class='ocrx_word' id='word_1_292' title='bbox 432 4074 507 4116; x_wconf 88' lang='lat' dir='ltr'><strong>Anno</strong></span> <span class='ocrx_word' id='word_1_293' title='bbox 517 4084 622 4125; x_wconf 82' lang='lat' dir='ltr'><strong>uoxcrx,</strong></span> <span class='ocrx_word' id='word_1_294' title='bbox 638 4072 753 4116; x_wconf 79' lang='lat' dir='ltr'><strong>Turboni</strong></span> <span class='ocrx_word' id='word_1_295' title='bbox 768 4073 837 4129; x_wconf 79' lang='lat' dir='ltr'><strong>typis</strong></span> <span class='ocrx_word' id='word_1_296' title='bbox 854 4073 978 4116; x_wconf 85' lang='lat' dir='ltr'><strong>mandata</strong></span> <span class='ocrx_word' id='word_1_297' title='bbox 992 4078 1052 4116; x_wconf 81' lang='lat' dir='ltr'><strong>sunt</strong></span> <span class='ocrx_word' id='word_1_298' title='bbox 1067 4073 1143 4115; x_wconf 82' lang='lat' dir='ltr'><strong>varia</strong></span> <span class='ocrx_word' id='word_1_299' title='bbox 1158 4076 1279 4125; x_wconf 65' lang='lat' dir='ltr'><strong>poemata</strong></span> <span class='ocrx_word' id='word_1_300' title='bbox 1293 4071 1389 4127; x_wconf 82' lang='lat' dir='ltr'><strong>Fruaii,</strong></span> <span class='ocrx_word' id='word_1_301' title='bbox 1401 4082 1451 4115; x_wconf 87' lang='lat' dir='ltr'><strong>uno</strong></span> 
     </span>
     <span class='ocr_line' id='line_1_36' title="bbox 217 4143 1451 4199; baseline 0.002 -15"><span class='ocrx_word' id='word_1_302' title='bbox 217 4144 352 4188; x_wconf 80' lang='lat' dir='ltr'><strong>volumine</strong></span> <span class='ocrx_word' id='word_1_303' title='bbox 361 4146 555 4199; x_wconf 83' lang='lat' dir='ltr'><strong>comprehensa:</strong></span> <span class='ocrx_word' id='word_1_304' title='bbox 562 4144 771 4199; x_wconf 76' lang='lat' dir='ltr'><strong>Epigrammata</strong></span> <span class='ocrx_word' id='word_1_305' title='bbox 781 4145 808 4187; x_wconf 89' lang='lat' dir='ltr'><strong>in</strong></span> <span class='ocrx_word' id='word_1_306' title='bbox 817 4144 909 4187; x_wconf 81' lang='lat' dir='ltr'><strong>haeret</strong></span> <span class='ocrx_word' id='word_1_307' title='bbox 913 4143 1213 4198; x_wconf 58' lang='lat' dir='ltr'><strong>iana-Epigrammata</strong></span> <span class='ocrx_word' id='word_1_308' title='bbox 1221 4143 1372 4197; x_wconf 65' lang='lat' dir='ltr'><strong>sacrm-de</strong></span> <span class='ocrx_word' id='word_1_309' title='bbox 1377 4144 1451 4197; x_wconf 68' lang='lat' dir='ltr'><strong>Agna</strong></span> 
     </span>
     <span class='ocr_line' id='line_1_37' title="bbox 215 4214 1452 4270; baseline 0.001 -11"><span class='ocrx_word' id='word_1_310' title='bbox 215 4214 287 4269; x_wconf 69' lang='grc' dir='ltr'><strong>Μ,-</strong></span> <span class='ocrx_word' id='word_1_311' title='bbox 296 4215 364 4269; x_wconf 81' lang='lat' dir='ltr'><strong>qnod</strong></span> <span class='ocrx_word' id='word_1_312' title='bbox 374 4226 479 4260; x_wconf 83' lang='lat' dir='ltr'><strong>carmen</strong></span> <span class='ocrx_word' id='word_1_313' title='bbox 490 4215 515 4260; x_wconf 91' lang='lat' dir='ltr'><strong>in</strong></span> <span class='ocrx_word' id='word_1_314' title='bbox 525 4218 578 4261; x_wconf 86' lang='lat' dir='ltr'><strong>alia</strong></span> <span class='ocrx_word' id='word_1_315' title='bbox 589 4217 714 4260; x_wconf 87' lang='lat' dir='ltr'><strong>idiomata</strong></span> <span class='ocrx_word' id='word_1_316' title='bbox 728 4218 884 4260; x_wconf 79' lang='lat' dir='ltr'><strong>translatum</strong></span> <span class='ocrx_word' id='word_1_317' title='bbox 894 4227 994 4270; x_wconf 86' lang='lat' dir='ltr'><strong>quoqne</strong></span> <span class='ocrx_word' id='word_1_318' title='bbox 1008 4216 1120 4269; x_wconf 59' lang='lat' dir='ltr'><strong>esu-de</strong></span> <span class='ocrx_word' id='word_1_319' title='bbox 1132 4216 1275 4269; x_wconf 76' lang='lat' dir='ltr'><strong>praesenti</strong></span> <span class='ocrx_word' id='word_1_320' title='bbox 1285 4215 1452 4260; x_wconf 73' lang='lat' dir='ltr'><strong>christianae</strong></span> 
     </span>
     <span class='ocr_line' id='line_1_38' title="bbox 212 4287 1452 4343; baseline -0.002 -11"><span class='ocrx_word' id='word_1_321' title='bbox 212 4287 365 4340; x_wconf 75' lang='lat' dir='ltr'><strong>religionis</strong></span> <span class='ocrx_word' id='word_1_322' title='bbox 378 4288 604 4342; x_wconf 82' lang='lat' dir='ltr'><strong>caianritate,-de</strong></span> <span class='ocrx_word' id='word_1_323' title='bbox 613 4289 791 4343; x_wconf 80' lang='lat' dir='ltr'><strong>sirrrpiiciiaie</strong></span> <span class='ocrx_word' id='word_1_324' title='bbox 802 4288 1015 4338; x_wconf 66' lang='lat' dir='ltr'><strong>christiana-et</strong></span> <span class='ocrx_word' id='word_1_325' title='bbox 1026 4288 1093 4342; x_wconf 86' lang='lat' dir='ltr'><strong>quod</strong></span> <span class='ocrx_word' id='word_1_326' title='bbox 1104 4298 1183 4340; x_wconf 83' lang='lat' dir='ltr'><strong>supra</strong></span> <span class='ocrx_word' id='word_1_327' title='bbox 1194 4288 1402 4340; x_wconf 78' lang='lat' dir='ltr'><strong>memoravimus,</strong></span> <span class='ocrx_word' id='word_1_328' title='bbox 1418 4288 1452 4330; x_wconf 80' lang='lat' dir='ltr'><strong>de</strong></span> 
     </span>
     <span class='ocr_line' id='line_1_39' title="bbox 215 4359 1452 4415; baseline 0 -12"><span class='ocrx_word' id='word_1_329' title='bbox 215 4360 402 4404; x_wconf 76' lang='lat' dir='ltr'><strong>scientiarum</strong></span> <span class='ocrx_word' id='word_1_330' title='bbox 412 4360 550 4405; x_wconf 79' lang='lat' dir='ltr'><strong>honestate</strong></span> <span class='ocrx_word' id='word_1_331' title='bbox 561 4372 593 4405; x_wconf 88' lang='lat' dir='ltr'><strong>ac</strong></span> <span class='ocrx_word' id='word_1_332' title='bbox 603 4360 729 4404; x_wconf 83' lang='lat' dir='ltr'><strong>utilitate.</strong></span> <span class='ocrx_word' id='word_1_333' title='bbox 747 4360 947 4412; x_wconf 76' lang='lat' dir='ltr'><strong>Souuaavooat..</strong></span> <span class='ocrx_word' id='word_1_334' title='bbox 959 4359 1145 4414; x_wconf 77' lang='lat' dir='ltr'><strong>Bibitoihiqne</strong></span> <span class='ocrx_word' id='word_1_335' title='bbox 1159 4360 1192 4403; x_wconf 83' lang='lat' dir='ltr'><strong>de</strong></span> <span class='ocrx_word' id='word_1_336' title='bbox 1208 4360 1235 4403; x_wconf 91' lang='lat' dir='ltr'><strong>ia</strong></span> <span class='ocrx_word' id='word_1_337' title='bbox 1247 4360 1409 4415; x_wconf 70' lang='lat' dir='ltr'><strong>campagnia</strong></span> <span class='ocrx_word' id='word_1_338' title='bbox 1419 4366 1452 4403; x_wconf 81' lang='lat' dir='ltr'><strong>ae</strong></span> 
     </span>
     <span class='ocr_line' id='line_1_40' title="bbox 213 4426 1456 4486; baseline 0 -11"><span class='ocrx_word' id='word_1_339' title='bbox 213 4430 314 4486; x_wconf 74' lang='lat' dir='ltr'><strong>Jtsus,</strong></span> <span class='ocrx_word' id='word_1_340' title='bbox 324 4437 342 4475; x_wconf 91' lang='lat' dir='ltr'><strong>t.</strong></span> <span class='ocrx_word' id='word_1_341' title='bbox 353 4442 389 4485; x_wconf 84' lang='lat' dir='ltr'><strong>nt,</strong></span> <span class='ocrx_word' id='word_1_342' title='bbox 400 4434 448 4476; x_wconf 88' lang='lat' dir='ltr'><strong>coi.</strong></span> <span class='ocrx_word' id='word_1_343' title='bbox 460 4432 583 4477; x_wconf 72' lang='lat' dir='ltr'><strong>loto-1049.</strong></span> <span class='ocrx_word' id='word_1_344' title='bbox 1453 4426 1456 4432; x_wconf 86' lang='lat'>&#39;</span> 
     </span>
    </p>

    <p class='ocr_par' dir='ltr' id='par_1_7' title="bbox 213 4501 1453 4695">
     <span class='ocr_line' id='line_1_41' title="bbox 260 4501 1452 4559; baseline 0.002 -13"><span class='ocrx_word' id='word_1_345' title='bbox 260 4502 272 4535; x_wconf 85' lang='lat'><strong>¹</strong></span> <span class='ocrx_word' id='word_1_346' title='bbox 303 4501 397 4559; x_wconf 86' lang='lat' dir='ltr'><strong>Supra,</strong></span> <span class='ocrx_word' id='word_1_347' title='bbox 406 4510 424 4547; x_wconf 89' lang='lat' dir='ltr'><strong>t.</strong></span> <span class='ocrx_word' id='word_1_348' title='bbox 434 4518 460 4559; x_wconf 84' lang='lat' dir='ltr'><strong>v,</strong></span> <span class='ocrx_word' id='word_1_349' title='bbox 471 4516 533 4559; x_wconf 76' lang='lat' dir='ltr'><strong>pag.</strong></span> <span class='ocrx_word' id='word_1_350' title='bbox 544 4505 612 4559; x_wconf 84' lang='lat'><strong>11-12,</strong></span> <span class='ocrx_word' id='word_1_351' title='bbox 624 4517 647 4549; x_wconf 89' lang='lat' dir='ltr'><strong>n.</strong></span> <span class='ocrx_word' id='word_1_352' title='bbox 660 4504 693 4555; x_wconf 76' lang='lat'><strong>12,</strong></span> <span class='ocrx_word' id='word_1_353' title='bbox 702 4510 788 4549; x_wconf 85' lang='lat' dir='ltr'><strong>annot.</strong></span> <span class='ocrx_word' id='word_1_354' title='bbox 802 4505 821 4557; x_wconf 92' lang='lat' dir='ltr'><strong>l,</strong></span> <span class='ocrx_word' id='word_1_355' title='bbox 833 4504 929 4547; x_wconf 85' lang='lat' dir='ltr'><strong>dicitur</strong></span> <span class='ocrx_word' id='word_1_356' title='bbox 943 4504 1046 4558; x_wconf 84' lang='lat' dir='ltr'><strong>quinam</strong></span> <span class='ocrx_word' id='word_1_357' title='bbox 1061 4503 1157 4546; x_wconf 86' lang='lat' dir='ltr'><strong>tuerint</strong></span> <span class='ocrx_word' id='word_1_358' title='bbox 1172 4503 1199 4553; x_wconf 78' lang='lat' dir='ltr'><strong>ill</strong></span> <span class='ocrx_word' id='word_1_359' title='bbox 1213 4503 1333 4547; x_wconf 79' lang='lat' dir='ltr'><strong>doctores</strong></span> <span class='ocrx_word' id='word_1_360' title='bbox 1347 4509 1374 4547; x_wconf 84' lang='lat' dir='ltr'><strong>et</strong></span> <span class='ocrx_word' id='word_1_361' title='bbox 1387 4515 1452 4559; x_wconf 85' lang='lat' dir='ltr'><strong>qaae</strong></span> 
     </span>
     <span class='ocr_line' id='line_1_42' title="bbox 213 4576 1453 4630; baseline -0.002 -7"><span class='ocrx_word' id='word_1_362' title='bbox 213 4588 313 4624; x_wconf 80' lang='lat' dir='ltr'><strong>eoram</strong></span> <span class='ocrx_word' id='word_1_363' title='bbox 323 4578 433 4622; x_wconf 82' lang='lat' dir='ltr'><strong>uomina.</strong></span> <span class='ocrx_word' id='word_1_364' title='bbox 443 4577 552 4621; x_wconf 79' lang='lat' dir='ltr'><strong>caroius</strong></span> <span class='ocrx_word' id='word_1_365' title='bbox 561 4586 649 4621; x_wconf 85' lang='lat' dir='ltr'><strong>autem</strong></span> <span class='ocrx_word' id='word_1_366' title='bbox 658 4578 689 4620; x_wconf 84' lang='lat' dir='ltr'><strong>de</strong></span> <span class='ocrx_word' id='word_1_367' title='bbox 705 4576 792 4627; x_wconf 78' lang='lat' dir='ltr'><strong>Gulae,</strong></span> <span class='ocrx_word' id='word_1_368' title='bbox 808 4576 956 4620; x_wconf 82' lang='lat' dir='ltr'><strong>cardinalia</strong></span> <span class='ocrx_word' id='word_1_369' title='bbox 969 4576 1165 4630; x_wconf 65' lang='lat' dir='ltr'><strong>Lotbaringiae,</strong></span> <span class='ocrx_word' id='word_1_370' title='bbox 1178 4576 1286 4621; x_wconf 86' lang='lat' dir='ltr'><strong>Romam</strong></span> <span class='ocrx_word' id='word_1_371' title='bbox 1299 4583 1408 4621; x_wconf 85' lang='lat' dir='ltr'><strong>venerat</strong></span> <span class='ocrx_word' id='word_1_372' title='bbox 1419 4577 1453 4622; x_wconf 85' lang='lat' dir='ltr'><strong>ad</strong></span> 
     </span>
     <span class='ocr_line' id='line_1_43' title="bbox 218 4648 602 4695; baseline -0.005 -1"><span class='ocrx_word' id='word_1_373' title='bbox 218 4650 356 4695; x_wconf 78' lang='lat' dir='ltr'><strong>Pontificir</strong></span> <span class='ocrx_word' id='word_1_374' title='bbox 365 4648 602 4694; x_wconf 76' lang='lat' dir='ltr'><strong>electionemiota.</strong></span> 
     </span>
    </p>
   </div>
   <div class='ocr_carea' id='block_1_4' title="bbox 0 0 1833 5350">
    <p class='ocr_par' dir='ltr' id='par_1_8' title="bbox 0 0 1833 5350">
     <span class='ocr_line' id='line_1_44' title="bbox 0 0 1833 5350; baseline 0 0"><span class='ocrx_word' id='word_1_375' title='bbox 0 0 1833 5350; x_wconf 95' lang='lat' dir='ltr'><strong> </strong></span> 
     </span>
    </p>
   </div>
  </div>
 </body>
</html>
