3642 5350
773 449 838 510 ΑΝ.
860 449 931 511 1556
1412 451 1463 512 611

227 601 358 666 horam
373 617 499 679 unam,
515 609 552 664 et
565 607 752 681 praeterea
767 595 901 677 aliquid
915 595 1184 662 exercitationis
1198 596 1392 662 litterariae
1406 599 1467 663 ad·

227 707 400 784 debatur,
423 723 468 770 ne
486 723 541 786 ea,
562 723 653 788 quae
672 703 885 781 didicerant,
902 702 1052 768 studiosi
1070 703 1382 784 obliviscerentur3
1402 723 1466 769 no·

227 825 391 878 strorum
406 815 516 878 etiam
531 829 635 888 cura,
651 811 745 893 quod
764 808 810 873 ad
829 808 1070 874 valetudinem
1090 809 1233 890 attinet,
1254 811 1465 892 habebatur,

229 930 270 984 et
284 921 529 1000 nihilominus,
545 921 699 1001 quinque
715 919 773 982 vel
786 934 852 981 sex
864 915 1019 981 tertiana
1032 917 1123 983 febri
1136 917 1207 982 hac
1222 927 1358 983 aestate
1371 920 1465 985 labo·

231 1036 375 1091 rarunt.

296 1133 388 1198 2635.
431 1133 614 1198 Exercitia
640 1132 840 1214 spiritualia
865 1131 1077 1213 quibusdam
1102 1131 1245 1198 fuerunt
1272 1133 1469 1216 proposita,

230 1243 328 1306 inter
352 1256 443 1322 quos
466 1240 532 1304 fuit
555 1257 647 1304 unus
671 1258 717 1304 ex
740 1239 1025 1320 provectioribus
1052 1248 1259 1304 nostrorum
1286 1241 1467 1320 studiosis,

228 1349 343 1412 immo
356 1347 416 1428 qui
429 1346 576 1427 reliquis
589 1347 760 1425 anteibat,
777 1346 837 1428 qui
851 1344 898 1408 ad
910 1343 1125 1410 Societatem
1137 1355 1297 1411 nostram
1308 1348 1466 1414 animum

231 1453 379 1535 adjecit.

296 1559 389 1626 2636.
431 1561 631 1641 Hospitale,
652 1560 712 1624 ubi
733 1575 912 1640 pauperes
927 1561 1066 1640 aegroti
1079 1559 1313 1640 curabantur,
1336 1563 1471 1643 episco-

232 1669 309 1749 pali
323 1667 456 1748 domui,
473 1685 580 1749 quam
594 1667 708 1731 nostri
722 1666 982 1745 inhabitabant,
999 1665 1157 1730 vicinum
1171 1675 1260 1746 erat;
1276 1679 1311 1732 et
1327 1669 1468 1733 cuidam

229 1793 282 1840 ex
295 1776 429 1840 nostris
444 1774 690 1840 sacerdotibus
707 1774 797 1838 haec
814 1773 881 1837 t‘uit
900 1773 1068 1854 imposita
1083 1790 1186 1853 cura,
1203 1782 1241 1837 ut
1255 1789 1318 1838 eos
1336 1775 1469 1841 invise·

237 1891 292 1946 ret
306 1894 342 1945 et
356 1881 561 1946 eorumdem
576 1881 820 1946 confessiones
833 1879 984 1946 audiret.

296 1988 388 2052 2637.
431 1988 534 2053 Alter
551 1987 736 2068 sacerdos,
753 1987 910 2052 carceris
930 2003 1017 2051 cura
1037 1996 1216 2068 suscepta,
1238 1988 1388 2068 singulis
1408 1991 1466 2056 do·

235 2097 379 2160 minicis
403 2095 527 2160 diebus
544 2096 776 2160 christianam
794 2094 997 2159 doctrinam
1014 2094 1156 2158 vinctos
1174 2094 1341 2176 docebat,
1362 2107 1398 2162 et
1423 2099 1469 2164 ad

232 2203 499 2269 consessionem
513 2203 735 2281 hortabatur;
750 2201 813 2266 sed
828 2200 923 2282 quod
937 2202 1017 2281 plus
1031 2201 1165 2280 negotii
1179 2204 1312 2266 nostris
1326 2205 1469 2271 exhibe·

235 2312 316 2389 bat,
333 2309 521 2374 multitudo
537 2317 616 2374 erat
630 2309 861 2374 incidentium
875 2309 912 2371 in
926 2308 1106 2384 morbum,
1123 2309 1160 2372 in
1174 2309 1286 2375 variis
1304 2311 1402 2376 urbis
1420 2313 1468 2376 lo·

231 2418 301 2496 cis,
317 2427 353 2481 et
367 2434 491 2481 omnes
505 2417 552 2480 ad
567 2415 765 2498 Collegium
779 2424 943 2480 nostrum
956 2414 1159 2494 mittebant,
1176 2424 1213 2478 ut
1229 2416 1470 2483 confessarios

235 2525 285 2587 ad
305 2541 344 2588 se
361 2523 559 2602 mitterent,
579 2532 613 2587 et
636 2524 682 2587 ad
706 2523 992 2588 communionem
1013 2521 1099 2602 ipsis
1120 2523 1392 2589 ministrandam
1407 2525 1470 2590 Sa·

234 2647 340 2695 crum
362 2630 456 2713 apud
478 2632 574 2713 ipsos
594 2630 769 2696 iacerent:
796 2628 979 2694 morituris
1002 2628 1111 2693 etiam
1134 2629 1415 2697 consolationem
1435 2643 1470 2697 et

235 2738 414 2803 auxilium
428 2738 682 2820 impenderent.

297 2844 389 2911 2638.
431 2844 634 2910 Minabatur
648 2845 767 2926 itaque
783 2844 942 2908 medicus
956 2845 1090 2909 nostris
1108 2845 1271 2909 omnibus
1289 2847 1468 2926 morbum;

232 2953 333 3033 qnod
346 2970 389 3017 ea
403 2953 439 3018 in
453 2953 542 3017 urbe
556 2951 757 3033 hujusmodi
771 2952 913 3016 labores
931 2962 966 3016 et
985 2952 1211 3017 incommoda
1229 2954 1375 3018 tolerari
1396 2972 1468 3019 non

235 3078 343 3145 posse
367 3060 630 3125 existimabant.
656 3059 799 3124 Accidit
822 3068 943 3123 autem
962 3068 1000 3123 ut
1020 3060 1088 3123 hoc
1113 3077 1207 3123 anno
1232 3070 1313 3141 post
1337 3060 1467 3126 festum

239 3168 324 3233 Divi
348 3167 497 3251 Joannis
521 3167 622 3231 multi
640 3166 676 3229 in
695 3165 812 3229 febres
827 3166 1000 3230 tertianas
1019 3166 1179 3247 duplices
1198 3174 1231 3230 et
1250 3166 1471 3247 periculosas

239 3276 454 3353 inciderent,
478 3274 672 3355 exquibus
696 3272 804 3353 aliqui
829 3272 1084 3353 moriebantur,
1105 3272 1260 3338 sednon
1280 3284 1471 3356 propterea

233 3383 351 3447 nostri
367 3382 412 3446 ab
427 3397 551 3445 eorum
565 3380 699 3445 auxilio
711 3379 913 3457 cessabant;
926 3380 1091 3460 quamvis
1102 3378 1166 3443 Dr.
1179 3378 1321 3445 Salmas
1331 3380 1471 3448 difficile

234 3506 320 3553 esse
335 3488 556 3553 existimaret
575 3487 816 3568 professorum
835 3487 939 3550 simul
960 3496 995 3550 et
1015 3487 1252 3567 collegialium
1267 3497 1302 3551 et
1321 3490 1471 3554 novitio·

236 3614 317 3661 rum
331 3596 528 3660 ministeria
542 3594 579 3658 in
593 3612 636 3659 eo
651 3594 810 3673 Collegio
829 3594 990 3657 exerceri
1004 3611 1011 3673 ;
1037 3611 1121 3657 nam
1135 3612 1180 3659 ex
1200 3594 1256 3658 his
1275 3595 1389 3659 tribus
1409 3597 1469 3660 ho·

240 3703 374 3768 minum
389 3703 563 3768 classibus
578 3702 705 3766 domus
719 3702 778 3764 illa
794 3701 997 3765 constabat:
1013 3701 1117 3766 facile
1129 3712 1248 3765 autem
1262 3702 1298 3765 in
1312 3712 1472 3783 tempore

237 3808 441 3890 hujusmodi
455 3809 660 3873 morborum
674 3790 822 3871 affectis
837 3808 971 3871 civium
991 3808 1097 3871 etiam
1116 3808 1368 3889 primariorum
1383 3826 1472 3889 erga

236 3916 456 3982 Societatem
477 3917 662 3998 apparuit;
687 3932 772 3979 nam
792 3915 901 3979 etiam
922 3914 988 3994 illi,
1011 3916 1072 3995 qui
1091 3914 1127 3978 in
1146 3915 1227 3979 aliis
1246 3917 1473 3981 monasteriis

236 4025 480 4089 confessarios
500 4024 696 4102 habebant,
719 4022 924 4088 imminente
938 4022 1097 4103 periculo
1113 4040 1158 4086 ex
1178 4022 1313 4103 morbo,
1335 4023 1473 4089 conses-

235 4130 355 4196 sarios
376 4149 422 4195 ex
443 4143 567 4196 nostro
589 4129 750 4211 Collegio
772 4129 1011 4211 postulabant.
1039 4130 1082 4194 Et
1100 4128 1167 4194 suit
1187 4130 1280 4193 inter
1294 4130 1384 4195 alios
1398 4133 1473 4213 qui·

235 4238 334 4317 dam,
352 4239 413 4320 qui
427 4239 548 4303 statim
563 4253 717 4317 magnae
732 4236 905 4318 pecuniae
918 4238 1003 4315 vim,
1017 4235 1202 4317 cujusdam
1211 4238 1326 4301 nostri
1337 4237 1473 4303 conses-

233 4345 325 4411 sarii
337 4346 497 4425 consilio,
510 4346 676 4424 restituit,
689 4354 781 4411 etex
792 4344 993 4423 bonissuiS,
1007 4344 1101 4426 quod
1115 4345 1290 4425 reliquum
1302 4354 1391 4424 erat,
1401 4342 1474 4426 jus·

235 4452 286 4516 sit
300 4452 452 4533 restitui,
468 4462 508 4516 ut
522 4451 762 4517 conscientiae
776 4468 864 4515 suae
878 4451 1063 4515 securitati
1078 4452 1291 4517 consuleret.

299 4556 391 4622 2639.
436 4558 526 4624 Cum
540 4568 661 4623 antem
680 4558 895 4623 existimatio
915 4558 1097 4622 hominum
1117 4557 1160 4621 de
1180 4556 1360 4623 Societate
1374 4568 1476 4625 tanta

236 4674 348 4745 esset,
363 4675 403 4729 nt
417 4664 621 4746 perdifficile
635 4664 750 4728 nostri
763 4664 798 4728 ei
812 4664 1069 4745 responderent
1084 4680 1091 4744 ;
1118 4682 1189 4729 non
1205 4665 1326 4731 deerat
1349 4668 1478 4750 aliquis
