3642 5350
782 425 845 485 Au.
868 422 938 485 155⁶
1418 418 1473 481 82⁷7

242 584 308 633 suo
335 576 511 649 tempore,
545 588 630 635 vere
663 570 800 637 scilicet
832 572 1005 652 proximo.
1040 568 1333 652 Suspicabantur·
1353 575 1472 632 tamen

244 674 356 739 nostri
367 684 509 756 praeter
521 678 633 754 nives,
644 696 733 759 quas
744 678 822 743 Rex
832 678 949 759 Bungi
960 677 1172 744 obtendebat
1184 676 1230 741 ad
1240 674 1472 741 differendam

245 781 518 865 prosectionem,
549 785 683 868 aliquid
710 786 881 853 secretius
910 802 989 851 esse
1016 784 1111 867 quod
1137 783 1274 863 Regem
1301 789 1472 860 moveret,

246 889 343 970 quod
357 888 490 970 Regem
504 908 575 956 non
589 893 733 972 latebat,
745 902 780 958 et
796 903 832 959 ut
845 902 985 973 tempus
995 893 1112 974 ipsum
1123 904 1331 973 responsum
1343 889 1474 955 nostris

248 995 365 1077 daret,
386 999 646 1079 expectandum
671 1016 749 1065 esse
773 999 1101 1082 illeresponderat;
1122 999 1227 1063 etita
1250 1012 1398 1079 prorsus
1422 994 1474 1061 rei

247 1111 396 1169 eventus
423 1107 690 1187 comprobavit;
720 1108 863 1189 quidam
891 1108 984 1172 enim
1012 1124 1058 1171 ex
1090 1106 1252 1188 dynastis
1278 1103 1474 1185 majoribus

247 1212 349 1292 regni
368 1211 605 1295 Amangucbi,
622 1232 704 1279 cum
724 1216 883 1281 exercitu
907 1214 1172 1295 Amangucium
1192 1212 1351 1290 veniens,
1374 1210 1474 1291 cujus

247 1316 374 1383 domus
389 1318 464 1400 jnm
484 1321 731 1387 reaedificatae
750 1322 902 1402 fuerant,
924 1332 959 1387 et
978 1330 1091 1387 totam
1114 1338 1194 1386 eam
1213 1319 1335 1385 urbem
1358 1318 1473 1383 denuo

247 1426 374 1490 evertit
390 1444 433 1491 ac
453 1426 612 1509 diripuit,
634 1439 669 1494 et
691 1430 820 1495 multos
839 1429 1003 1511 captivos
1023 1427 1183 1505 adduxit,
1199 1436 1234 1492 et
1249 1424 1474 1507 Amangucci

247 1530 381 1613 Regem
399 1536 515 1615 (quern
530 1534 638 1617 Regis
652 1536 769 1618 Bungi
782 1537 929 1602 fratrem
943 1534 1109 1615 diximus)
1120 1553 1202 1601 cum
1213 1551 1299 1599 suae
1309 1531 1475 1597 factionis

248 1640 463 1720 primoribus
477 1643 565 1707 viris
580 1644 721 1725 occidit,
738 1653 772 1710 et
786 1660 936 1725 regnum
951 1645 1027 1726 ipse
1041 1643 1109 1709 sibi
1123 1642 1319 1709 vindicavit
1331 1639 1352 1706 ⁸.

309 1748 401 1814 3542.
443 1748 521 1817 Rex
534 1751 654 1833 itaque
669 1752 783 1833 Bungi
798 1770 891 1817 anno
906 1752 1083 1834 sequenti,
1108 1750 1202 1831 1557,
1222 1748 1419 1815 exercitum
1431 1764 1474 1811 eo

251 1856 361 1936 misit,
379 1866 418 1923 ut
431 1873 512 1923 eam
530 1860 752 1941 provinciam
770 1859 837 1925 sibi
850 1851 1057 1940 subitaret,
1077 1858 1324 1925 domusetiam
1338 1864 1474 1934 nostra,

250 1964 401 2045 quaein
428 1983 471 2030 ea
499 1966 644 2031 civitate
668 1975 760 2045 erat,
788 1985 830 2032 ac
855 1968 957 2049 situs,
979 1967 1105 2032 abillo
1128 1976 1281 2047 tyranno
1303 1964 1386 2029 data
1411 1961 1476 2027 suit

250 2070 406 2152 cuidam,
423 2082 461 2137 ut
475 2073 611 2153 aedem,
629 2092 734 2157 quam
756 2074 934 2157 pagodam
955 2083 1103 2154 vocant,
1126 2074 1248 2139 nescio
1262 2071 1364 2154 cujus
1377 2070 1474 2148 idoli,

249 2178 455 2260 conficeret;
476 2182 641 2262 quamvis
664 2184 770 2264 paulo
795 2190 875 2262 post
901 2182 1087 2247 christiani
1108 2181 1404 2262 amangucienses
1428 2177 1475 2243 ab

249 2304 304 2365 eo,
317 2288 377 2369 qui
389 2286 653 2369 Amangucium
664 2289 874 2371 subjecerat,
884 2291 991 2355 situm
1001 2290 1225 2372 praedictum
1236 2288 1474 2363 obtinuerunt,

250 2394 349 2459 etita
365 2394 402 2459 Ρ.
419 2394 549 2461 Cosmo
563 2396 690 2462 litteris
703 2396 967 2477 significarunt,
982 2406 1019 2463 et
1033 2398 1185 2480 aliquem
1196 2415 1243 2461 ex
1256 2395 1399 2473 nostris,
1415 2392 1477 2474 qui

252 2500 298 2565 ad
313 2501 455 2567 domurn
469 2502 565 2567 illam
578 2501 747 2569 Societati
761 2504 962 2570 restitutam
976 2522 1015 2570 se
1030 2502 1219 2583 conferret,
1236 2502 1474 2586 postulabant.

312 2608 404 2675 3543.
447 2609 501 2676 Ex
513 2625 555 2675 eo
569 2611 654 2692 situ,
666 2627 771 2695 quem
783 2610 820 2678 P.
834 2612 1037 2679 Baithasari
1047 2611 1151 2694 Gago
1162 2611 1278 2693 Bungi
1289 2610 1365 2675 Rex
1376 2607 1477 2673 initio

252 2716 409 2797 dederat,
425 2716 464 2782 P.
480 2718 631 2784 Cosmus
644 2720 714 2786 duo
729 2721 917 2786 charitatis
932 2738 1039 2803 opera
1055 2721 1092 2786 in
1110 2729 1291 2804 posterum
1305 2718 1381 2784 fieri
1395 2734 1477 2782 con·

252 2825 382 2889 stituit:
403 2842 487 2890 nam
500 2843 585 2908 pars
601 2829 710 2892 altera
732 2829 768 2893 in
788 2846 893 2894 usum
912 2829 1116 2894 coemeterii
1130 2827 1177 2892 ad
1189 2827 1344 2892 fidelium
1363 2825 1476 2906 sepul·

252 2939 370 2996 turam
389 2933 511 2997 relicta
533 2943 605 3013 est;
626 2935 663 2998 in
687 2937 798 3000 altera
813 2952 901 3000 vero
925 2935 1101 3019 quoddam
1122 2934 1383 3000 xenodochium
1397 2949 1477 2996 curn

252 3039 361 3120 Regis
384 3057 428 3104 ac
447 3041 580 3106 civium
602 3042 822 3123 beneplacito
842 3052 878 3108 et
899 3044 1157 3125 approbatione
1174 3041 1241 3107 suit
1262 3039 1475 3105 confectum.

251 3143 336 3227 Ejus
351 3156 468 3212 autem
487 3147 672 3230 hospitalis
693 3166 778 3231 pars
800 3150 975 3232 quaedam
991 3167 1152 3215 seorsum
1170 3149 1216 3214 ad
1237 3146 1416 3212 curandos
1430 3146 1476 3209 le·

252 3271 378 3336 prosos
402 3264 525 3318 curata
551 3253 632 3334 fuit;
658 3273 743 3321 nam
767 3255 967 3337 hujusmodi
991 3257 1173 3322 hominum
1198 3272 1349 3336 magnus
1373 3254 1409 3318 in
1434 3270 1477 3318 ea

251 3361 437 3442 provincia
452 3370 646 3443 proventus
659 3372 748 3444 crat,
766 3365 878 3428 altera
892 3382 981 3429 vero
997 3383 1080 3446 pars
1094 3364 1141 3428 ad
1154 3364 1244 3428 alios
1258 3362 1401 3427 morbos
1412 3359 1477 3424 suit

251 3468 430 3549 deputata.

312 3575 403 3640 3544.
446 3575 650 3642 Admiserat
665 3585 783 3642 autem
798 3579 835 3643 in
853 3577 1067 3644 Societatem
1081 3578 1119 3641 P.
1141 3578 1293 3644 Cosmus
1310 3573 1479 3656 juvenem

254 3682 443 3764 quemdam
457 3684 513 3763 (de
528 3701 597 3766 quo
606 3703 707 3770 ,anno
721 3687 902 3768 superiore
913 3687 1045 3751 mentio
1057 3686 1153 3751 facta
1163 3686 1188 3765 ¹)
1202 3685 1349 3762 scilicet,
1364 3682 1478 3748 Ludo·

256 3791 375 3855 vicum
389 3789 600 3872 Almeidam,
616 3793 676 3875 qui
691 3792 822 3860 donum
836 3794 1060 3858 curationum
1074 3810 1096 3857 a
1110 3793 1264 3858 Domino
1277 3799 1478 3872 acceperat,

256 3909 291 3964 et
305 3899 360 3964 bis
374 3899 531 3982 quotidie
551 3909 778 3982 aegrotantes
802 3902 963 3982 singulos
984 3902 1149 3980 curabat;
1169 3909 1204 3965 et
1221 3899 1366 3982 quidam
1381 3896 1478 3978 japo·

254 4006 374 4072 nensis
386 4006 542 4089 juvenis,
558 4008 619 4089 qui
633 4007 820 4074 Societatis
839 4018 926 4074 vota
941 4009 1122 4086 emiserat,
1144 4017 1179 4072 et
1198 4017 1368 4088 tanquam
1389 4019 1480 4069 unus

254 4133 299 4178 ex
310 4112 479 4178 fratribus
489 4117 621 4180 nostris
632 4115 841 4196 habebatur,
854 4115 979 4180 eodem
989 4115 1175 4180 charitatis
1185 4113 1300 4179 officio
1311 4112 1479 4192 iungeba-

140 4281 143 4287 .
254 4232 312 4286 tur
325 4222 361 4285 in
376 4223 436 4287 illa
450 4231 484 4287 et
497 4233 600 4288 extra
615 4223 727 4303 illam,
743 4234 778 4288 et
792 4224 931 4306 aliquas
944 4224 1192 4304 eleemosynas
1209 4220 1420 4303 quibusdam
1433 4237 1479 4283 ex

253 4331 532 4410 aegrotantibus,
548 4331 608 4412 qui
623 4331 659 4396 in
674 4331 801 4412 majori
815 4331 1029 4396 necessitate
1039 4329 1222 4395 constituti
1236 4336 1350 4407 erant,
1363 4327 1478 4392 distri·

296 4535 305 4568 ¹
334 4535 372 4580 ct.
384 4534 538 4592 onerantur,
549 4536 568 4582 1.
577 4548 609 4590 c.,
618 4537 662 4582 lib.
672 4548 727 4592 xvi,
737 4548 761 4583 n.
770 4537 804 4582 dd

254 4606 308 4722 m:
333 4605 400 4652 Vide
411 4618 503 4722 gripta,
519 4615 539 4652 t.
556 4621 581 4664 r,
597 4619 659 4664 pag.
674 4607 723 4662 ⁷21,
738 4621 762 4654 n.
777 4609 838 4664 4024
853 4620 914 4665 pag.
932 4609 983 4666 72⁶,
997 4610 1082 4665 ειη),
1097 4620 1126 4654 n·
1141 4607 1266 4654 wit-m
1281 4607 1403 4664 barton,
1419 4607 1437 4653 t.
1448 4618 1481 4661 c„

293 4687 402 4732 ΛΜ.
427 4711 433 4726 .
