<?xml version="1.0" encoding="UTF-8"?>
<!DOCTYPE html PUBLIC "-//W3C//DTD XHTML 1.0 Transitional//EN"
    "http://www.w3.org/TR/xhtml1/DTD/xhtml1-transitional.dtd">
<html xmlns="http://www.w3.org/1999/xhtml" xml:lang="en" lang="en">
 <head>
  <title>
</title>
<meta http-equiv="Content-Type" content="text/html;charset=utf-8" />
  <meta name='ocr-system' content='tesseract 3.04.00' />
  <meta name='ocr-capabilities' content='ocr_page ocr_carea ocr_par ocr_line ocrx_word'/>
</head>
<body>
  <div class='ocr_page' id='page_1' title='image "./vitaignatiiloio00polagoog_0565.png"; bbox 0 0 3642 5350; ppageno 0'>
   <div class='ocr_carea' id='block_1_1' title="bbox 786 428 1478 492">
    <p class='ocr_par' dir='ltr' id='par_1_1' title="bbox 786 428 1478 492">
     <span class='ocr_line' id='line_1_1' title="bbox 786 428 1478 492; baseline 0.006 -4"><span class='ocrx_word' id='word_1_1' title='bbox 786 428 850 488; x_wconf 83' lang='lat' dir='ltr'>Au.</span> <span class='ocrx_word' id='word_1_2' title='bbox 871 429 943 489; x_wconf 80' lang='lat' dir='ltr'>ibbo</span> <span class='ocrx_word' id='word_1_3' title='bbox 1421 432 1478 492; x_wconf 78' lang='lat' dir='ltr'>oto</span> 
     </span>
    </p>
   </div>
   <div class='ocr_carea' id='block_1_2' title="bbox 152 573 1569 4830">
    <p class='ocr_par' dir='ltr' id='par_1_2' title="bbox 244 573 1569 975">
     <span class='ocr_line' id='line_1_2' title="bbox 244 573 1477 657; baseline 0 -17"><span class='ocrx_word' id='word_1_4' title='bbox 244 591 288 640; x_wconf 91' lang='lat' dir='ltr'>ea</span> <span class='ocrx_word' id='word_1_5' title='bbox 307 576 569 656; x_wconf 88' lang='lat' dir='ltr'>proponebant;</span> <span class='ocrx_word' id='word_1_6' title='bbox 590 583 625 637; x_wconf 93' lang='lat' dir='ltr'>et</span> <span class='ocrx_word' id='word_1_7' title='bbox 644 574 827 655; x_wconf 86' lang='lat' dir='ltr'>responsis</span> <span class='ocrx_word' id='word_1_8' title='bbox 847 573 996 637; x_wconf 90' lang='lat' dir='ltr'>libenter</span> <span class='ocrx_word' id='word_1_9' title='bbox 1021 575 1310 656; x_wconf 71' lang='lat' dir='ltr'>acquiescebant,</span> <span class='ocrx_word' id='word_1_10' title='bbox 1335 584 1372 640; x_wconf 92' lang='lat' dir='ltr'>et</span> <span class='ocrx_word' id='word_1_11' title='bbox 1393 592 1477 657; x_wconf 88' lang='lat' dir='ltr'>spes</span> 
     </span>
     <span class='ocr_line' id='line_1_3' title="bbox 244 677 1569 765; baseline 0.001 -18"><span class='ocrx_word' id='word_1_12' title='bbox 244 691 322 747; x_wconf 91' lang='lat' dir='ltr'>erat</span> <span class='ocrx_word' id='word_1_13' title='bbox 337 681 493 760; x_wconf 91' lang='lat' dir='ltr'>omnino,</span> <span class='ocrx_word' id='word_1_14' title='bbox 510 681 615 761; x_wconf 89' lang='lat' dir='ltr'>quod,</span> <span class='ocrx_word' id='word_1_15' title='bbox 636 681 705 744; x_wconf 90' lang='lat' dir='ltr'>illis</span> <span class='ocrx_word' id='word_1_16' title='bbox 725 680 762 744; x_wconf 91' lang='lat' dir='ltr'>in</span> <span class='ocrx_word' id='word_1_17' title='bbox 780 677 848 744; x_wconf 86' lang='lat' dir='ltr'>tide</span> <span class='ocrx_word' id='word_1_18' title='bbox 867 679 1033 744; x_wconf 89' lang='lat' dir='ltr'>stabilitis</span> <span class='ocrx_word' id='word_1_19' title='bbox 1047 690 1082 745; x_wconf 89' lang='lat' dir='ltr'>et</span> <span class='ocrx_word' id='word_1_20' title='bbox 1095 682 1289 762; x_wconf 66' lang='lat' dir='ltr'>instructis</span> <span class='ocrx_word' id='word_1_21' title='bbox 1306 684 1367 764; x_wconf 92' lang='lat' dir='ltr'>qui</span> <span class='ocrx_word' id='word_1_22' title='bbox 1380 684 1476 765; x_wconf 91' lang='lat' dir='ltr'>apud</span> <span class='ocrx_word' id='word_1_23' title='bbox 1565 708 1569 716; x_wconf 89' lang='lat'><strong>·</strong></span> 
     </span>
     <span class='ocr_line' id='line_1_4' title="bbox 245 787 1477 870; baseline 0.001 -17"><span class='ocrx_word' id='word_1_24' title='bbox 245 790 401 870; x_wconf 89' lang='lat' dir='ltr'>reliquos</span> <span class='ocrx_word' id='word_1_25' title='bbox 425 789 461 852; x_wconf 93' lang='lat' dir='ltr'>in</span> <span class='ocrx_word' id='word_1_26' title='bbox 482 788 597 868; x_wconf 87' lang='lat' dir='ltr'>pretio</span> <span class='ocrx_word' id='word_1_27' title='bbox 616 788 793 852; x_wconf 85' lang='lat' dir='ltr'>habentur</span> <span class='ocrx_word' id='word_1_28' title='bbox 811 798 846 851; x_wconf 92' lang='lat' dir='ltr'>et</span> <span class='ocrx_word' id='word_1_29' title='bbox 865 787 999 868; x_wconf 89' lang='lat' dir='ltr'>primas</span> <span class='ocrx_word' id='word_1_30' title='bbox 1018 787 1110 852; x_wconf 92' lang='lat' dir='ltr'>inter</span> <span class='ocrx_word' id='word_1_31' title='bbox 1129 806 1190 852; x_wconf 88' lang='lat' dir='ltr'>eos</span> <span class='ocrx_word' id='word_1_32' title='bbox 1207 791 1393 870; x_wconf 82' lang='lat' dir='ltr'>gerebant,</span> <span class='ocrx_word' id='word_1_33' title='bbox 1414 791 1477 854; x_wconf 90' lang='lat' dir='ltr'>alii</span> 
     </span>
     <span class='ocr_line' id='line_1_5' title="bbox 244 893 1231 975; baseline -0.004 -15"><span class='ocrx_word' id='word_1_34' title='bbox 244 895 350 960; x_wconf 87' lang='lat' dir='ltr'>etiam</span> <span class='ocrx_word' id='word_1_35' title='bbox 365 903 484 959; x_wconf 89' lang='lat' dir='ltr'>essent</span> <span class='ocrx_word' id='word_1_36' title='bbox 498 896 535 958; x_wconf 91' lang='lat' dir='ltr'>in</span> <span class='ocrx_word' id='word_1_37' title='bbox 550 895 722 974; x_wconf 82' lang='lat' dir='ltr'>religione</span> <span class='ocrx_word' id='word_1_38' title='bbox 732 893 967 959; x_wconf 88' lang='lat' dir='ltr'>confirmandi</span> <span class='ocrx_word' id='word_1_39' title='bbox 981 903 1016 958; x_wconf 90' lang='lat' dir='ltr'>et</span> <span class='ocrx_word' id='word_1_40' title='bbox 1028 893 1231 975; x_wconf 88' lang='lat' dir='ltr'>adjuvandi.</span> 
     </span>
    </p>

    <p class='ocr_par' dir='ltr' id='par_1_3' title="bbox 243 999 1479 1830">
     <span class='ocr_line' id='line_1_6' title="bbox 305 999 1476 1080; baseline 0.002 -15"><span class='ocrx_word' id='word_1_41' title='bbox 305 999 397 1065; x_wconf 81' lang='lat'>2356.</span> <span class='ocrx_word' id='word_1_42' title='bbox 440 1000 573 1065; x_wconf 90' lang='lat' dir='ltr'>Omnes</span> <span class='ocrx_word' id='word_1_43' title='bbox 585 1009 704 1065; x_wconf 89' lang='lat' dir='ltr'>autem</span> <span class='ocrx_word' id='word_1_44' title='bbox 717 1017 849 1080; x_wconf 87' lang='lat' dir='ltr'>magno</span> <span class='ocrx_word' id='word_1_45' title='bbox 864 1000 1064 1064; x_wconf 83' lang='lat' dir='ltr'>dilectionis</span> <span class='ocrx_word' id='word_1_46' title='bbox 1078 1001 1209 1066; x_wconf 85' lang='lat' dir='ltr'>affectu</span> <span class='ocrx_word' id='word_1_47' title='bbox 1220 1002 1258 1066; x_wconf 92' lang='lat' dir='ltr'>P.</span> <span class='ocrx_word' id='word_1_48' title='bbox 1275 1001 1476 1069; x_wconf 86' lang='lat' dir='ltr'>Santander</span> 
     </span>
     <span class='ocr_line' id='line_1_7' title="bbox 245 1107 1477 1190; baseline 0.002 -17"><span class='ocrx_word' id='word_1_49' title='bbox 245 1109 561 1190; x_wconf 89' lang='lat' dir='ltr'>prosequebantur,</span> <span class='ocrx_word' id='word_1_50' title='bbox 578 1116 613 1172; x_wconf 92' lang='lat' dir='ltr'>et</span> <span class='ocrx_word' id='word_1_51' title='bbox 627 1107 658 1172; x_wconf 89' lang='lat' dir='ltr'>si</span> <span class='ocrx_word' id='word_1_52' title='bbox 673 1107 788 1188; x_wconf 91' lang='lat' dir='ltr'>ipsum</span> <span class='ocrx_word' id='word_1_53' title='bbox 802 1107 957 1171; x_wconf 89' lang='lat' dir='ltr'>retinere</span> <span class='ocrx_word' id='word_1_54' title='bbox 971 1125 1079 1189; x_wconf 91' lang='lat' dir='ltr'>penes</span> <span class='ocrx_word' id='word_1_55' title='bbox 1092 1125 1130 1172; x_wconf 92' lang='lat' dir='ltr'>se</span> <span class='ocrx_word' id='word_1_56' title='bbox 1142 1120 1298 1190; x_wconf 83' lang='lat' dir='ltr'>possent,</span> <span class='ocrx_word' id='word_1_57' title='bbox 1311 1110 1426 1175; x_wconf 91' lang='lat' dir='ltr'>bonos</span> <span class='ocrx_word' id='word_1_58' title='bbox 1436 1128 1477 1175; x_wconf 91' lang='lat' dir='ltr'>se</span> 
     </span>
     <span class='ocr_line' id='line_1_8' title="bbox 244 1213 1479 1295; baseline 0.002 -17"><span class='ocrx_word' id='word_1_59' title='bbox 244 1215 458 1280; x_wconf 87' lang='lat' dir='ltr'>christianos</span> <span class='ocrx_word' id='word_1_60' title='bbox 469 1214 607 1278; x_wconf 89' lang='lat' dir='ltr'>futuros</span> <span class='ocrx_word' id='word_1_61' title='bbox 618 1213 969 1292; x_wconf 84' lang='lat' dir='ltr'>affirmabant,immo</span> <span class='ocrx_word' id='word_1_62' title='bbox 982 1214 1019 1277; x_wconf 94' lang='lat' dir='ltr'>in</span> <span class='ocrx_word' id='word_1_63' title='bbox 1029 1214 1240 1295; x_wconf 89' lang='lat' dir='ltr'>quibusdam</span> <span class='ocrx_word' id='word_1_64' title='bbox 1251 1233 1374 1280; x_wconf 89' lang='lat' dir='ltr'>eorum</span> <span class='ocrx_word' id='word_1_65' title='bbox 1386 1218 1479 1280; x_wconf 89' lang='lat' dir='ltr'>locis</span> 
     </span>
     <span class='ocr_line' id='line_1_9' title="bbox 244 1319 1475 1403; baseline 0.001 -17"><span class='ocrx_word' id='word_1_66' title='bbox 244 1321 376 1402; x_wconf 88' lang='lat' dir='ltr'>aliquid</span> <span class='ocrx_word' id='word_1_67' title='bbox 392 1322 437 1386; x_wconf 90' lang='lat' dir='ltr'>ad</span> <span class='ocrx_word' id='word_1_68' title='bbox 451 1319 527 1401; x_wconf 82' lang='lat' dir='ltr'>eJ&#39;us</span> <span class='ocrx_word' id='word_1_69' title='bbox 540 1321 833 1385; x_wconf 84' lang='lat' dir='ltr'>sustentationem</span> <span class='ocrx_word' id='word_1_70' title='bbox 848 1319 1056 1399; x_wconf 83' lang='lat' dir='ltr'>offerebant,</span> <span class='ocrx_word' id='word_1_71' title='bbox 1073 1331 1112 1385; x_wconf 92' lang='lat' dir='ltr'>ut</span> <span class='ocrx_word' id='word_1_72' title='bbox 1131 1323 1226 1403; x_wconf 89' lang='lat' dir='ltr'>apud</span> <span class='ocrx_word' id='word_1_73' title='bbox 1240 1325 1338 1403; x_wconf 89' lang='lat' dir='ltr'>ipsos</span> <span class='ocrx_word' id='word_1_74' title='bbox 1357 1340 1475 1388; x_wconf 87' lang='lat' dir='ltr'>mane·</span> 
     </span>
     <span class='ocr_line' id='line_1_10' title="bbox 243 1427 1476 1510; baseline 0.001 -17"><span class='ocrx_word' id='word_1_75' title='bbox 243 1437 309 1508; x_wconf 86' lang='lat' dir='ltr'>ret;</span> <span class='ocrx_word' id='word_1_76' title='bbox 325 1429 420 1510; x_wconf 90' lang='lat' dir='ltr'>quod</span> <span class='ocrx_word' id='word_1_77' title='bbox 434 1428 576 1508; x_wconf 88' lang='lat' dir='ltr'>signum</span> <span class='ocrx_word' id='word_1_78' title='bbox 591 1436 669 1492; x_wconf 91' lang='lat' dir='ltr'>erat</span> <span class='ocrx_word' id='word_1_79' title='bbox 683 1445 754 1491; x_wconf 90' lang='lat' dir='ltr'>non</span> <span class='ocrx_word' id='word_1_80' title='bbox 769 1428 845 1491; x_wconf 91' lang='lat' dir='ltr'>sine</span> <span class='ocrx_word' id='word_1_81' title='bbox 860 1427 979 1492; x_wconf 84' lang='lat' dir='ltr'>fructu</span> <span class='ocrx_word' id='word_1_82' title='bbox 996 1429 1144 1492; x_wconf 92' lang='lat' dir='ltr'>verbum</span> <span class='ocrx_word' id='word_1_83' title='bbox 1163 1429 1232 1494; x_wconf 93' lang='lat' dir='ltr'>Dei</span> <span class='ocrx_word' id='word_1_84' title='bbox 1251 1431 1320 1494; x_wconf 90' lang='lat' dir='ltr'>illis</span> <span class='ocrx_word' id='word_1_85' title='bbox 1338 1431 1476 1510; x_wconf 91' lang='lat' dir='ltr'>praedi·</span> 
     </span>
     <span class='ocr_line' id='line_1_11' title="bbox 243 1535 1476 1616; baseline 0.001 -15"><span class='ocrx_word' id='word_1_86' title='bbox 243 1545 363 1602; x_wconf 88' lang='lat' dir='ltr'>catum</span> <span class='ocrx_word' id='word_1_87' title='bbox 377 1535 497 1614; x_wconf 75' lang='lat' dir='ltr'>fuisse,</span> <span class='ocrx_word' id='word_1_88' title='bbox 514 1544 548 1598; x_wconf 93' lang='lat' dir='ltr'>et</span> <span class='ocrx_word' id='word_1_89' title='bbox 563 1553 635 1600; x_wconf 93' lang='lat' dir='ltr'>non</span> <span class='ocrx_word' id='word_1_90' title='bbox 649 1535 754 1616; x_wconf 91' lang='lat' dir='ltr'>parvi</span> <span class='ocrx_word' id='word_1_91' title='bbox 770 1535 836 1599; x_wconf 89' lang='lat' dir='ltr'>hoc</span> <span class='ocrx_word' id='word_1_92' title='bbox 853 1536 968 1616; x_wconf 91' lang='lat' dir='ltr'>ipsum</span> <span class='ocrx_word' id='word_1_93' title='bbox 983 1536 1099 1614; x_wconf 87' lang='lat' dir='ltr'>fiebat,</span> <span class='ocrx_word' id='word_1_94' title='bbox 1113 1553 1195 1601; x_wconf 91' lang='lat' dir='ltr'>cum</span> <span class='ocrx_word' id='word_1_95' title='bbox 1206 1537 1250 1600; x_wconf 92' lang='lat' dir='ltr'>de</span> <span class='ocrx_word' id='word_1_96' title='bbox 1261 1537 1403 1602; x_wconf 90' lang='lat' dir='ltr'>illorum</span> <span class='ocrx_word' id='word_1_97' title='bbox 1413 1537 1476 1602; x_wconf 90' lang='lat' dir='ltr'>ho·</span> 
     </span>
     <span class='ocr_line' id='line_1_12' title="bbox 244 1642 1476 1726; baseline 0.002 -20"><span class='ocrx_word' id='word_1_98' title='bbox 244 1642 378 1706; x_wconf 89' lang='lat' dir='ltr'>minum</span> <span class='ocrx_word' id='word_1_99' title='bbox 391 1659 479 1706; x_wconf 88' lang='lat' dir='ltr'>vera</span> <span class='ocrx_word' id='word_1_100' title='bbox 495 1642 666 1721; x_wconf 78' lang='lat' dir='ltr'>religione</span> <span class='ocrx_word' id='word_1_101' title='bbox 681 1658 723 1704; x_wconf 91' lang='lat' dir='ltr'>ac</span> <span class='ocrx_word' id='word_1_102' title='bbox 735 1643 809 1706; x_wconf 92' lang='lat' dir='ltr'>vita</span> <span class='ocrx_word' id='word_1_103' title='bbox 822 1642 1027 1706; x_wconf 89' lang='lat' dir='ltr'>christianis</span> <span class='ocrx_word' id='word_1_104' title='bbox 1038 1642 1158 1722; x_wconf 88' lang='lat' dir='ltr'>digna,</span> <span class='ocrx_word' id='word_1_105' title='bbox 1172 1643 1246 1707; x_wconf 89' lang='lat' dir='ltr'>fere</span> <span class='ocrx_word' id='word_1_106' title='bbox 1257 1661 1383 1721; x_wconf 88' lang='lat' dir='ltr'>omnes</span> <span class='ocrx_word' id='word_1_107' title='bbox 1393 1662 1476 1726; x_wconf 91' lang='lat' dir='ltr'>pro·</span> 
     </span>
     <span class='ocr_line' id='line_1_13' title="bbox 244 1747 652 1830; baseline -0.007 -17"><span class='ocrx_word' id='word_1_108' title='bbox 244 1749 433 1830; x_wconf 89' lang='lat' dir='ltr'>pemodum</span> <span class='ocrx_word' id='word_1_109' title='bbox 444 1747 652 1813; x_wconf 87' lang='lat' dir='ltr'>diffiderent.</span> 
     </span>
    </p>

    <p class='ocr_par' dir='ltr' id='par_1_4' title="bbox 240 1840 1475 3421">
     <span class='ocr_line' id='line_1_14' title="bbox 304 1840 1475 1944; baseline 0.003 -25"><span class='ocrx_word' id='word_1_110' title='bbox 304 1855 394 1919; x_wconf 84' lang='lat'>2357.</span> <span class='ocrx_word' id='word_1_111' title='bbox 435 1855 546 1919; x_wconf 89' lang='lat' dir='ltr'>Erant</span> <span class='ocrx_word' id='word_1_112' title='bbox 561 1865 680 1918; x_wconf 90' lang='lat' dir='ltr'>autem</span> <span class='ocrx_word' id='word_1_113' title='bbox 696 1857 732 1920; x_wconf 93' lang='lat' dir='ltr'>in</span> <span class='ocrx_word' id='word_1_114' title='bbox 747 1855 932 1936; x_wconf 85' lang='lat' dir='ltr'>Aragonia</span> <span class='ocrx_word' id='word_1_115' title='bbox 944 1840 1000 1944; x_wconf 51' lang='lat'>{¹5-</span> <span class='ocrx_word' id='word_1_116' title='bbox 1010 1857 1194 1922; x_wconf 90' lang='lat' dir='ltr'>hominum</span> <span class='ocrx_word' id='word_1_117' title='bbox 1204 1867 1239 1922; x_wconf 93' lang='lat' dir='ltr'>et</span> <span class='ocrx_word' id='word_1_118' title='bbox 1254 1875 1296 1922; x_wconf 92' lang='lat' dir='ltr'>eo</span> <span class='ocrx_word' id='word_1_119' title='bbox 1309 1859 1475 1940; x_wconf 88' lang='lat' dir='ltr'>amplius,</span> 
     </span>
     <span class='ocr_line' id='line_1_15' title="bbox 245 1962 1475 2045; baseline 0.007 -21"><span class='ocrx_word' id='word_1_120' title='bbox 245 1979 336 2044; x_wconf 91' lang='lat' dir='ltr'>quos</span> <span class='ocrx_word' id='word_1_121' title='bbox 351 1979 454 2026; x_wconf 92' lang='lat' dir='ltr'>nemo</span> <span class='ocrx_word' id='word_1_122' title='bbox 470 1963 697 2026; x_wconf 89' lang='lat' dir='ltr'>instruendos</span> <span class='ocrx_word' id='word_1_123' title='bbox 712 1973 747 2027; x_wconf 93' lang='lat' dir='ltr'>et</span> <span class='ocrx_word' id='word_1_124' title='bbox 763 1962 943 2044; x_wconf 89' lang='lat' dir='ltr'>juvandos</span> <span class='ocrx_word' id='word_1_125' title='bbox 957 1965 994 2027; x_wconf 90' lang='lat' dir='ltr'>in</span> <span class='ocrx_word' id='word_1_126' title='bbox 1015 1965 1257 2045; x_wconf 88' lang='lat' dir='ltr'>spiritualibus</span> <span class='ocrx_word' id='word_1_127' title='bbox 1278 1966 1387 2030; x_wconf 91' lang='lat' dir='ltr'>rebus</span> <span class='ocrx_word' id='word_1_128' title='bbox 1399 1984 1475 2032; x_wconf 91' lang='lat' dir='ltr'>sus-</span> 
     </span>
     <span class='ocr_line' id='line_1_16' title="bbox 245 2070 1475 2156; baseline 0.006 -24"><span class='ocrx_word' id='word_1_129' title='bbox 245 2079 405 2150; x_wconf 84' lang='lat' dir='ltr'>ceperat,</span> <span class='ocrx_word' id='word_1_130' title='bbox 432 2087 514 2132; x_wconf 91' lang='lat' dir='ltr'>cum</span> <span class='ocrx_word' id='word_1_131' title='bbox 533 2087 599 2132; x_wconf 92' lang='lat' dir='ltr'>nec</span> <span class='ocrx_word' id='word_1_132' title='bbox 619 2071 833 2150; x_wconf 84' lang='lat' dir='ltr'>temporales</span> <span class='ocrx_word' id='word_1_133' title='bbox 852 2071 1010 2150; x_wconf 92' lang='lat' dir='ltr'>ipsorum</span> <span class='ocrx_word' id='word_1_134' title='bbox 1028 2070 1162 2136; x_wconf 89' lang='lat' dir='ltr'>domini</span> <span class='ocrx_word' id='word_1_135' title='bbox 1180 2089 1247 2138; x_wconf 89' lang='lat' dir='ltr'>nec</span> <span class='ocrx_word' id='word_1_136' title='bbox 1266 2075 1374 2137; x_wconf 92' lang='lat' dir='ltr'>etiam</span> <span class='ocrx_word' id='word_1_137' title='bbox 1393 2075 1475 2156; x_wconf 87' lang='lat' dir='ltr'>Epi-</span> 
     </span>
     <span class='ocr_line' id='line_1_17' title="bbox 244 2176 1474 2262; baseline 0.006 -23"><span class='ocrx_word' id='word_1_138' title='bbox 244 2177 344 2257; x_wconf 91' lang='lat' dir='ltr'>scopi</span> <span class='ocrx_word' id='word_1_139' title='bbox 359 2193 397 2240; x_wconf 90' lang='lat' dir='ltr'>se</span> <span class='ocrx_word' id='word_1_140' title='bbox 412 2177 523 2239; x_wconf 92' lang='lat' dir='ltr'>teneri</span> <span class='ocrx_word' id='word_1_141' title='bbox 538 2177 583 2240; x_wconf 89' lang='lat' dir='ltr'>ad</span> <span class='ocrx_word' id='word_1_142' title='bbox 600 2177 797 2256; x_wconf 91' lang='lat' dir='ltr'>pascendas</span> <span class='ocrx_word' id='word_1_143' title='bbox 813 2176 1011 2256; x_wconf 80' lang='lat' dir='ltr'>huJusmodi</span> <span class='ocrx_word' id='word_1_144' title='bbox 1023 2179 1184 2243; x_wconf 91' lang='lat' dir='ltr'>oviculas</span> <span class='ocrx_word' id='word_1_145' title='bbox 1194 2180 1365 2262; x_wconf 86' lang='lat' dir='ltr'>dicerent;</span> <span class='ocrx_word' id='word_1_146' title='bbox 1377 2191 1412 2246; x_wconf 91' lang='lat' dir='ltr'>et</span> <span class='ocrx_word' id='word_1_147' title='bbox 1425 2183 1474 2246; x_wconf 87' lang='lat' dir='ltr'>ita</span> 
     </span>
     <span class='ocr_line' id='line_1_18' title="bbox 244 2283 1473 2366; baseline 0.007 -20"><span class='ocrx_word' id='word_1_148' title='bbox 244 2283 320 2347; x_wconf 89' lang='lat' dir='ltr'>sine</span> <span class='ocrx_word' id='word_1_149' title='bbox 336 2293 479 2366; x_wconf 87' lang='lat' dir='ltr'>pastore</span> <span class='ocrx_word' id='word_1_150' title='bbox 502 2283 682 2348; x_wconf 87' lang='lat' dir='ltr'>errabant.</span> <span class='ocrx_word' id='word_1_151' title='bbox 703 2284 742 2349; x_wconf 93' lang='lat' dir='ltr'>In</span> <span class='ocrx_word' id='word_1_152' title='bbox 762 2284 829 2347; x_wconf 92' lang='lat' dir='ltr'>hac</span> <span class='ocrx_word' id='word_1_153' title='bbox 849 2293 969 2350; x_wconf 89' lang='lat' dir='ltr'>tamen</span> <span class='ocrx_word' id='word_1_154' title='bbox 987 2303 1112 2350; x_wconf 92' lang='lat' dir='ltr'>eorum</span> <span class='ocrx_word' id='word_1_155' title='bbox 1126 2289 1336 2354; x_wconf 87' lang='lat' dir='ltr'>lustratione</span> <span class='ocrx_word' id='word_1_156' title='bbox 1355 2289 1473 2354; x_wconf 90' lang='lat' dir='ltr'>obser-</span> 
     </span>
     <span class='ocr_line' id='line_1_19' title="bbox 243 2390 1474 2476; baseline 0.006 -22"><span class='ocrx_word' id='word_1_157' title='bbox 243 2391 323 2454; x_wconf 89' lang='lat' dir='ltr'>vari</span> <span class='ocrx_word' id='word_1_158' title='bbox 342 2391 458 2471; x_wconf 90' lang='lat' dir='ltr'>potuit</span> <span class='ocrx_word' id='word_1_159' title='bbox 476 2390 568 2454; x_wconf 92' lang='lat' dir='ltr'>ratio</span> <span class='ocrx_word' id='word_1_160' title='bbox 589 2390 788 2472; x_wconf 90' lang='lat' dir='ltr'>hujusmodi</span> <span class='ocrx_word' id='word_1_161' title='bbox 809 2392 970 2456; x_wconf 91' lang='lat' dir='ltr'>homines</span> <span class='ocrx_word' id='word_1_162' title='bbox 992 2391 1158 2473; x_wconf 84' lang='lat' dir='ltr'>juvandi;</span> <span class='ocrx_word' id='word_1_163' title='bbox 1178 2405 1214 2459; x_wconf 92' lang='lat' dir='ltr'>et</span> <span class='ocrx_word' id='word_1_164' title='bbox 1234 2395 1427 2476; x_wconf 90' lang='lat' dir='ltr'>Inquisitor</span> <span class='ocrx_word' id='word_1_165' title='bbox 1451 2418 1474 2462; x_wconf 85' lang='lat' dir='ltr'>a</span> 
     </span>
     <span class='ocr_line' id='line_1_20' title="bbox 242 2497 1472 2583; baseline 0.007 -23"><span class='ocrx_word' id='word_1_166' title='bbox 242 2497 281 2561; x_wconf 88' lang='lat' dir='ltr'>P.</span> <span class='ocrx_word' id='word_1_167' title='bbox 298 2497 491 2562; x_wconf 88' lang='lat' dir='ltr'>Francisco</span> <span class='ocrx_word' id='word_1_168' title='bbox 507 2499 651 2578; x_wconf 89' lang='lat' dir='ltr'>Borgia,</span> <span class='ocrx_word' id='word_1_169' title='bbox 669 2498 934 2579; x_wconf 88' lang='lat' dir='ltr'>Commissario,</span> <span class='ocrx_word' id='word_1_170' title='bbox 952 2501 1089 2581; x_wconf 92' lang='lat' dir='ltr'>aliquos</span> <span class='ocrx_word' id='word_1_171' title='bbox 1108 2520 1153 2566; x_wconf 88' lang='lat' dir='ltr'>ex</span> <span class='ocrx_word' id='word_1_172' title='bbox 1168 2504 1302 2566; x_wconf 90' lang='lat' dir='ltr'>nostris</span> <span class='ocrx_word' id='word_1_173' title='bbox 1316 2507 1472 2583; x_wconf 93' lang='lat' dir='ltr'>postula·</span> 
     </span>
     <span class='ocr_line' id='line_1_21' title="bbox 242 2605 1473 2690; baseline 0.006 -22"><span class='ocrx_word' id='word_1_174' title='bbox 242 2605 306 2685; x_wconf 90' lang='lat' dir='ltr'>vit,</span> <span class='ocrx_word' id='word_1_175' title='bbox 322 2606 382 2688; x_wconf 92' lang='lat' dir='ltr'>qui</span> <span class='ocrx_word' id='word_1_176' title='bbox 396 2623 478 2670; x_wconf 89' lang='lat' dir='ltr'>cum</span> <span class='ocrx_word' id='word_1_177' title='bbox 492 2606 705 2670; x_wconf 90' lang='lat' dir='ltr'>auctoritate</span> <span class='ocrx_word' id='word_1_178' title='bbox 718 2607 812 2670; x_wconf 90' lang='lat' dir='ltr'>illius</span> <span class='ocrx_word' id='word_1_179' title='bbox 826 2606 1014 2671; x_wconf 90' lang='lat' dir='ltr'>tribunalis</span> <span class='ocrx_word' id='word_1_180' title='bbox 1024 2608 1107 2672; x_wconf 92' lang='lat' dir='ltr'>huic</span> <span class='ocrx_word' id='word_1_181' title='bbox 1117 2609 1177 2690; x_wconf 91' lang='lat' dir='ltr'>pio</span> <span class='ocrx_word' id='word_1_182' title='bbox 1188 2610 1333 2690; x_wconf 86' lang='lat' dir='ltr'>negotio</span> <span class='ocrx_word' id='word_1_183' title='bbox 1345 2611 1473 2677; x_wconf 90' lang='lat' dir='ltr'>darent</span> 
     </span>
     <span class='ocr_line' id='line_1_22' title="bbox 243 2712 1474 2798; baseline 0.004 -20"><span class='ocrx_word' id='word_1_184' title='bbox 243 2730 398 2797; x_wconf 90' lang='lat' dir='ltr'>operam.</span> <span class='ocrx_word' id='word_1_185' title='bbox 417 2712 527 2778; x_wconf 90' lang='lat' dir='ltr'>Simul</span> <span class='ocrx_word' id='word_1_186' title='bbox 542 2725 661 2777; x_wconf 89' lang='lat' dir='ltr'>autem</span> <span class='ocrx_word' id='word_1_187' title='bbox 676 2732 757 2779; x_wconf 92' lang='lat' dir='ltr'>cum</span> <span class='ocrx_word' id='word_1_188' title='bbox 771 2716 828 2779; x_wconf 92' lang='lat' dir='ltr'>his</span> <span class='ocrx_word' id='word_1_189' title='bbox 842 2716 946 2779; x_wconf 91' lang='lat' dir='ltr'>novis</span> <span class='ocrx_word' id='word_1_190' title='bbox 959 2717 1101 2798; x_wconf 78' lang='lat' dir='ltr'>plantiS,</span> <span class='ocrx_word' id='word_1_191' title='bbox 1118 2718 1227 2797; x_wconf 92' lang='lat' dir='ltr'>aliqui</span> <span class='ocrx_word' id='word_1_192' title='bbox 1238 2718 1346 2782; x_wconf 91' lang='lat' dir='ltr'>etiam</span> <span class='ocrx_word' id='word_1_193' title='bbox 1356 2736 1401 2782; x_wconf 83' lang='lat' dir='ltr'>ex</span> <span class='ocrx_word' id='word_1_194' title='bbox 1412 2737 1474 2783; x_wconf 91' lang='lat' dir='ltr'>ve·</span> 
     </span>
     <span class='ocr_line' id='line_1_23' title="bbox 242 2818 1474 2907; baseline 0.004 -23"><span class='ocrx_word' id='word_1_195' title='bbox 242 2822 375 2886; x_wconf 90' lang='lat' dir='ltr'>teribus</span> <span class='ocrx_word' id='word_1_196' title='bbox 390 2820 595 2884; x_wconf 87' lang='lat' dir='ltr'>christianis</span> <span class='ocrx_word' id='word_1_197' title='bbox 606 2818 835 2901; x_wconf 88' lang='lat' dir='ltr'>juvabantur,</span> <span class='ocrx_word' id='word_1_198' title='bbox 852 2822 914 2902; x_wconf 91' lang='lat' dir='ltr'>qui</span> <span class='ocrx_word' id='word_1_199' title='bbox 932 2840 1005 2886; x_wconf 90' lang='lat' dir='ltr'>non</span> <span class='ocrx_word' id='word_1_200' title='bbox 1025 2824 1252 2889; x_wconf 87' lang='lat' dir='ltr'>mediocriter</span> <span class='ocrx_word' id='word_1_201' title='bbox 1270 2834 1306 2888; x_wconf 95' lang='lat' dir='ltr'>et</span> <span class='ocrx_word' id='word_1_202' title='bbox 1324 2826 1392 2907; x_wconf 90' lang='lat' dir='ltr'>ipsi</span> <span class='ocrx_word' id='word_1_203' title='bbox 1413 2844 1474 2889; x_wconf 89' lang='lat' dir='ltr'>au·</span> 
     </span>
     <span class='ocr_line' id='line_1_24' title="bbox 242 2928 1474 3011; baseline 0.004 -20"><span class='ocrx_word' id='word_1_204' title='bbox 242 2928 327 2992; x_wconf 89' lang='lat' dir='ltr'>xilio</span> <span class='ocrx_word' id='word_1_205' title='bbox 342 2928 560 3008; x_wconf 85' lang='lat' dir='ltr'>indigebant,</span> <span class='ocrx_word' id='word_1_206' title='bbox 577 2938 611 2990; x_wconf 92' lang='lat' dir='ltr'>et</span> <span class='ocrx_word' id='word_1_207' title='bbox 627 2928 735 3009; x_wconf 89' lang='lat' dir='ltr'>aliqui</span> <span class='ocrx_word' id='word_1_208' title='bbox 750 2945 796 2991; x_wconf 86' lang='lat' dir='ltr'>ex</span> <span class='ocrx_word' id='word_1_209' title='bbox 811 2929 862 2992; x_wconf 91' lang='lat' dir='ltr'>eis</span> <span class='ocrx_word' id='word_1_210' title='bbox 876 2929 1024 2993; x_wconf 85' lang='lat' dir='ltr'>admixti</span> <span class='ocrx_word' id='word_1_211' title='bbox 1041 2932 1228 3011; x_wconf 88' lang='lat' dir='ltr'>neophytis</span> <span class='ocrx_word' id='word_1_212' title='bbox 1247 2932 1283 2994; x_wconf 94' lang='lat' dir='ltr'>in</span> <span class='ocrx_word' id='word_1_213' title='bbox 1298 2932 1387 2996; x_wconf 91' lang='lat' dir='ltr'>locis</span> <span class='ocrx_word' id='word_1_214' title='bbox 1402 2934 1474 2997; x_wconf 93' lang='lat' dir='ltr'>illis</span> 
     </span>
     <span class='ocr_line' id='line_1_25' title="bbox 240 3035 1474 3119; baseline 0.005 -21"><span class='ocrx_word' id='word_1_215' title='bbox 240 3035 425 3113; x_wconf 85' lang='lat' dir='ltr'>vivebant,</span> <span class='ocrx_word' id='word_1_216' title='bbox 453 3044 487 3099; x_wconf 91' lang='lat' dir='ltr'>et</span> <span class='ocrx_word' id='word_1_217' title='bbox 512 3035 727 3099; x_wconf 89' lang='lat' dir='ltr'>christianae</span> <span class='ocrx_word' id='word_1_218' title='bbox 753 3035 937 3100; x_wconf 91' lang='lat' dir='ltr'>doctrinae</span> <span class='ocrx_word' id='word_1_219' title='bbox 955 3038 1188 3117; x_wconf 87' lang='lat' dir='ltr'>explicandae</span> <span class='ocrx_word' id='word_1_220' title='bbox 1208 3041 1415 3119; x_wconf 89' lang='lat' dir='ltr'>intererant,</span> <span class='ocrx_word' id='word_1_221' title='bbox 1437 3050 1474 3105; x_wconf 92' lang='lat' dir='ltr'>et</span> 
     </span>
     <span class='ocr_line' id='line_1_26' title="bbox 240 3132 1474 3225; baseline 0.005 -20"><span class='ocrx_word' id='word_1_222' title='bbox 240 3141 355 3206; x_wconf 89' lang='lat' dir='ltr'>eidem</span> <span class='ocrx_word' id='word_1_223' title='bbox 369 3139 467 3205; x_wconf 88' lang='lat' dir='ltr'>Patri</span> <span class='ocrx_word' id='word_1_224' title='bbox 481 3140 750 3219; x_wconf 87' lang='lat' dir='ltr'>confitebantur,</span> <span class='ocrx_word' id='word_1_225' title='bbox 766 3152 801 3206; x_wconf 92' lang='lat' dir='ltr'>et</span> <span class='ocrx_word' id='word_1_226' title='bbox 816 3152 890 3205; x_wconf 91' lang='lat' dir='ltr'>tam</span> <span class='ocrx_word' id='word_1_227' title='bbox 909 3160 956 3206; x_wconf 85' lang='lat' dir='ltr'>ex</span> <span class='ocrx_word' id='word_1_228' title='bbox 976 3144 1156 3209; x_wconf 90' lang='lat' dir='ltr'>veteribus</span> <span class='ocrx_word' id='word_1_229' title='bbox 1176 3163 1284 3225; x_wconf 90' lang='lat' dir='ltr'>quam</span> <span class='ocrx_word' id='word_1_230' title='bbox 1302 3164 1349 3209; x_wconf 83' lang='lat' dir='ltr'>ex</span> <span class='ocrx_word' id='word_1_231' title='bbox 1368 3132 1474 3211; x_wconf 75' lang='lat' dir='ltr'>n&#39;ovis</span> 
     </span>
     <span class='ocr_line' id='line_1_27' title="bbox 240 3249 1473 3333; baseline 0.006 -21"><span class='ocrx_word' id='word_1_232' title='bbox 240 3249 446 3313; x_wconf 89' lang='lat' dir='ltr'>christianis</span> <span class='ocrx_word' id='word_1_233' title='bbox 460 3249 648 3313; x_wconf 88' lang='lat' dir='ltr'>abeuntem</span> <span class='ocrx_word' id='word_1_234' title='bbox 663 3250 708 3313; x_wconf 91' lang='lat' dir='ltr'>ad</span> <span class='ocrx_word' id='word_1_235' title='bbox 723 3250 793 3312; x_wconf 90' lang='lat' dir='ltr'>alia</span> <span class='ocrx_word' id='word_1_236' title='bbox 809 3252 887 3313; x_wconf 88' lang='lat' dir='ltr'>loca</span> <span class='ocrx_word' id='word_1_237' title='bbox 902 3252 1154 3332; x_wconf 88' lang='lat' dir='ltr'>sequebantur,</span> <span class='ocrx_word' id='word_1_238' title='bbox 1166 3263 1205 3316; x_wconf 90' lang='lat' dir='ltr'>ut</span> <span class='ocrx_word' id='word_1_239' title='bbox 1220 3251 1378 3333; x_wconf 88' lang='lat' dir='ltr'>ejusdem</span> <span class='ocrx_word' id='word_1_240' title='bbox 1390 3270 1473 3319; x_wconf 90' lang='lat' dir='ltr'>con·</span> 
     </span>
     <span class='ocr_line' id='line_1_28' title="bbox 241 3354 1010 3421; baseline -0.001 -2"><span class='ocrx_word' id='word_1_241' title='bbox 241 3356 401 3419; x_wconf 84' lang='lat' dir='ltr'>cionibns</span> <span class='ocrx_word' id='word_1_242' title='bbox 416 3372 459 3418; x_wconf 92' lang='lat' dir='ltr'>ac</span> <span class='ocrx_word' id='word_1_243' title='bbox 473 3355 635 3419; x_wconf 88' lang='lat' dir='ltr'>doctrina</span> <span class='ocrx_word' id='word_1_244' title='bbox 650 3354 782 3420; x_wconf 90' lang='lat' dir='ltr'>diutius</span> <span class='ocrx_word' id='word_1_245' title='bbox 796 3356 1010 3421; x_wconf 79' lang='lat' dir='ltr'>fruerentur.</span> 
     </span>
    </p>

    <p class='ocr_par' dir='ltr' id='par_1_5' title="bbox 152 3460 1475 4169">
     <span class='ocr_line' id='line_1_29' title="bbox 301 3460 1472 3542; baseline 0.005 -17"><span class='ocrx_word' id='word_1_246' title='bbox 301 3460 393 3525; x_wconf 83' lang='lat'>2358.</span> <span class='ocrx_word' id='word_1_247' title='bbox 437 3462 610 3542; x_wconf 89' lang='lat' dir='ltr'>Quamvis</span> <span class='ocrx_word' id='word_1_248' title='bbox 625 3464 719 3527; x_wconf 83' lang='lat' dir='ltr'>eninr</span> <span class='ocrx_word' id='word_1_249' title='bbox 734 3464 769 3527; x_wconf 93' lang='lat' dir='ltr'>in</span> <span class='ocrx_word' id='word_1_250' title='bbox 785 3464 923 3528; x_wconf 91' lang='lat' dir='ltr'>itineris</span> <span class='ocrx_word' id='word_1_251' title='bbox 937 3464 1058 3529; x_wconf 86' lang='lat' dir='ltr'>labore</span> <span class='ocrx_word' id='word_1_252' title='bbox 1073 3466 1111 3530; x_wconf 90' lang='lat' dir='ltr'>P.</span> <span class='ocrx_word' id='word_1_253' title='bbox 1132 3465 1333 3531; x_wconf 89' lang='lat' dir='ltr'>Santander</span> <span class='ocrx_word' id='word_1_254' title='bbox 1352 3485 1472 3531; x_wconf 90' lang='lat' dir='ltr'>versa·</span> 
     </span>
     <span class='ocr_line' id='line_1_30' title="bbox 240 3571 1475 3652; baseline 0.006 -21"><span class='ocrx_word' id='word_1_255' title='bbox 240 3578 351 3648; x_wconf 90' lang='lat' dir='ltr'>retur,</span> <span class='ocrx_word' id='word_1_256' title='bbox 368 3586 438 3632; x_wconf 91' lang='lat' dir='ltr'>non</span> <span class='ocrx_word' id='word_1_257' title='bbox 451 3580 640 3649; x_wconf 88' lang='lat' dir='ltr'>propterea</span> <span class='ocrx_word' id='word_1_258' title='bbox 655 3571 847 3635; x_wconf 90' lang='lat' dir='ltr'>conciones</span> <span class='ocrx_word' id='word_1_259' title='bbox 863 3580 924 3635; x_wconf 86' lang='lat' dir='ltr'>aut</span> <span class='ocrx_word' id='word_1_260' title='bbox 939 3574 1192 3637; x_wconf 89' lang='lat' dir='ltr'>catechismum</span> <span class='ocrx_word' id='word_1_261' title='bbox 1214 3574 1415 3652; x_wconf 77' lang='lat' dir='ltr'>omittebat,</span> <span class='ocrx_word' id='word_1_262' title='bbox 1439 3586 1475 3639; x_wconf 91' lang='lat' dir='ltr'>et</span> 
     </span>
     <span class='ocr_line' id='line_1_31' title="bbox 242 3673 1474 3762; baseline 0.004 -24"><span class='ocrx_word' id='word_1_263' title='bbox 242 3676 293 3738; x_wconf 91' lang='lat' dir='ltr'>ita</span> <span class='ocrx_word' id='word_1_264' title='bbox 318 3673 394 3755; x_wconf 77' lang='lat' dir='ltr'>eJus</span> <span class='ocrx_word' id='word_1_265' title='bbox 419 3676 578 3739; x_wconf 87' lang='lat' dir='ltr'>charitas</span> <span class='ocrx_word' id='word_1_266' title='bbox 603 3684 638 3740; x_wconf 92' lang='lat' dir='ltr'>et</span> <span class='ocrx_word' id='word_1_267' title='bbox 657 3678 758 3741; x_wconf 92' lang='lat' dir='ltr'>labor</span> <span class='ocrx_word' id='word_1_268' title='bbox 778 3679 926 3742; x_wconf 88' lang='lat' dir='ltr'>multum</span> <span class='ocrx_word' id='word_1_269' title='bbox 947 3678 1202 3743; x_wconf 86' lang='lat' dir='ltr'>aedificationis</span> <span class='ocrx_word' id='word_1_270' title='bbox 1216 3680 1420 3762; x_wconf 89' lang='lat' dir='ltr'>inquisitori</span> <span class='ocrx_word' id='word_1_271' title='bbox 1439 3692 1474 3743; x_wconf 92' lang='lat' dir='ltr'>et</span> 
     </span>
     <span class='ocr_line' id='line_1_32' title="bbox 243 3780 1474 3863; baseline 0.005 -18"><span class='ocrx_word' id='word_1_272' title='bbox 243 3780 320 3862; x_wconf 78' lang='lat' dir='ltr'>eJus</span> <span class='ocrx_word' id='word_1_273' title='bbox 333 3782 489 3846; x_wconf 86' lang='lat' dir='ltr'>familiae</span> <span class='ocrx_word' id='word_1_274' title='bbox 503 3782 680 3863; x_wconf 88' lang='lat' dir='ltr'>praebuit;</span> <span class='ocrx_word' id='word_1_275' title='bbox 697 3794 731 3847; x_wconf 91' lang='lat' dir='ltr'>et</span> <span class='ocrx_word' id='word_1_276' title='bbox 746 3793 859 3849; x_wconf 91' lang='lat' dir='ltr'>totum</span> <span class='ocrx_word' id='word_1_277' title='bbox 873 3786 942 3849; x_wconf 93' lang='lat' dir='ltr'>hoc</span> <span class='ocrx_word' id='word_1_278' title='bbox 957 3786 1192 3851; x_wconf 90' lang='lat' dir='ltr'>ministerium</span> <span class='ocrx_word' id='word_1_279' title='bbox 1206 3786 1252 3850; x_wconf 89' lang='lat' dir='ltr'>ad</span> <span class='ocrx_word' id='word_1_280' title='bbox 1267 3788 1399 3851; x_wconf 89' lang='lat' dir='ltr'>bonam</span> <span class='ocrx_word' id='word_1_281' title='bbox 1414 3804 1474 3851; x_wconf 84' lang='lat' dir='ltr'>ex·</span> 
     </span>
     <span class='ocr_line' id='line_1_33' title="bbox 152 3889 1475 3975; baseline 0.006 -25"><span class='ocrx_word' id='word_1_282' title='bbox 152 3908 155 3918; x_wconf 93' lang='lat'>·</span> <span class='ocrx_word' id='word_1_283' title='bbox 244 3890 496 3953; x_wconf 89' lang='lat' dir='ltr'>istimationem</span> <span class='ocrx_word' id='word_1_284' title='bbox 522 3889 710 3955; x_wconf 90' lang='lat' dir='ltr'>Societatis</span> <span class='ocrx_word' id='word_1_285' title='bbox 735 3909 799 3972; x_wconf 92' lang='lat' dir='ltr'>per</span> <span class='ocrx_word' id='word_1_286' title='bbox 822 3909 974 3973; x_wconf 91' lang='lat' dir='ltr'>regnum</span> <span class='ocrx_word' id='word_1_287' title='bbox 992 3892 1200 3973; x_wconf 88' lang='lat' dir='ltr'>Aragoniae</span> <span class='ocrx_word' id='word_1_288' title='bbox 1221 3894 1475 3975; x_wconf 86' lang='lat' dir='ltr'>spargendam,</span> 
     </span>
     <span class='ocr_line' id='line_1_34' title="bbox 240 3997 1475 4081; baseline 0.003 -20"><span class='ocrx_word' id='word_1_289' title='bbox 240 4014 348 4079; x_wconf 89' lang='lat' dir='ltr'>quam</span> <span class='ocrx_word' id='word_1_290' title='bbox 360 3998 537 4061; x_wconf 89' lang='lat' dir='ltr'>laeserant</span> <span class='ocrx_word' id='word_1_291' title='bbox 548 3997 848 4063; x_wconf 88' lang='lat' dir='ltr'>contradictiones</span> <span class='ocrx_word' id='word_1_292' title='bbox 857 4010 891 4063; x_wconf 91' lang='lat' dir='ltr'>et</span> <span class='ocrx_word' id='word_1_293' title='bbox 903 4000 1102 4064; x_wconf 88' lang='lat' dir='ltr'>calumniae</span> <span class='ocrx_word' id='word_1_294' title='bbox 1111 4002 1314 4081; x_wconf 90' lang='lat' dir='ltr'>multorum,</span> <span class='ocrx_word' id='word_1_295' title='bbox 1325 4003 1475 4065; x_wconf 89' lang='lat' dir='ltr'>multum</span> 
     </span>
     <span class='ocr_line' id='line_1_35' title="bbox 240 4104 402 4169; baseline -0.019 0"><span class='ocrx_word' id='word_1_296' title='bbox 240 4104 402 4169; x_wconf 90' lang='lat' dir='ltr'>contulit.</span> 
     </span>
    </p>

    <p class='ocr_par' dir='ltr' id='par_1_6' title="bbox 238 4211 1489 4721">
     <span class='ocr_line' id='line_1_36' title="bbox 299 4211 1489 4297; baseline 0.005 -22"><span class='ocrx_word' id='word_1_297' title='bbox 299 4212 392 4275; x_wconf 80' lang='lat'>2359.</span> <span class='ocrx_word' id='word_1_298' title='bbox 436 4211 590 4292; x_wconf 89' lang='lat' dir='ltr'>Quidam</span> <span class='ocrx_word' id='word_1_299' title='bbox 605 4230 650 4276; x_wconf 85' lang='lat' dir='ltr'>ex</span> <span class='ocrx_word' id='word_1_300' title='bbox 665 4212 910 4277; x_wconf 88' lang='lat' dir='ltr'>sacerdotibus</span> <span class='ocrx_word' id='word_1_301' title='bbox 925 4214 1031 4296; x_wconf 87' lang='lat' dir='ltr'>hujus</span> <span class='ocrx_word' id='word_1_302' title='bbox 1046 4216 1207 4296; x_wconf 91' lang='lat' dir='ltr'>Collegii,</span> <span class='ocrx_word' id='word_1_303' title='bbox 1223 4215 1269 4280; x_wconf 89' lang='lat' dir='ltr'>ad</span> <span class='ocrx_word' id='word_1_304' title='bbox 1285 4215 1489 4297; x_wconf 79' lang='lat' dir='ltr'>quamdam¹</span> 
     </span>
     <span class='ocr_line' id='line_1_37' title="bbox 240 4316 1479 4403; baseline 0.006 -22"><span class='ocrx_word' id='word_1_305' title='bbox 240 4318 422 4382; x_wconf 87' lang='lat' dir='ltr'>civitatem</span> <span class='ocrx_word' id='word_1_306' title='bbox 439 4316 514 4399; x_wconf 89' lang='lat' dir='ltr'>ejus</span> <span class='ocrx_word' id='word_1_307' title='bbox 529 4319 631 4400; x_wconf 89' lang='lat' dir='ltr'>regni</span> <span class='ocrx_word' id='word_1_308' title='bbox 651 4320 839 4400; x_wconf 89' lang='lat' dir='ltr'>aliquoties</span> <span class='ocrx_word' id='word_1_309' title='bbox 858 4322 1033 4386; x_wconf 88' lang='lat' dir='ltr'>instanter</span> <span class='ocrx_word' id='word_1_310' title='bbox 1047 4336 1236 4403; x_wconf 90' lang='lat' dir='ltr'>evocatus,</span> <span class='ocrx_word' id='word_1_311' title='bbox 1257 4331 1293 4386; x_wconf 93' lang='lat' dir='ltr'>et</span> <span class='ocrx_word' id='word_1_312' title='bbox 1312 4339 1355 4386; x_wconf 91' lang='lat' dir='ltr'>eo</span> <span class='ocrx_word' id='word_1_313' title='bbox 1376 4340 1479 4388; x_wconf 90' lang='lat' dir='ltr'>acce-</span> 
     </span>
     <span class='ocr_line' id='line_1_38' title="bbox 238 4426 1477 4509; baseline 0.003 -19"><span class='ocrx_word' id='word_1_314' title='bbox 238 4426 338 4505; x_wconf 78' lang='lat' dir='ltr'>denS,</span> <span class='ocrx_word' id='word_1_315' title='bbox 355 4426 507 4504; x_wconf 87' lang='lat' dir='ltr'>curavit,</span> <span class='ocrx_word' id='word_1_316' title='bbox 524 4436 563 4489; x_wconf 92' lang='lat' dir='ltr'>ut</span> <span class='ocrx_word' id='word_1_317' title='bbox 577 4426 633 4489; x_wconf 88' lang='lat' dir='ltr'>vir</span> <span class='ocrx_word' id='word_1_318' title='bbox 649 4426 793 4508; x_wconf 92' lang='lat' dir='ltr'>quidam</span> <span class='ocrx_word' id='word_1_319' title='bbox 807 4428 1010 4508; x_wconf 81' lang='lat' dir='ltr'>primariuS,</span> <span class='ocrx_word' id='word_1_320' title='bbox 1028 4430 1089 4509; x_wconf 94' lang='lat' dir='ltr'>qui</span> <span class='ocrx_word' id='word_1_321' title='bbox 1104 4429 1149 4492; x_wconf 94' lang='lat' dir='ltr'>ab</span> <span class='ocrx_word' id='word_1_322' title='bbox 1164 4446 1276 4494; x_wconf 88' lang='lat' dir='ltr'>uxore</span> <span class='ocrx_word' id='word_1_323' title='bbox 1291 4431 1401 4495; x_wconf 90' lang='lat' dir='ltr'>etiam</span> <span class='ocrx_word' id='word_1_324' title='bbox 1415 4448 1477 4494; x_wconf 91' lang='lat' dir='ltr'>no·</span> 
     </span>
     <span class='ocr_line' id='line_1_39' title="bbox 238 4531 1479 4613; baseline 0.006 -19"><span class='ocrx_word' id='word_1_325' title='bbox 238 4531 299 4595; x_wconf 94' lang='lat' dir='ltr'>bili</span> <span class='ocrx_word' id='word_1_326' title='bbox 313 4540 460 4613; x_wconf 90' lang='lat' dir='ltr'>propter</span> <span class='ocrx_word' id='word_1_327' title='bbox 475 4532 691 4597; x_wconf 91' lang='lat' dir='ltr'>discordiam</span> <span class='ocrx_word' id='word_1_328' title='bbox 706 4532 890 4598; x_wconf 90' lang='lat' dir='ltr'>discedere</span> <span class='ocrx_word' id='word_1_329' title='bbox 906 4552 948 4597; x_wconf 91' lang='lat' dir='ltr'>ac</span> <span class='ocrx_word' id='word_1_330' title='bbox 963 4536 1155 4599; x_wconf 91' lang='lat' dir='ltr'>divortium</span> <span class='ocrx_word' id='word_1_331' title='bbox 1170 4536 1290 4601; x_wconf 83' lang='lat' dir='ltr'>facere</span> <span class='ocrx_word' id='word_1_332' title='bbox 1305 4555 1388 4601; x_wconf 88' lang='lat' dir='ltr'>curn</span> <span class='ocrx_word' id='word_1_333' title='bbox 1402 4556 1479 4601; x_wconf 89' lang='lat' dir='ltr'>ma·</span> 
     </span>
     <span class='ocr_line' id='line_1_40' title="bbox 239 4638 1341 4721; baseline 0.006 -19"><span class='ocrx_word' id='word_1_334' title='bbox 239 4656 312 4719; x_wconf 86' lang='lat' dir='ltr'>gna</span> <span class='ocrx_word' id='word_1_335' title='bbox 327 4638 521 4703; x_wconf 83' lang='lat' dir='ltr'>offensione</span> <span class='ocrx_word' id='word_1_336' title='bbox 535 4640 693 4704; x_wconf 90' lang='lat' dir='ltr'>civitatis</span> <span class='ocrx_word' id='word_1_337' title='bbox 709 4642 863 4721; x_wconf 85' lang='lat' dir='ltr'>volebat,</span> <span class='ocrx_word' id='word_1_338' title='bbox 880 4643 1035 4707; x_wconf 88' lang='lat' dir='ltr'>invicem</span> <span class='ocrx_word' id='word_1_339' title='bbox 1050 4644 1341 4709; x_wconf 87' lang='lat' dir='ltr'>conciliarentur.</span> 
     </span>
    </p>

    <p class='ocr_par' dir='ltr' id='par_1_7' title="bbox 391 4753 1297 4830">
     <span class='ocr_line' id='line_1_41' title="bbox 391 4753 1297 4830; baseline 0.007 -21"><span class='ocrx_word' id='word_1_340' title='bbox 391 4753 430 4811; x_wconf 89' lang='lat' dir='ltr'>T.</span> <span class='ocrx_word' id='word_1_341' title='bbox 447 4772 486 4811; x_wconf 89' lang='lat' dir='ltr'>vr.</span> <span class='ocrx_word' id='word_1_342' title='bbox 1264 4773 1297 4830; x_wconf 83' lang='lat'>35</span> 
     </span>
    </p>
   </div>
   <div class='ocr_carea' id='block_1_3' title="bbox 0 0 1826 5350">
    <p class='ocr_par' dir='ltr' id='par_1_8' title="bbox 0 0 1826 5350">
     <span class='ocr_line' id='line_1_42' title="bbox 0 0 1826 5350; baseline 0 1"><span class='ocrx_word' id='word_1_343' title='bbox 0 0 1826 5350; x_wconf 95' lang='lat' dir='ltr'> </span> 
     </span>
    </p>
   </div>
  </div>
 </body>
</html>
