3642 5350
772 394 836 454 ΑΝ.
858 392 929 453 1556
1417 392 1469 451 179

240 546 390 609 for‘mam
407 542 663 624 redigerentur,
684 540 777 623 quod
796 542 842 605 ad
857 538 1056 604 aedificium
1070 538 1206 617 attinet,
1222 539 1468 620 eleemosynas

241 650 334 716 idem
348 650 480 714 Rector
493 666 679 730 quaereas,
695 664 840 713 manum
854 646 953 728 operi
967 646 1136 711 admovit.

301 758 372 823 655.
414 757 454 821 ln
470 756 699 821 concionibus
716 771 781 835 pro
803 770 901 818 more
920 770 985 818 suo
1004 753 1098 818 idem
1112 752 1243 817 Rector
1261 769 1467 834 persevera·

243 868 315 945 bat,
331 864 495 947 quamvis
509 862 678 927 lectiones
691 860 808 943 potius
828 860 897 925 dici
918 868 1074 942 possent,
1091 861 1218 942 quibus
1231 859 1467 940 Evangelium

242 973 330 1038 Divi
343 971 512 1036 Matthaei
533 968 744 1050 explicabat.

302 1078 373 1143 656.
417 1076 687 1143 Confessionum
698 1084 816 1139 autem
831 1073 1088 1139 audiendarum
1098 1063 1289 1156 ¹occupatio
1304 1077 1469 1140 omnibus

243 1184 489 1250 sacerdotibus
507 1182 704 1247 communis
723 1190 799 1245 toto
822 1198 915 1245 anno
936 1190 1025 1259 erat,
1046 1180 1108 1245 sed
1123 1181 1158 1245 in
1173 1181 1468 1263 Quadragesima,

243 1309 325 1356 cum
340 1292 447 1355 etiam
458 1288 605 1369 jubilaei
617 1289 735 1370 gratia
751 1288 973 1364 accessisset,
996 1304 1147 1352 messem
1162 1290 1397 1369 copiosiorem
1411 1292 1471 1354 ha·

243 1399 394 1463 buerunt
409 1414 520 1477 usque
535 1395 581 1459 ad
596 1395 752 1460 omnium
767 1393 1069 1473 defatigationem.
1087 1393 1187 1460 Multi
1199 1406 1318 1461 autem
1334 1397 1469 1462 nobiles

244 1506 336 1570 inter
351 1505 450 1583 alioS,
464 1515 498 1567 et
513 1502 654 1584 quidem
675 1501 845 1582 primarii,
866 1501 998 1564 nostris
1011 1500 1165 1565 confessi
1183 1514 1267 1566 sunt
1280 1521 1361 1568 cum
1376 1507 1469 1569 serio

244 1611 426 1693 proposito
448 1610 558 1672 vitam
577 1607 749 1687 mutandi;
773 1617 807 1671 et
828 1606 901 1671 fere
924 1608 1018 1671 mille
1038 1608 1199 1673 homines
1221 1609 1364 1690 jubilaei
1385 1620 1471 1676 tem·

245 1734 332 1800 pore
347 1714 456 1781 gaam
469 1714 733 1779 Eucharistiam
748 1712 843 1777 domi
857 1722 1001 1778 nostrae
1015 1726 1258 1796 susceperunt.

305 1822 377 1888 657.
420 1822 535 1903 Aprili
549 1837 670 1885 mense
685 1818 884 1884 Cardinalis
899 1820 1132 1900 Augustanus
1148 1820 1169 1901 ¹,
1185 1821 1345 1888 Bononia
1357 1834 1470 1889 trans·

245 1932 323 1997 iens
348 1946 472 1995 versus
496 1928 735 2004 Germaniam,
759 1944 801 1991 ea
823 1927 1081 2008 significatione
1099 1930 1233 1994 amoris
1249 1942 1392 1996 nostros
1410 1951 1469 1997 ex-

247 2038 351 2119 cepit,
367 2047 405 2100 ut
423 2054 532 2100 unum
546 2035 589 2099 de
604 2032 782 2099 Societate
797 2034 947 2099 diceres.
963 2033 1094 2099 Dolere
1107 2046 1225 2101 autem
1241 2054 1281 2102 se
1302 2040 1407 2103 valde
1421 2041 1469 2104 di·

246 2145 360 2222 cebat,
374 2142 516 2225 quodP.
530 2139 680 2205 Olavem
690 2140 746 2204 sui
760 2140 897 2205 itineris
911 2142 1078 2205 comitem
1092 2160 1164 2207 non
1176 2143 1333 2224 haberet,
1350 2164 1471 2226 quam·

244 2252 302 2316 vis
317 2269 389 2315 non
411 2250 580 2315 Societati
598 2250 740 2329 culpam
760 2246 989 2327 adscriberet;
1010 2257 1045 2313 et
1060 2249 1097 2313 in
1115 2250 1193 2331 ipsa
1212 2250 1416 2333 Germania,
1433 2266 1472 2318 ut

247 2358 410 2439 superius
424 2357 588 2433 diximus,
601 2354 612 2387 ¹
624 2355 828 2435 assignatus
839 2365 892 2419 est
903 2355 936 2419 ei
950 2353 961 2386 ³
979 2356 1107 2436 aliquis
1121 2374 1166 2421 ex
1177 2360 1321 2438 nostris,
1338 2370 1375 2424 ut
1390 2379 1470 2426 enm

247 2467 284 2529 in
298 2463 427 2528 Diaeta
440 2462 651 2541 Angustana
666 2461 907 2527 comitaretur.

306 2570 377 2635 658.
422 2568 727 2651 Quemadmodum
754 2569 789 2631 in
815 2567 914 2633 festis
933 2570 1103 2634 natalitiis
1125 2581 1161 2635 et
1187 2572 1288 2636 initio
1311 2573 1472 2656 Januarii

248 2679 419 2761 mysteria
446 2677 643 2741 nativitatis
672 2675 815 2740 Domini
839 2685 874 2740 et
901 2676 1120 2741 adorationis
1147 2679 1353 2760 Magorum,
1381 2699 1473 2764 quac

247 2785 412 2850 versibus
435 2783 530 2863 Mag.
557 2781 786 2848 Sebastianus
813 2781 1066 2864 descripserat,
1091 2785 1128 2848 in
1154 2785 1313 2868 Collegio
1332 2806 1473 2870 reprae-

247 2901 388 2956 sentata
403 2890 552 2966 fuerant,
569 2889 827 2969 spectatoribus
850 2898 885 2953 et
903 2891 1233 2969 pronunciationem
1249 2904 1283 2957 et
1297 2895 1474 2961 actionem

247 3015 437 3082 puerorum
466 2996 732 3075 admirantibus,
762 2996 810 3058 ita
843 2995 1021 3060 dominica
1049 2998 1203 3078 quadam
1231 3001 1365 3082 Aprilis
1392 3014 1474 3083 post

245 3104 386 3171 Pascha
408 3104 617 3184 mysterium
635 3101 920 3174 resurrectionis,
943 3121 965 3167 a
984 3103 1205 3184 depositione
1225 3108 1388 3187 corporis
1402 3109 1472 3174 Do-

246 3212 391 3278 minida
413 3227 518 3275 cruce
538 3209 742 3274 inchoatum
756 3204 779 3282 ⁴,
800 3208 866 3273 fuit
884 3220 1201 3292 repraesentatum,
1222 3215 1317 3293 quod
1341 3217 1387 3280 ad
1401 3234 1475 3280 ma·

245 3319 342 3403 jores
356 3320 519 3400 planctus
534 3333 639 3397 quam
655 3316 692 3379 in
706 3315 762 3380 die
776 3321 919 3380 veneris
934 3318 1049 3381 sancti
1063 3318 1101 3381 in
1114 3319 1378 3399 praedicatione
1392 3323 1476 3388 Pas·
1529 3328 1532 3333 '

248 3425 359 3494 sionis
374 3424 485 3490 auditi
498 3423 649 3500 fuerant,
676 3423 863 3503 plusquam
878 3423 1101 3504 quingentos,
1117 3426 1178 3506 qui
1198 3427 1357 3508 aderant,
1380 3432 1478 3495 audi·

249 3543 346 3600 tores
360 3531 562 3618 commouit3
578 3542 613 3594 et
629 3529 784 3594 secundo
799 3529 924 3595 eadem
939 3531 1033 3595 actio
1047 3532 1207 3598 exbiberi
1229 3536 1359 3616 debuit,
1376 3555 1478 3618 prae·

250 3651 349 3706 sente
371 3637 518 3705 Vicario
538 3635 718 3718 Episcopi,
744 3635 997 3702 Universitatis
1016 3637 1166 3703 Rectore
1186 3652 1221 3705 et
1246 3643 1396 3723 publicis
1417 3663 1477 3709 va-

250 3748 386 3814 riarum
409 3746 618 3810 facultatum
643 3742 905 3824 professoribus
930 3745 1078 3826 aliisque
1103 3764 1176 3811 non
1202 3749 1344 3815 infimae
1372 3762 1477 3818 notae

250 3854 452 3919 hominibus
469 3851 492 3918 ⁵.

290 4131 300 4166 ¹
330 4131 392 4177 Otto
406 4129 547 4174 fruentem
565 4137 618 4172 von
632 4127 787 4183 waldburg,
807 4129 976 4184 Augustanus
991 4128 1137 4186 Episcopus
1152 4138 1180 4176 et
1201 4131 1357 4186 cardinalis,
1377 4135 1409 4180 de
1429 4147 1480 4192 quo

248 4215 327 4260 saepe
338 4203 453 4250 occurrit
463 4199 559 4244 meutlo
570 4199 596 4244 lu
605 4198 654 4243 ltoc
665 4198 792 4244 Chronico
801 4205 828 4244 et
839 4201 868 4244 in
880 4199 976 4244 Curias
986 4200 1019 4245 de
1029 4199 1086 4244 San
1095 4201 1214 4256 lauacro.

290 4274 302 4307 ¹
329 4273 415 4329 Supm
423 4285 448 4318 u.
457 4271 492 4316 5⁹.
503 4270 592 4326 Porro,
600 4277 628 4316 ut
639 4281 672 4316 ex
682 4271 730 4316 boc
741 4272 797 4316 loco
808 4279 921 4327 constat,
930 4271 1097 4327 “designatus
1104 4282 1144 4319 eut
1154 4275 1183 4321 Ρ.
1194 4274 1335 4333 Caninius„

291 4347 305 4381 ⁸
331 4344 437 4391 uacus.

291 4420 304 4453 Α
329 4415 376 4463 lis.
387 4418 466 4462 nubet
476 4417 614 4469 inchoan·
624 4420 651 4460 ct
661 4417 740 4462 scribi
754 4422 841 4472 potest
857 4417 1021 4473 inchoatum,
1035 4427 1064 4465 ut
1079 4432 1125 4466 not
1139 4421 1255 4475 feclmut,
1267 4424 1310 4466 vel
1320 4421 1482 4472 inchoando:

251 4491 296 4534 uel
306 4489 385 4534 etlam
395 4487 519 4533 inchoata
530 4485 673 4544 [urionej.

294 4559 306 4595 ὓ
333 4560 405 4606 Haec
415 4558 493 4604 “lette
503 4559 634 4614 spirituali
645 4558 711 4603 delle
726 4561 827 4615 eenole„
842 4562 960 4617 appellat
974 4561 1103 4609 Polancns
1117 4566 1223 4621 lltteris,
1238 4577 1272 4611 ex
1286 4577 1361 4623 cona,
1377 4567 1410 4612 ad
1425 4566 1483 4612 Pal·

253 4635 333 4680 mlum
343 4631 456 4678 datinb·
465 4629 535 4689 Mali.
