3642 5350
812 413 875 473 An.
899 414 969 472 15ὃὸ
1448 414 1505 474 555

267 558 1502 640 quadragintaannorummultiscumlacrymisconfecta.Aliusautem

268 667 339 747 qui,
356 668 505 732 mortale
520 678 707 748 peccatum
722 668 846 732 decem
856 667 914 730 vel
929 667 1117 731 duodecim
1129 683 1244 730 annos
1258 674 1407 743 texerat,
1421 682 1504 730 cum

268 773 354 838 illud
369 773 554 838 confessus
569 785 679 854 esset,
701 784 782 855 post
801 791 937 856 paucos
958 774 1034 837 dies
1050 782 1201 837 mortem
1220 772 1318 838 obiit.
1335 773 1429 836 Inter
1440 773 1503 837 ali·

271 875 360 962 quos
374 881 580 946 inimicitiae
595 883 812 964 compositae
827 883 969 946 fuerunt
984 880 1109 944 eadem
1127 881 1277 944 ratione.
1297 881 1336 944 ln
1356 896 1502 944 carcere

269 987 376 1050 etiam
391 997 426 1051 et
440 987 606 1069 hospitali
621 1005 830 1074 pauperum,
845 988 1034 1052 conciones
1049 989 1108 1052 vel
1119 987 1385 1051 exhortationes
1404 987 1503 1052 habi·

268 1101 337 1159 tae.
353 1077 504 1176 Aliquos
518 1095 625 1159 etiam
637 1093 812 1160 Dominus
827 1093 872 1158 ad
883 1095 1114 1159 consiliorum
1128 1093 1382 1175 perfectionem
1393 1094 1503 1158 etiam

267 1201 303 1266 in
318 1211 414 1267 statu
439 1204 593 1268 seculari
607 1205 732 1283 movit;
753 1203 798 1268 ad
813 1218 920 1283 quam
934 1210 969 1266 et
994 1203 1153 1267 oratione
1164 1203 1311 1266 mentali
1326 1212 1362 1266 et
1376 1218 1501 1283 corpo·

266 1308 400 1373 talibus
430 1310 538 1374 etiam
558 1311 604 1375 ad
623 1326 767 1374 carnem
788 1308 1015 1390 affligendam
1036 1310 1350 1375 exercitationibus
1366 1307 1502 1391 [perve-

266 1413 355 1497 nire]
372 1417 557 1493 curabant3
576 1435 659 1480 nam
673 1428 708 1482 et
720 1417 874 1480 cilicium
885 1417 949 1480 sub
961 1417 1119 1481 vestibus
1134 1418 1317 1482 olosericis
1327 1417 1501 1496 ferebant,

267 1531 302 1586 et
317 1521 467 1603 flagellis
481 1541 623 1606 corpus,
640 1525 804 1607 quamvis
821 1524 979 1588 exterius
991 1535 1168 1603 ornatum,
1181 1525 1418 1604 castigabant.

325 1627 417 1694 2400.
460 1630 613 1696 Fructus
627 1640 746 1696 tamen
762 1629 981 1695 christianae
996 1631 1182 1695 doctrinae
1196 1632 1287 1694 inter
1302 1632 1392 1695 alios
1409 1632 1504 1695 sorte

266 1738 400 1817 primas
415 1739 538 1818 tenuit;
555 1756 637 1803 cum
662 1756 732 1802 non
758 1738 859 1820 pueri
884 1739 1010 1816 solum,
1037 1738 1100 1802 sed
1126 1748 1162 1802 et
1179 1748 1265 1802 natu
1289 1738 1504 1818 grandiores

266 1846 470 1909 necessaria
487 1846 533 1910 ad
547 1847 697 1910 salutem
711 1847 930 1926 ignorarent.
947 1845 1037 1908 Tam
1051 1846 1122 1910 late
1134 1855 1253 1909 autem
1268 1846 1359 1910 inter
1369 1862 1501 1927 pueros

266 1968 309 2016 ea
322 1952 447 2032 patuit,
466 1961 504 2016 ut
518 1953 627 2016 etiam
638 1953 699 2033 qui
714 1953 811 2033 loqui
822 1970 893 2016 non
905 1953 995 2016 satis
1006 1951 1218 2031 didicerant,
1232 1969 1310 2016 eam
1327 1961 1499 2016 tenerent.

171 2053 174 2063 '
265 2055 377 2123 Senes
391 2059 557 2123 autemid
569 2059 809 2138 observando,
822 2059 1093 2138 erubescebant;
1110 2076 1177 2123 nec
1188 2059 1311 2123 deerat
1321 2060 1414 2123 inter
1424 2076 1498 2139 eos,

264 2167 324 2246 qui
335 2166 478 2250 diceret,
496 2168 590 2247 quod
605 2166 780 2232 Dominus
797 2167 1011 2230 visitaverat
1025 2167 1165 2247 plebem
1179 2182 1300 2246 suam,
1321 2166 1500 2248 quodque,

262 2290 372 2336 voces
404 2291 615 2355 puerorum,
646 2273 880 2338 christianam
910 2273 1112 2338 doctrinam
1141 2291 1205 2354 per
1232 2275 1392 2355 publicas
1420 2275 1503 2338 vias

262 2380 494 2462 cantantium,
511 2381 681 2446 infectum
698 2381 857 2463 peccatis
872 2382 1014 2461 magnis
1029 2390 1149 2444 aerem
1162 2390 1418 2462 purgaverant.

321 2485 412 2550 2401.
458 2487 634 2570 Captivus
648 2488 791 2569 quidam
804 2505 1030 2566 sarracenus,
1042 2505 1147 2569 quem
1161 2498 1237 2551 toto
1248 2489 1400 2553 triennio
1415 2490 1501 2551 mul·

262 2592 308 2656 tis
322 2596 612 2673 persuasionibus
630 2595 676 2658 ad
694 2594 826 2659 Christi
840 2593 945 2658 fidem
960 2593 1138 2658 adducere
1152 2612 1223 2658 non
1234 2604 1435 2676 potuerant,
1447 2596 1502 2659 sic

262 2710 380 2764 motus
404 2712 459 2766 est
484 2702 539 2767 his
564 2701 809 2781 consideratis
832 2711 871 2766 ut
893 2693 1036 2784 saepius
1057 2711 1183 2783 sponte
1197 2719 1262 2766 sua
1284 2702 1500 2783 baptismum

262 2808 338 2887 ipse
353 2810 588 2889 postulaverit
602 2819 637 2873 et
652 2817 867 2874 consecutus
881 2809 1000 2872 luerit.

321 2914 413 2980 2402.
455 2916 609 2996 Injunxit
638 2919 745 2982 etiam
772 2917 973 2998 Episcopus
1007 2917 1170 2980 omnibus
1204 2917 1374 2998 parochis
1409 2933 1499 2980 suae

261 3021 445 3099 dioecesis,
469 3033 508 3087 ut
533 3024 768 3088 christianam
799 3023 998 3087 doctrinam
1023 3040 1110 3087 suos
1133 3024 1284 3105 populos
1312 3024 1496 3102 docerent3

260 3130 423 3209 quamvis
450 3130 612 3193 homines
638 3130 682 3193 ab
709 3130 760 3193 eis
785 3130 936 3194 instituti
961 3129 1137 3210 dicebant,
1163 3132 1266 3195 aliter
1290 3130 1448 3195 Murciae
1472 3148 1495 3193 a

257 3236 390 3299 nostris
415 3254 495 3301 eam
520 3237 720 3301 doctrinam
734 3238 896 3318 proponi;
913 3238 1008 3301 etita
1023 3237 1239 3319 Episcopum
1251 3239 1437 3317 urgebant,
1454 3248 1496 3301 ut

259 3342 397 3424 aliquos
423 3361 468 3407 ex
492 3344 624 3408 nostris
650 3343 695 3407 ad
721 3362 771 3422 se,
789 3344 998 3409 catechismi
1013 3353 1048 3408 et
1067 3344 1345 3427 praedicationis
1362 3346 1495 3425 gratia,

260 3451 425 3514 mitteret.

319 3555 411 3621 2403.
454 3558 592 3639 Ubique
626 3559 734 3638 igitur
770 3560 883 3623 bonus
915 3560 1003 3624 odor
1036 3558 1224 3623 Societatis
1262 3560 1492 3623 sentiebatur.

260 3663 436 3743 Egressus
456 3676 511 3729 est
530 3674 648 3730 autem
671 3685 715 3729 ex
738 3666 1043 3755 Quadragesimae
1064 3668 1294 3731 concionibus
1317 3665 1356 3729 P.
1376 3665 1493 3746 Bapti-

260 3780 316 3835 sta
331 3788 441 3835 sanus
461 3772 618 3853 quidem,
636 3771 698 3835 sed
721 3773 826 3837 valde
848 3772 1080 3853 defatigatus:
1099 3788 1231 3851 magno
1247 3774 1354 3837 etiam
1371 3773 1495 3836 labore
1593 3844 1601 3854 ,

260 3879 469 3943 confessarii
489 3896 593 3943 suurn
612 3896 760 3961 pensum
786 3880 821 3943 in
847 3880 916 3943 hac
943 3879 1227 3961 Quadragesima
1248 3881 1490 3955 absolverunt;

258 4003 342 4049 nam
355 3987 446 4050 mira
462 3987 653 4055 devotione
671 3986 833 4051 homines
847 3987 1062 4067 serebantur,
1076 3996 1114 4051 ut
1124 3988 1256 4052 nostris
1266 4004 1331 4051 sua
1341 3996 1492 4067 peccata

254 4092 516 4158 confiterentur.

312 4197 404 4264 2404.
451 4200 669 4265 Aedificium
689 4200 814 4267 domus
829 4220 870 4265 eo
885 4219 997 4284 usque
1019 4218 1250 4283 progressum
1270 4213 1365 4280 erat,
1385 4210 1424 4265 ut
1444 4203 1491 4266 ad

249 4306 380 4371 festum
397 4306 623 4371 Pentecostes
638 4326 680 4371 eo
695 4310 811 4374 nostri
826 4310 984 4390 migrare
998 4327 1104 4391 posse
1120 4310 1339 4373 viderentur.

312 4412 402 4477 2405.
446 4413 580 4480 Crebro
596 4415 793 4497 Episcopus
813 4416 850 4480 P.
871 4417 1010 4496 ignatio
1030 4417 1209 4481 scribebat
1228 4427 1262 4482 et
1282 4416 1490 4481 avidissime

254 4538 462 4601 responsum
477 4521 552 4603 ejus
567 4525 797 4602 expectabam
818 4534 853 4587 et
871 4524 955 4604 quia
973 4522 1229 4605 subjectionem
1251 4524 1489 4605 capitulorum

253 4628 328 4691 suis
343 4628 529 4710 Episcopis
554 4648 575 4694 a
597 4630 787 4694 tridentino
806 4632 967 4695 Concilio
989 4632 1263 4712 praescriptam,
1283 4630 1415 4696 Paulus
1436 4631 1489 4695 lV
