3642 5350
753 403 817 462 Au.
839 402 908 462 1556
1410 401 1448 460 73

275 551 345 614 227.
391 549 449 614 Ad
463 551 607 614 scholas
622 551 729 614 etiam
744 550 900 634 Joannes
915 548 1074 628 ignatius
1089 566 1127 612 se
1146 548 1350 612 conserebat
1369 547 1446 610 fere

215 657 370 738 quotidie
386 666 425 720 ut
444 657 491 721 ibi
511 658 744 721 christianam
769 658 968 720 doctrinam
992 656 1215 719 scholasticis
1237 656 1444 736 explicaret,

215 782 304 846 quos
323 763 361 828 P.
388 764 536 827 Fulvius
561 765 606 827 ad
631 764 819 828 ecclesiam
844 763 1071 826 adducendos
1098 763 1249 840 curavit,
1278 773 1315 826 ut
1341 780 1446 843 quem

217 887 448 952 progressum
462 872 499 933 in
518 870 680 935 doctrina
705 871 900 934 christiana
920 869 1100 949 fecissent,
1121 870 1343 948 intelligeret,
1361 881 1396 933 et
1410 870 1447 932 in

218 979 349 1041 litaniis
374 977 533 1041 dicendis
547 995 609 1042 eos
624 987 823 1043 exerceret:
840 978 1013 1059 quasdam
1027 978 1121 1040 enim
1141 994 1222 1039 cum
1241 977 1292 1039 eis
1308 995 1447 1056 proces·

216 1086 335 1149 siones
349 1085 469 1148 iacere
483 1103 545 1161 per
560 1085 740 1166 oppidum,
757 1086 803 1149 ad
817 1085 1076 1165 implorandam
1091 1083 1234 1148 Domini
1249 1084 1447 1149 misericor-

215 1193 311 1255 diam
326 1192 362 1254 in
377 1192 639 1255 calamitatibus
655 1188 731 1271 ejus
745 1192 926 1272 temporis,
942 1191 1135 1270 cogitabat.

276 1296 347 1361 228.
390 1298 486 1361 Inter
511 1299 714 1378 praecipua,
742 1315 833 1379 quae
856 1297 1031 1362 Dominus
1055 1298 1244 1361 Leonellus
1269 1315 1291 1359 a
1315 1297 1448 1360 nostris

213 1405 439 1486 expectabat,
457 1404 662 1492 reformatio
678 1414 755 1469 erat
770 1405 1011 1469 ministrorum
1021 1404 1216 1484 hospitalis;
1234 1413 1268 1467 et
1282 1405 1333 1467 ita
1347 1403 1448 1466 sestis

215 1512 340 1576 diebus
356 1511 465 1574 Missa
480 1514 515 1575 in
531 1511 696 1592 hospitali
711 1513 890 1576 celebrata
906 1529 1027 1575 coram
1041 1511 1343 1589 confraternitate,
1356 1527 1449 1590 quae

216 1635 341 1682 curam
362 1619 549 1699 hospitalis
574 1620 739 1698 habebat,
762 1619 894 1682 eisdem
914 1619 1155 1698 congregatis
1176 1617 1373 1698 praemissa
1388 1635 1448 1681 ex·

217 1727 429 1805 hortatione,
450 1726 493 1789 de
509 1727 667 1807 ipsorum
692 1726 1001 1790 constitutionibus
1021 1726 1228 1804 disserebat,
1256 1743 1277 1788 a
1296 1742 1448 1806 quarum

215 1833 468 1898 observatione
491 1835 578 1898 satis
596 1843 828 1913 recesserant,
846 1844 880 1897 et
896 1833 1081 1914 oportebat
1096 1833 1220 1896 eodem
1238 1832 1294 1896 die
1314 1831 1448 1896 referre

215 1939 372 2004 Domino
387 1941 553 2004 Leonello
569 1959 660 2022 quae
674 1941 742 2004 hac
757 1942 793 2004 in
807 1949 908 2020 parte
924 1949 1005 2004 acta
1019 1939 1170 2004 fuerant.

276 2047 347 2110 229.
392 2047 595 2111 invisebant
610 2065 691 2111 eum
707 2046 729 2127 ¹,
756 2047 893 2111 consilii
920 2047 1059 2127 petendi
1082 2046 1211 2126 gratia,
1234 2047 1332 2110 multi
1348 2057 1385 2110 ut
1403 2048 1446 2111 de

214 2153 457 2234 spiritualibus
473 2155 576 2218 rebus
592 2171 673 2218 cum
688 2172 729 2217 eo
744 2155 981 2235 loquerentur.
998 2153 1152 2216 Domina
1167 2154 1275 2217 etiam
1294 2153 1370 2233 ejus
1386 2171 1445 2234 op·

216 2260 301 2340 pidi,
331 2277 423 2323 uxor
451 2259 595 2324 Domini
623 2261 791 2339 Leonelli,
819 2258 976 2324 secundo
1001 2277 1140 2341 quoque
1164 2261 1221 2324 die
1245 2262 1290 2324 ab
1323 2262 1447 2352 eodem

215 2367 488 2430 instructionem
512 2376 547 2430 et
571 2366 855 2430 exhortationem
878 2367 1032 2446 aliquam
1057 2366 1188 2430 habere
1211 2369 1390 2448 cupiebat;
1411 2367 1447 2430 id

213 2482 336 2536 autem
352 2474 443 2535 male
458 2473 612 2536 habebat
625 2472 663 2536 P.
680 2472 855 2552 Fulvium,
876 2473 970 2552 quod
990 2475 1035 2536 ab
1050 2474 1223 2553 omnibuS,
1245 2483 1319 2536 tam
1338 2475 1448 2538 eccle·

215 2578 370 2642 siasticis
385 2597 492 2660 quam
514 2580 766 2660 saecularibus
788 2589 822 2643 et
842 2580 950 2644 etiam
975 2581 1167 2661 religiosis
1190 2581 1319 2645 nimius
1333 2582 1448 2645 honor

214 2698 249 2749 et
264 2688 468 2750 reverentia
483 2686 720 2753 exhiberetur.

274 2790 348 2856 230.
392 2792 431 2857 In
457 2794 618 2857 custodia
644 2795 850 2859 meldulensi
866 2796 995 2860 Comes
1017 2797 1160 2878 quidam
1174 2807 1320 2878 propter
1342 2815 1447 2879 quae·

213 2898 298 2963 dam
314 2901 563 2964 conventicula
578 2902 777 2983 tenebatur;
794 2921 899 2985 quem
915 2921 995 2967 cum
1010 2905 1184 2968 allocutus
1204 2915 1299 2968 esset
1313 2903 1349 2967 P.
1367 2904 1449 2968 Ful·

215 3008 308 3083 vius,
335 3006 387 3069 sic
411 3017 646 3087 compunctus
667 3018 701 3071 et
721 3008 925 3074 humiliatus
944 3009 1020 3088 suit,
1042 3020 1081 3074 ut
1099 3011 1186 3074 nihil
1200 3010 1374 3075 Meldulae
1389 3028 1446 3073 ac·

214 3124 292 3176 tum
315 3111 354 3175 P.
371 3112 520 3178 Fulvius
539 3134 561 3177 a
580 3132 618 3179 se
639 3115 868 3196 existimaret,
891 3116 986 3197 quod
1009 3118 1099 3181 tanti
1123 3118 1293 3181 momenti
1313 3118 1359 3181 ad
1379 3116 1448 3180 Dei

213 3220 424 3300 obsequium
439 3232 544 3284 esset.

273 3326 347 3390 231.
392 3326 573 3407 Quasdam
598 3330 706 3394 etiam
731 3330 944 3409 inimicitias,
967 3349 1056 3412 quae
1075 3332 1174 3411 prius
1191 3332 1354 3411 extingui
1372 3349 1445 3396 non

217 3444 420 3514 potuerant,
436 3453 508 3499 uno
523 3438 580 3499 vel
595 3438 706 3500 altero
729 3438 902 3517 colloquio
922 3438 1064 3518 sopivit3
1090 3454 1173 3502 nam
1195 3449 1347 3527 utraque
1358 3457 1444 3519 pars

214 3558 320 3605 suum
336 3542 520 3621 negotium
534 3543 570 3605 in
585 3544 701 3624 ipsum
720 3542 852 3623 reiecit.

274 3648 349 3711 232.
393 3647 482 3713 Cum
508 3658 627 3713 autem
646 3650 879 3714 christianam
898 3652 1098 3716 doctrinam
1121 3652 1333 3732 explicabat,
1354 3651 1446 3715 filius

216 3754 361 3819 Domini
372 3754 530 3819 Leonelli
544 3766 580 3819 et
594 3756 813 3821 Faventinus
828 3758 1025 3839 Episcopus
1039 3758 1051 3791 ¹
1073 3768 1108 3821 et
1123 3760 1182 3821 alii
1197 3760 1297 3822 multi
1312 3757 1448 3823 audito·

216 3878 273 3924 res
298 3871 413 3926 erant.
440 3861 559 3927 Prima
579 3873 698 3928 autem
717 3864 774 3927 die
794 3863 877 3947 Julii
896 3866 1174 3946 processionem,
1196 3866 1240 3929 de
1259 3884 1328 3946 qua
1349 3866 1449 3946 prius

216 3968 359 4031 memini
370 3964 393 4047 ⁸,
408 3966 514 4051 [cum]
528 3970 648 4050 pueris
658 3970 852 4051 inchoavit;
866 3971 930 4034 sed
941 3972 1014 4035 iere
1026 3990 1149 4035 omnes
1157 3971 1363 4036 sacerdotes
1371 3972 1447 4052 ejus

214 4210 281 4255 tarto
295 4210 433 4255 attendere
448 4212 500 4255 alle
514 4212 617 4267 lettere,
631 4211 727 4267 perche
743 4213 777 4257 ha
791 4214 832 4257 nel
847 4214 969 4268 predicar
983 4224 1050 4267 gran
1064 4216 1171 4266 talento,
1183 4222 1208 4257 et
1219 4214 1296 4258 credo
1306 4214 1400 4259 Nostro
1411 4213 1450 4259 Sl-

214 4294 295 4337 gnore
306 4284 388 4327 molto
398 4284 574 4327 seneservtra
585 4283 610 4327 iu
619 4286 702 4329 salute
713 4284 779 4328 delle
790 4285 874 4329 anime
885 4291 912 4328 et
921 4296 968 4339 per
978 4287 1004 4328 la
1018 4292 1109 4329 nostra
1124 4284 1292 4340 eompagnta.
1310 4277 1405 4331 cartas
1414 4288 1449 4331 de

215 4353 270 4397 San
282 4354 402 4406 tgnacto,
412 4362 432 4397 t.
443 4366 478 4409 vr,
488 4366 548 4409 pac.
559 4354 610 4400 539.

257 4428 265 4458 ¹
294 4426 324 4469 P.
336 4424 457 4470 Fulvium
468 4426 634 4471 Androtlum.

254 4494 266 4529 ¹
293 4496 470 4542 'theodoricus
479 4497 566 4543 Piode
578 4496 666 4555 Carpi,
677 4498 721 4543 “ex
732 4498 879 4545 cardinatis
889 4500 1027 4556 Rodulpht,
1039 4502 1137 4556 fratris,
1148 4503 1264 4547 cesslone
1275 4505 1374 4549 electus
1385 4504 1449 4560 Epi·

133 4597 140 4617 .
214 4581 308 4625 scopus
318 4568 479 4614 Faventinus
489 4570 529 4615 dle
540 4572 658 4616 xmensls
669 4570 789 4617 Octobris
800 4572 873 4627 todi„
884 4572 1010 4627 Utinam,
1023 4576 1040 4618 l.
1051 4586 1073 4629 c,
1085 4582 1102 4621 t.
1112 4586 1138 4630 u,
1149 4576 1190 4619 col
1207 4574 1259 4619 507.

256 4642 268 4674 ὃ
295 4641 476 4697 Supra.n.227.
