3642 5350
349 368 387 426 76
809 365 938 426 Cnaou.
958 365 1034 426 Soc.
1056 366 1124 439 Jus⁴

350 531 425 594 gna
445 523 522 577 erat
544 513 753 595 frequentia,
775 515 884 596 aliqui
897 532 943 578 ex
961 512 1131 577 fratribus
1149 512 1281 576 nostris
1300 511 1435 576 crebris
1453 510 1581 574 exhor-

355 622 547 685 tationibus
573 638 615 683 ac
637 621 869 686 concionibus
890 622 936 684 ad
956 620 1168 684 modestiam
1190 628 1225 683 et
1245 619 1313 682 Dei
1334 619 1497 681 timorem
1518 634 1581 680 eos

356 745 529 791 revocare
553 728 768 792 nitebantur.
792 728 837 792 Et
860 738 933 791 tam
947 745 993 791 ex
1014 726 1239 791 sacerdotum
1261 743 1369 806 quam
1390 742 1436 787 ex
1456 740 1580 788 eorum

355 835 505 898 fratrum
520 835 698 898 laboribus
713 853 784 898 non
798 834 987 898 mediocris
1001 834 1137 898 fructus
1151 843 1339 914 perceptus
1353 842 1418 896 est.

414 939 483 1005 241.
528 940 597 1005 Sed
613 941 756 1006 etfama
771 939 877 1020 hujus
891 941 1042 1021 Collegii
1061 941 1235 1004 celebrior
1254 941 1290 1003 in
1309 940 1385 1002 dies
1403 955 1467 1019 per
1488 936 1581 1000 Mar·

355 1049 459 1112 chiae
475 1058 536 1112 aut
550 1048 671 1112 Piceni
686 1058 720 1112 et
735 1048 805 1112 alia
820 1050 899 1110 loca
914 1048 1144 1126 reddebatur;
1159 1056 1194 1111 et
1206 1048 1335 1126 ubique
1350 1061 1481 1125 magno
1492 1044 1580 1106 desi·

354 1157 454 1220 derio
479 1153 667 1219 Societatis
692 1155 920 1233 tenebantur;
946 1165 982 1218 et
1005 1155 1036 1218 si
1061 1155 1212 1234 aliquem
1234 1173 1280 1217 ex
1301 1153 1432 1216 nostris
1452 1153 1510 1214 vel
1535 1150 1582 1214 ad

354 1273 494 1342 tempus
507 1263 758 1326 brevissimum
773 1279 882 1342 penes
903 1279 943 1325 se
962 1263 1093 1346 habere
1112 1271 1268 1341 possent,
1290 1261 1440 1325 feliciter
1461 1275 1582 1322 secum

353 1370 415 1450 agi
430 1371 614 1450 putabant,
631 1370 725 1450 quod
741 1369 904 1451 apparuit
920 1368 1105 1432 manifeste
1120 1369 1154 1432 in
1168 1369 1297 1450 oppido
1310 1370 1475 1448 quodam,
1487 1367 1583 1448 quod

358 1475 512 1540 Montem
526 1475 696 1541 Sanctum
711 1475 719 1506 ¹
736 1487 880 1557 vocant,
896 1494 967 1558 quo
983 1494 1064 1540 cum
1082 1476 1152 1540 duo
1171 1495 1217 1540 ex
1236 1475 1369 1538 nostris
1390 1474 1582 1538 sacerdoti·

315 1633 318 1640 .
352 1584 419 1646 bus
434 1582 599 1646 destinati
614 1593 744 1662 essent,
760 1585 878 1648 nullus
893 1583 1149 1664 propemodum
1168 1582 1233 1646 fuit
1253 1583 1321 1663 qui'
1334 1598 1466 1660 magna
1485 1581 1583 1643 laeti-

354 1691 425 1753 tiae
450 1690 553 1769 signa
581 1707 652 1754 non
680 1691 858 1770 proderet,
888 1701 923 1754 et
950 1691 1183 1770 magistratus
1208 1690 1328 1753 statim
1353 1688 1399 1751 ad
1424 1689 1582 1768 ipsorum

353 1796 559 1876 adventum,
577 1797 659 1860 tuba
676 1814 739 1876 per
753 1806 868 1861 totum
882 1797 1050 1878 oppidum
1061 1798 1182 1876 missa,
1196 1814 1319 1859 omnes
1333 1795 1379 1859 ad
1391 1796 1581 1858 conciones

357 1903 551 1967 audiendas
566 1913 600 1967 et
617 1902 661 1966 ad
677 1904 918 1968 confessiones
931 1915 1015 1968 sunt
1030 1904 1219 1967 adhortati.

414 2011 486 2074 242.
529 2010 664 2074 Decem
678 2020 740 2074 aut
753 2011 940 2074 duodecim
955 2011 1029 2075 dies
1044 2011 1156 2074 nostri
1171 2028 1213 2074 eo
1228 2011 1265 2073 in
1278 2011 1358 2073 loco
1373 2008 1582 2073 commorati

352 2127 449 2192 sunt;
471 2125 505 2180 et
524 2127 600 2180 tum
617 2134 664 2180 ex
686 2117 928 2194 concionibus,
959 2117 1266 2182 adhortationibus
1298 2126 1333 2180 et
1364 2117 1581 2180 christianae

352 2224 537 2289 doctrinae
553 2225 772 2304 lectionibuS,
790 2235 865 2288 tum
879 2243 924 2288 ex
938 2225 1220 2290 confessionibus
1231 2224 1362 2288 auditis
1376 2235 1411 2287 et
1422 2224 1500 2286 aliis
1512 2223 1583 2302 pie·

356 2331 440 2394 tatis
456 2329 579 2394 officiis
593 2331 748 2396 fructum
762 2332 905 2395 uberem
925 2334 1131 2410 retulerunt,
1153 2349 1234 2395 cum
1247 2333 1428 2412 populum,
1452 2330 1583 2394 avidis·

351 2438 440 2502 sime
453 2438 572 2502 omnia
588 2455 678 2518 quae
699 2439 989 2520 proponebantur
1009 2439 1251 2520 accipientem,
1268 2438 1314 2502 ad
1333 2455 1457 2501 veram
1476 2438 1584 2518 pieta-

357 2555 428 2608 tem
444 2562 524 2608 cum
540 2544 660 2608 divino
676 2545 815 2624 gratiae
827 2545 961 2609 auxilio
976 2545 1220 2625 promoverint
1234 2544 1257 2608 ¹.

414 2651 485 2716 243.
530 2651 641 2716 Paces
662 2653 794 2734 aliquot
813 2662 894 2734 post
915 2652 1082 2717 diuturna
1101 2661 1136 2716 et
1159 2653 1357 2717 inveterata
1384 2650 1466 2715 odia
1484 2649 1585 2715 dissi·

352 2760 511 2824 dentium
526 2760 743 2840 compositae
757 2758 909 2823 fuerunt.
927 2760 1180 2824 Restitutiones
1191 2762 1322 2823 multae
1333 2758 1462 2837 factae,
1479 2756 1584 2822 Mons

354 2865 495 2945 pietatis
516 2867 551 2929 in
566 2883 763 2946 pauperum
782 2866 977 2930 subsidium
998 2877 1149 2931 erectus,
1172 2865 1253 2931 Duo
1277 2867 1494 2931 monasteria
1515 2865 1584 2929 foe-

355 2972 530 3036 minarum
541 2990 613 3036 non
623 2974 737 3037 solum
750 2975 876 3054 amplis
888 2976 1134 3055 eleemosynis
1147 2975 1273 3055 quibus
1287 2976 1451 3053 egebant,
1465 2972 1586 3054 adjuta

353 3080 506 3159 fuerunt,
529 3079 592 3143 sed
613 3082 659 3144 ad
677 3080 966 3145 reformationem
986 3079 1089 3161 juxta
1107 3082 1266 3161 ipsarum
1284 3082 1480 3145 institutum
1499 3078 1587 3162 [mo-

354 3185 478 3267 niales]
495 3188 680 3251 adductae.
699 3187 883 3268 Hospitale
905 3197 1023 3252 autem
1034 3188 1109 3269 Jam
1122 3189 1196 3252 fere
1212 3189 1417 3268 collapsum,
1434 3188 1585 3269 publicis

354 3293 573 3375 privatisque
588 3295 821 3376 eleemosynis
836 3296 1071 3359 instauratum
1087 3306 1151 3359 est.
1168 3295 1280 3373 Multi,
1302 3296 1362 3375 qui
1373 3312 1504 3375 magno
1519 3312 1586 3359 suo

352 3400 447 3463 malo
462 3402 632 3481 plurimos
647 3419 761 3466 annos
775 3413 1081 3467 sacramentorum
1098 3412 1132 3465 et
1147 3403 1263 3482 gratia
1278 3402 1346 3466 Dei
1368 3419 1407 3465 se
1421 3402 1588 3482 privave-

356 3516 447 3587 rant,
465 3524 527 3587 per
542 3508 801 3573 confessionem
817 3511 862 3573 ad
874 3509 1079 3573 christianis
1090 3509 1235 3589 dignam
1250 3510 1394 3572 vivendi
1408 3509 1582 3573 rationem

356 3623 440 3677 sunt
454 3616 626 3678 revocati.

414 3721 485 3786 244.
530 3722 641 3787 Erant
656 3731 774 3786 autem
794 3731 829 3785 et
843 3722 1043 3804 frequentia
1057 3722 1310 3787 confluentium
1329 3724 1375 3787 ad
1394 3722 1585 3787 confessio·

355 3846 420 3891 nes
435 3836 470 3893 et
484 3828 605 3892 fervor
625 3830 729 3893 valde
753 3846 917 3909 magnus
944 3832 1035 3894 inter
1061 3848 1161 3912 quoS,
1185 3832 1246 3912 qui
1266 3830 1398 3911 pietate
1412 3840 1447 3894 et
1459 3830 1585 3894 litteris

354 3935 567 3999 celebriores
582 3946 683 3999 erant
699 3938 789 4003 inter
805 3938 913 4018 ipsos,
930 3939 1085 4019 reliquos
1100 3940 1262 4019 exemplo
1282 3938 1479 4018 praeibant.
1496 3936 1587 4002 Con·

352 4043 548 4107 sulentibus
564 4052 681 4107 autem
696 4044 739 4107 de
754 4043 820 4121 his,
838 4062 929 4126 quae
944 4044 989 4108 ad
1004 4046 1162 4125 ipsorum
1177 4044 1414 4109 conscientias
1434 4044 1589 4125 pertine·

356 4148 456 4228 bant,
483 4149 622 4213 abunde
647 4149 868 4214 satisfactum
890 4160 955 4231 est,
981 4152 1107 4231 quibus
1133 4151 1239 4216 rebus
1265 4150 1429 4214 effectum
1454 4160 1527 4230 est,
1551 4160 1590 4213 ut

355 4264 469 4318 totum
484 4255 580 4319 illum
597 4260 764 4338 populum
780 4258 908 4322 mirum
928 4258 964 4321 in
984 4259 1128 4322 modum
1147 4258 1214 4321 sibi
1238 4257 1475 4337 devinxerint,
1493 4256 1588 4337 quod

396 4459 404 4493 ¹
433 4460 500 4505 Vide
509 4472 597 4517 supra,
608 4468 626 4506 t.
638 4474 663 4515 v,
674 4474 734 4517 pag.
746 4462 781 4517 86,
789 4474 814 4507 n.
824 4463 874 4506 217.

396 4530 407 4562 ²
434 4530 501 4576 Vide
512 4531 634 4576 Litterae
644 4533 873 4585 Quadrimestres,
883 4541 903 4579 t.
914 4546 950 4587 tv,
961 4546 1022 4589 pag.
1032 4535 1060 4578 69
1069 4542 1094 4579 et
1104 4534 1139 4589 76,
1150 4536 1284 4590 exquibus
1298 4534 1434 4589 desumpta
1447 4541 1508 4579 sunt
1519 4544 1587 4590 quae

355 4603 399 4647 bic
409 4610 434 4647 et
445 4606 611 4659 sequentibus
622 4608 734 4651 numeris
744 4614 834 4651 narrat
849 4606 987 4651 Polancus.
