3642 5350
805 437 869 497 Au.
891 437 962 496 1556
1459 434 1496 496 95

263 579 396 645 eisdem
411 598 454 645 ac
470 580 605 645 familia
620 599 684 645 sua
700 582 832 647 nostris
847 582 1076 647 confessariis
1090 582 1233 646 omnino
1254 583 1306 646 uti
1325 584 1439 647 voluit
1459 591 1495 646 et

264 704 396 768 magna
411 705 499 751 suae
514 689 783 753 benevolentiae
798 689 901 769 signa
919 688 1084 753 ostendit.

326 796 397 859 321.
442 795 709 859 Gubernatores
723 796 831 860 etiam
846 796 1029 860 Marchiae
1043 806 1079 860 et
1092 795 1204 861 Firmi
1218 805 1252 859 et
1267 796 1327 860 alii
1342 797 1411 861 viri
1425 798 1495 878 pri·-

266 903 370 967 marii
380 903 531 966 similem
544 902 652 967 animi
665 902 829 968 affectum
841 903 1084 983 ostendebant,
1095 911 1130 966 et
1142 920 1274 983 magna
1285 920 1366 967 cum
1375 907 1497 985 volup·

267 1018 340 1073 tate
359 1008 468 1073 animi
485 1009 733 1074 intellexerunt
750 1027 856 1091 quam
871 1010 1093 1090 diligentera
1110 1011 1241 1073 nostris
1260 1026 1318 1074 res
1330 1011 1496 1092 spiritua-

265 1119 318 1179 les
331 1116 375 1180 ad
391 1117 697 1197 peregrinantium
714 1117 993 1181 consolationem
1004 1127 1038 1179 et
1053 1116 1224 1181 auxilium
1241 1126 1493 1181 tractarentur.

327 1222 399 1286 322.
442 1222 599 1307 Juvenes
621 1224 797 1288 lauretani
822 1224 1029 1287 societatem
1048 1223 1238 1304 quamdam
1264 1224 1432 1302 inierunt,
1460 1233 1496 1288 et

267 1330 310 1393 de
325 1330 503 1393 evitandis
518 1330 745 1411 blasphemiis
760 1340 795 1394 et
809 1330 1017 1406 maledictis
1035 1341 1070 1393 et
1089 1330 1343 1409 componendis
1363 1330 1494 1395 discor·

267 1435 335 1501 diis
350 1447 384 1500 et
398 1437 618 1518 frequentius
633 1438 867 1517 suscipiendis
881 1437 1115 1501 sacramentis
1130 1456 1176 1501 ex
1189 1436 1333 1501 Patrum
1358 1448 1495 1503 nostro·

267 1561 346 1607 rum
376 1544 610 1624 quorumdam
640 1544 788 1608 consilio
813 1554 848 1607 et
873 1544 1084 1607 auctoritate
1108 1546 1205 1623 leges
1230 1544 1403 1624 quasdam
1427 1545 1496 1609 sibi

268 1652 576 1731 praescripserunt
591 1662 625 1713 et
642 1650 686 1714 ad
702 1666 763 1713 eas
779 1650 1023 1713 observandas
1037 1667 1076 1713 se
1091 1650 1365 1714 obstrinxerunt.

329 1756 399 1821 323.
443 1756 547 1820 initio
562 1755 667 1836 hujus
686 1757 770 1821 anni
790 1755 834 1819 D.
857 1755 1073 1819 Ferdinandi
1095 1756 1139 1819 de
1164 1754 1336 1836 Gonzaga
1359 1773 1449 1820 uxor
1473 1763 1496 1835 ¹,

268 1882 350 1928 cum
362 1863 591 1927 intellexisset
602 1862 816 1927 Societatem
827 1875 987 1926 nostram
1000 1864 1187 1941 collegium
1198 1862 1341 1926 Laureti
1349 1863 1493 1938 habere,

268 1972 350 2034 licet
364 1970 623 2035 confessarium
637 1986 756 2033 secum
772 1969 976 2042 adduceret,
992 1970 1167 2033 accersito
1182 1969 1410 2032 nihilominus
1428 1968 1495 2033 Re·

267 2088 377 2157 ctore,
394 2094 503 2157 quum
518 2077 595 2157 ipsa
611 2085 685 2139 tum
699 2074 774 2157 eius
790 2076 949 2155 virgines
964 2074 1123 2139 confiteri
1138 2075 1261 2152 voluit,
1277 2084 1312 2138 et
1327 2074 1370 2138 de
1385 2066 1493 2139 manu

268 2184 380 2263 ipsius
394 2184 430 2246 in
445 2182 591 2263 Capella
605 2180 737 2246 Sancta
752 2182 1036 2246 communionem
1052 2191 1265 2262 acceperunt
1284 2198 1365 2246 cum
1386 2183 1496 2245 omni·

268 2291 335 2353 bus
349 2288 564 2367 domesticis;
582 2297 616 2352 et
630 2287 814 2369 PrincepS,
831 2287 905 2368 cius
920 2287 1023 2364 filius,
1040 2287 1180 2351 cuidam
1195 2304 1241 2351 ex
1260 2288 1391 2351 nostris
1414 2306 1496 2352 con·

267 2395 383 2459 sessus
398 2406 464 2473 est,
481 2405 514 2459 et
530 2413 607 2459 sese
627 2394 818 2458 immiscuit
838 2395 939 2475 quasi
961 2395 1082 2457 furtim
1103 2394 1183 2457 aliis
1205 2394 1496 2458 communicanti-

267 2503 345 2580 bus,
361 2501 448 2565 nihil
463 2502 529 2565 sibi
546 2502 691 2565 honoris
705 2501 865 2564 exhiberi
879 2503 1003 2564 volens
1017 2503 1205 2581 plusquam
1220 2501 1334 2563 cuivis
1354 2518 1400 2564 ex
1419 2498 1496 2579 ejus

268 2608 419 2689 famuliS,
444 2619 479 2672 et
501 2609 664 2672 absoluto
686 2607 808 2688 Sacro,
833 2606 1019 2671 Rectorem
1041 2607 1269 2686 conveniens,
1293 2624 1374 2670 eum
1396 2600 1495 2670 abire

268 2735 339 2781 non
363 2717 522 2798 permisit
547 2715 660 2780 donec
689 2717 803 2797 ipsum
832 2715 868 2778 in
896 2715 1005 2779 filium
1033 2715 1251 2796 spiritualem
1279 2715 1492 2793 admitteret,

268 2823 363 2904 quod
378 2825 489 2905 ipsius
504 2823 610 2886 etiam
626 2831 739 2886 mater
755 2822 892 2902 publice
907 2839 1029 2885 coram
1044 2823 1118 2885 suis
1133 2837 1264 2901 magna
1283 2837 1364 2884 cum
1385 2821 1497 2884 humi·

268 2932 369 2995 litate
389 2929 600 3011 postulavit,
623 2939 658 2993 et
678 2929 842 3011 quamvis
867 2946 913 2992 ex
938 2928 1067 2992 vicinis
1093 2929 1181 2991 locis
1206 2929 1250 2991 ad
1273 2927 1493 3009 Epiphaniae

268 3037 395 3102 festum
421 3037 521 3101 multi
547 3038 739 3100 Lauretum
764 3036 1026 3114 convenissent,
1052 3035 1174 3116 quiin
1200 3034 1299 3099 iestis
1323 3034 1496 3098 natalitiis

267 3145 639 3223 communicaverant,
667 3143 758 3206 bona
785 3161 829 3206 ex
854 3151 954 3222 parte
983 3142 1089 3205 etiam
1118 3152 1201 3206 tunc
1227 3142 1494 3205 communicare

267 3256 468 3330 voluerunt,
484 3263 518 3315 et
533 3252 594 3316 alii
608 3267 716 3332 quam
732 3251 862 3313 nostris
877 3249 1036 3313 confiteri
1051 3251 1167 3312 nulius
1181 3266 1303 3313 eorum
1319 3250 1443 3312 voluit.

328 3359 399 3424 3¹24.
442 3357 532 3423 Cum
558 3357 758 3438 scripsisset
780 3356 816 3420 P.
840 3355 1019 3420 Oliverius
1039 3356 1177 3436 aliquos
1199 3373 1244 3418 ex
1265 3356 1397 3419 nostris
1420 3373 1496 3419 mo·

266 3467 389 3530 lestias
404 3465 576 3546 quasdam
593 3483 612 3528 a
629 3463 783 3544 quodam
798 3463 925 3543 spiritu
940 3463 1096 3540 maligno
1112 3479 1238 3542 passos
1253 3478 1342 3540 esse,
1356 3462 1415 3543 qui
1428 3463 1495 3525 eis·

268 3571 349 3636 dem
365 3589 538 3653 apparere
557 3581 592 3634 et
612 3569 755 3634 eosdem
775 3571 918 3650 pulsare
940 3570 1063 3632 solitus
1085 3579 1172 3646 erat,
1196 3585 1346 3648 cumque
1369 3569 1495 3632 rescri·

270 3689 368 3761 ptum
385 3678 507 3742 fuisset
522 3676 615 3758 quod
633 3676 794 3740 fortassis
808 3677 955 3740 interior
966 3676 1083 3757 aliqua
1096 3675 1303 3755 imaginatio
1316 3685 1376 3738 aut
1388 3675 1496 3755 phan-

269 3787 372 3863 tasia,
394 3785 508 3867 qualis
528 3802 573 3848 ex
594 3785 719 3847 timore
739 3783 880 3863 concipi
900 3785 1005 3857 solet,
1027 3792 1062 3846 et
1085 3799 1156 3846 non
1176 3782 1333 3845 exterior
1351 3780 1496 3861 spiritus

271 3893 416 3973 maligni
432 3891 616 3957 concussio
628 3892 804 3955 censenda
817 3899 904 3964 erat;
919 3891 1071 3954 asseruit
1082 3890 1140 3952 ille
1151 3888 1375 3954 verissimum
1387 3887 1495 3951 luisse

269 3999 364 4081 quod
379 3999 476 4079 prius
491 3999 664 4078 scriptum
680 4008 757 4061 erat
772 4006 806 4060 et
822 3997 1001 4060 acciderat
1022 3995 1190 4072 Thomae,
1216 3996 1335 4074 anglo,
1359 4005 1394 4057 et
1415 3994 1497 4057 Phi·

269 4105 376 4186 lipp0‚
392 4107 499 4185 gailo,
518 4103 630 4167 Roma
648 4101 658 4134 ¹
673 4103 801 4182 missis,
819 4119 970 4183 quorum
983 4101 1200 4183 profectibus
1216 4118 1258 4164 ac
1269 4100 1404 4164 fervori
1415 4101 1496 4164 dae·

268 4229 352 4275 mon
367 4211 560 4275 invidebat.

312 4379 321 4413 ¹
349 4379 415 4423 Vide
425 4390 512 4436 supra,
524 4386 542 4424 t.
553 4391 579 4433 v,
590 4391 650 4434 pag.
661 4379 695 4432 ild,
707 4391 729 4422 n.
742 4377 789 4432 lli,
801 4377 843 4422 ubl
854 4377 948 4421 similia
958 4377 1085 4424 dicuntur.
1097 4383 1123 4419 et
1134 4375 1158 4418 in
1169 4379 1257 4418 annot.
1267 4372 1400 4426 talogium
1411 4371 1498 4427 huius·

272 4463 302 4496 ce
313 4451 472 4495 clarissimae
485 4451 593 4495 [eminae
602 4450 692 4506 paucis
702 4449 738 4494 iit.

306 4522 319 4554 ¹
346 4521 416 4566 Idem
429 4521 471 4566 hle
487 4522 622 4567 dicendum
637 4522 710 4566 venit
724 4533 754 4564 ac
768 4531 854 4575 supra,
870 4525 958 4564 annot.
976 4520 1033 4563 lad
1047 4531 1071 4563 n.
1089 4517 1136 4571 28&
1152 4527 1244 4560 verum
1254 4516 1281 4559 bl
1294 4516 1405 4570 juvenes
1415 4513 1498 4559 Romu

267 4592 419 4646 Lauretum,
429 4605 479 4638 non
489 4592 604 4638 Laureto
616 4593 723 4638 Romam
733 4593 802 4636 missi
814 4591 926 4640 fuerant.
936 4599 965 4636 nt
975 4602 1009 4634 ex
1018 4589 1134 4645 pluribus
1142 4588 1256 4642 Polanci,
1265 4600 1300 4632 cu·
1309 4598 1385 4639 com„
1392 4586 1500 4640 scriptis

267 4666 366 4709 litteris
375 4665 511 4710 evlncitur.
