<?xml version="1.0" encoding="UTF-8"?>
<!DOCTYPE html PUBLIC "-//W3C//DTD XHTML 1.0 Transitional//EN"
    "http://www.w3.org/TR/xhtml1/DTD/xhtml1-transitional.dtd">
<html xmlns="http://www.w3.org/1999/xhtml" xml:lang="en" lang="en">
 <head>
  <title>
</title>
<meta http-equiv="Content-Type" content="text/html;charset=utf-8" />
  <meta name='ocr-system' content='tesseract 3.04.00' />
  <meta name='ocr-capabilities' content='ocr_page ocr_carea ocr_par ocr_line ocrx_word'/>
</head>
<body>
  <div class='ocr_page' id='page_1' title='image "./vitaignatiiloio00polagoog_0152.png"; bbox 0 0 3642 5350; ppageno 0'>
   <div class='ocr_carea' id='block_1_1' title="bbox 372 394 1143 478">
    <p class='ocr_par' dir='ltr' id='par_1_1' title="bbox 372 394 1143 478">
     <span class='ocr_line' id='line_1_1' title="bbox 372 394 1143 478; baseline 0.003 -18"><span class='ocrx_word' id='word_1_1' title='bbox 372 394 424 461; x_wconf 84' lang='grc'>146</span> <span class='ocrx_word' id='word_1_2' title='bbox 825 400 953 465; x_wconf 74' lang='lat' dir='ltr'>Canon.</span> <span class='ocrx_word' id='word_1_3' title='bbox 974 400 1052 465; x_wconf 90' lang='lat' dir='ltr'>Soc.</span> <span class='ocrx_word' id='word_1_4' title='bbox 1073 404 1143 478; x_wconf 82' lang='lat' dir='ltr'>Jns.</span> 
     </span>
    </p>
   </div>
   <div class='ocr_carea' id='block_1_2' title="bbox 278 546 1599 4279">
    <p class='ocr_par' dir='ltr' id='par_1_2' title="bbox 366 546 1599 1366">
     <span class='ocr_line' id='line_1_2' title="bbox 428 546 1598 629; baseline 0.003 -18"><span class='ocrx_word' id='word_1_5' title='bbox 428 546 499 611; x_wconf 84' lang='grc'>543.</span> <span class='ocrx_word' id='word_1_6' title='bbox 544 547 699 613; x_wconf 88' lang='lat' dir='ltr'>Cortona</span> <span class='ocrx_word' id='word_1_7' title='bbox 711 550 861 629; x_wconf 86' lang='lat' dir='ltr'>rediens,</span> <span class='ocrx_word' id='word_1_8' title='bbox 875 550 1036 614; x_wconf 90' lang='lat' dir='ltr'>Aretium</span> <span class='ocrx_word' id='word_1_9' title='bbox 1053 551 1062 583; x_wconf 81' lang='lat'><strong>¹</strong></span> <span class='ocrx_word' id='word_1_10' title='bbox 1078 552 1175 616; x_wconf 88' lang='lat' dir='ltr'>venit</span> <span class='ocrx_word' id='word_1_11' title='bbox 1190 561 1225 614; x_wconf 89' lang='lat' dir='ltr'>et</span> <span class='ocrx_word' id='word_1_12' title='bbox 1236 551 1437 615; x_wconf 88' lang='lat' dir='ltr'><strong>humaniter</strong></span> <span class='ocrx_word' id='word_1_13' title='bbox 1447 569 1469 613; x_wconf 89' lang='lat' dir='ltr'>a</span> <span class='ocrx_word' id='word_1_14' title='bbox 1481 548 1598 615; x_wconf 90' lang='lat' dir='ltr'>Patris</span> 
     </span>
     <span class='ocr_line' id='line_1_3' title="bbox 369 652 1599 740; baseline 0.004 -22"><span class='ocrx_word' id='word_1_15' title='bbox 369 652 569 719; x_wconf 89' lang='lat' dir='ltr'>Sebastiani</span> <span class='ocrx_word' id='word_1_16' title='bbox 587 655 711 721; x_wconf 91' lang='lat' dir='ltr'>Romei</span> <span class='ocrx_word' id='word_1_17' title='bbox 726 658 737 690; x_wconf 74' lang='lat'>²</span> <span class='ocrx_word' id='word_1_18' title='bbox 752 668 898 738; x_wconf 88' lang='lat' dir='ltr'>patente</span> <span class='ocrx_word' id='word_1_19' title='bbox 918 668 952 722; x_wconf 88' lang='lat' dir='ltr'>et</span> <span class='ocrx_word' id='word_1_20' title='bbox 976 659 1086 723; x_wconf 90' lang='lat' dir='ltr'>fratre</span> <span class='ocrx_word' id='word_1_21' title='bbox 1106 670 1286 740; x_wconf 80' lang='lat' dir='ltr'>exceptuS,</span> <span class='ocrx_word' id='word_1_22' title='bbox 1303 660 1417 740; x_wconf 91' lang='lat' dir='ltr'>primo</span> <span class='ocrx_word' id='word_1_23' title='bbox 1433 659 1489 722; x_wconf 91' lang='lat' dir='ltr'>die</span> <span class='ocrx_word' id='word_1_24' title='bbox 1504 658 1599 738; x_wconf 86' lang='lat' dir='ltr'>Qua·</span> 
     </span>
     <span class='ocr_line' id='line_1_4' title="bbox 369 763 1598 849; baseline 0.003 -23"><span class='ocrx_word' id='word_1_25' title='bbox 369 763 603 843; x_wconf 88' lang='lat' dir='ltr'>dragesimae,</span> <span class='ocrx_word' id='word_1_26' title='bbox 627 783 717 846; x_wconf 89' lang='lat' dir='ltr'>quae</span> <span class='ocrx_word' id='word_1_27' title='bbox 733 765 807 847; x_wconf 85' lang='lat' dir='ltr'>jam</span> <span class='ocrx_word' id='word_1_28' title='bbox 822 768 988 849; x_wconf 90' lang='lat' dir='ltr'>instabat,</span> <span class='ocrx_word' id='word_1_29' title='bbox 1005 787 1043 831; x_wconf 89' lang='lat' dir='ltr'>se</span> <span class='ocrx_word' id='word_1_30' title='bbox 1058 769 1317 832; x_wconf 90' lang='lat' dir='ltr'>confessionem</span> <span class='ocrx_word' id='word_1_31' title='bbox 1336 768 1496 831; x_wconf 91' lang='lat' dir='ltr'>facturos</span> <span class='ocrx_word' id='word_1_32' title='bbox 1517 784 1598 847; x_wconf 93' lang='lat' dir='ltr'>pro·</span> 
     </span>
     <span class='ocr_line' id='line_1_5' title="bbox 367 871 1596 955; baseline 0.003 -22"><span class='ocrx_word' id='word_1_33' title='bbox 367 871 550 935; x_wconf 92' lang='lat' dir='ltr'>miserunt.</span> <span class='ocrx_word' id='word_1_34' title='bbox 563 872 622 935; x_wconf 89' lang='lat' dir='ltr'>Bis</span> <span class='ocrx_word' id='word_1_35' title='bbox 635 883 752 938; x_wconf 89' lang='lat' dir='ltr'>autem</span> <span class='ocrx_word' id='word_1_36' title='bbox 762 875 799 938; x_wconf 90' lang='lat' dir='ltr'>in</span> <span class='ocrx_word' id='word_1_37' title='bbox 810 876 991 955; x_wconf 91' lang='lat' dir='ltr'>parochia,</span> <span class='ocrx_word' id='word_1_38' title='bbox 1009 876 1089 938; x_wconf 89' lang='lat' dir='ltr'>licet</span> <span class='ocrx_word' id='word_1_39' title='bbox 1103 876 1240 939; x_wconf 90' lang='lat' dir='ltr'>feriatis</span> <span class='ocrx_word' id='word_1_40' title='bbox 1254 876 1389 954; x_wconf 85' lang='lat' dir='ltr'>dicbus,</span> <span class='ocrx_word' id='word_1_41' title='bbox 1406 875 1596 938; x_wconf 90' lang='lat' dir='ltr'>conciona-</span> 
     </span>
     <span class='ocr_line' id='line_1_6' title="bbox 368 981 1597 1063; baseline 0.002 -22"><span class='ocrx_word' id='word_1_42' title='bbox 368 987 425 1041; x_wconf 90' lang='lat' dir='ltr'>tus</span> <span class='ocrx_word' id='word_1_43' title='bbox 440 988 504 1059; x_wconf 90' lang='lat' dir='ltr'>est,</span> <span class='ocrx_word' id='word_1_44' title='bbox 520 988 555 1043; x_wconf 90' lang='lat' dir='ltr'>et</span> <span class='ocrx_word' id='word_1_45' title='bbox 571 982 712 1045; x_wconf 86' lang='lat' dir='ltr'>tertiam</span> <span class='ocrx_word' id='word_1_46' title='bbox 727 981 848 1046; x_wconf 86' lang='lat' dir='ltr'>habuit</span> <span class='ocrx_word' id='word_1_47' title='bbox 860 984 1067 1046; x_wconf 84' lang='lat' dir='ltr'>concionem</span> <span class='ocrx_word' id='word_1_48' title='bbox 1079 984 1115 1045; x_wconf 94' lang='lat' dir='ltr'>in</span> <span class='ocrx_word' id='word_1_49' title='bbox 1127 984 1279 1063; x_wconf 93' lang='lat' dir='ltr'>quodam</span> <span class='ocrx_word' id='word_1_50' title='bbox 1292 983 1518 1061; x_wconf 90' lang='lat' dir='ltr'>monasterio,</span> <span class='ocrx_word' id='word_1_51' title='bbox 1537 982 1597 1044; x_wconf 93' lang='lat' dir='ltr'>ubi</span> 
     </span>
     <span class='ocr_line' id='line_1_7' title="bbox 367 1086 1596 1169; baseline 0.004 -22"><span class='ocrx_word' id='word_1_52' title='bbox 367 1102 471 1148; x_wconf 89' lang='lat' dir='ltr'>soror</span> <span class='ocrx_word' id='word_1_53' title='bbox 486 1096 561 1149; x_wconf 91' lang='lat' dir='ltr'>erat</span> <span class='ocrx_word' id='word_1_54' title='bbox 576 1089 752 1167; x_wconf 84' lang='lat' dir='ltr'>quaedam</span> <span class='ocrx_word' id='word_1_55' title='bbox 766 1086 882 1152; x_wconf 91' lang='lat' dir='ltr'>Patris</span> <span class='ocrx_word' id='word_1_56' title='bbox 893 1088 1104 1169; x_wconf 86' lang='lat' dir='ltr'>Sebastiani,</span> <span class='ocrx_word' id='word_1_57' title='bbox 1122 1100 1156 1153; x_wconf 94' lang='lat' dir='ltr'>et</span> <span class='ocrx_word' id='word_1_58' title='bbox 1172 1107 1295 1153; x_wconf 88' lang='lat' dir='ltr'>omnes</span> <span class='ocrx_word' id='word_1_59' title='bbox 1311 1090 1356 1153; x_wconf 92' lang='lat' dir='ltr'>ad</span> <span class='ocrx_word' id='word_1_60' title='bbox 1375 1089 1479 1153; x_wconf 91' lang='lat' dir='ltr'>fletus</span> <span class='ocrx_word' id='word_1_61' title='bbox 1501 1107 1596 1153; x_wconf 91' lang='lat' dir='ltr'>com·</span> 
     </span>
     <span class='ocr_line' id='line_1_8' title="bbox 367 1194 1593 1277; baseline 0.002 -21"><span class='ocrx_word' id='word_1_62' title='bbox 367 1203 517 1271; x_wconf 89' lang='lat' dir='ltr'>punctas</span> <span class='ocrx_word' id='word_1_63' title='bbox 532 1210 610 1259; x_wconf 89' lang='lat' dir='ltr'>esse</span> <span class='ocrx_word' id='word_1_64' title='bbox 624 1194 807 1275; x_wconf 88' lang='lat' dir='ltr'>intellexit,</span> <span class='ocrx_word' id='word_1_65' title='bbox 828 1214 894 1260; x_wconf 91' lang='lat' dir='ltr'>nec</span> <span class='ocrx_word' id='word_1_66' title='bbox 915 1197 1022 1260; x_wconf 90' lang='lat' dir='ltr'>talem</span> <span class='ocrx_word' id='word_1_67' title='bbox 1037 1215 1075 1259; x_wconf 90' lang='lat' dir='ltr'>se</span> <span class='ocrx_word' id='word_1_68' title='bbox 1095 1197 1302 1260; x_wconf 89' lang='lat' dir='ltr'>concionem</span> <span class='ocrx_word' id='word_1_69' title='bbox 1323 1214 1480 1277; x_wconf 90' lang='lat' dir='ltr'>unquam</span> <span class='ocrx_word' id='word_1_70' title='bbox 1495 1195 1593 1259; x_wconf 92' lang='lat' dir='ltr'>audi·</span> 
     </span>
     <span class='ocr_line' id='line_1_9' title="bbox 366 1298 651 1366; baseline 0.014 -4"><span class='ocrx_word' id='word_1_71' title='bbox 366 1298 462 1363; x_wconf 86' lang='lat' dir='ltr'>visse</span> <span class='ocrx_word' id='word_1_72' title='bbox 477 1301 651 1366; x_wconf 87' lang='lat' dir='ltr'>dicebant.</span> 
     </span>
    </p>

    <p class='ocr_par' dir='ltr' id='par_1_3' title="bbox 364 1406 1595 1795">
     <span class='ocr_line' id='line_1_10' title="bbox 424 1406 1595 1493; baseline 0.003 -22"><span class='ocrx_word' id='word_1_73' title='bbox 424 1407 495 1473; x_wconf 82' lang='lat'>544.</span> <span class='ocrx_word' id='word_1_74' title='bbox 539 1406 743 1475; x_wconf 84' lang='lat' dir='ltr'>Praefectus</span> <span class='ocrx_word' id='word_1_75' title='bbox 764 1421 881 1475; x_wconf 90' lang='lat' dir='ltr'>autem</span> <span class='ocrx_word' id='word_1_76' title='bbox 903 1411 1088 1493; x_wconf 84' lang='lat' dir='ltr'>cujusdam</span> <span class='ocrx_word' id='word_1_77' title='bbox 1113 1411 1416 1476; x_wconf 84' lang='lat' dir='ltr'>confraternitatis</span> <span class='ocrx_word' id='word_1_78' title='bbox 1441 1411 1595 1491; x_wconf 85' lang='lat' dir='ltr'>insignis</span> 
     </span>
     <span class='ocr_line' id='line_1_11' title="bbox 365 1515 1592 1599; baseline 0.002 -21"><span class='ocrx_word' id='word_1_79' title='bbox 365 1515 491 1579; x_wconf 92' lang='lat' dir='ltr'>obtulit</span> <span class='ocrx_word' id='word_1_80' title='bbox 505 1517 697 1597; x_wconf 87' lang='lat' dir='ltr'>hospitium</span> <span class='ocrx_word' id='word_1_81' title='bbox 717 1519 877 1582; x_wconf 92' lang='lat' dir='ltr'>omnibus</span> <span class='ocrx_word' id='word_1_82' title='bbox 897 1520 1039 1598; x_wconf 78' lang='lat' dir='ltr'>nostriS,</span> <span class='ocrx_word' id='word_1_83' title='bbox 1065 1519 1125 1599; x_wconf 91' lang='lat' dir='ltr'>qui</span> <span class='ocrx_word' id='word_1_84' title='bbox 1146 1518 1363 1597; x_wconf 80' lang='lat' dir='ltr'>castiglione</span> <span class='ocrx_word' id='word_1_85' title='bbox 1385 1519 1592 1597; x_wconf 86' lang='lat' dir='ltr'>transirent,</span> 
     </span>
     <span class='ocr_line' id='line_1_12' title="bbox 364 1622 1593 1707; baseline 0.003 -22"><span class='ocrx_word' id='word_1_86' title='bbox 364 1622 400 1685; x_wconf 93' lang='lat' dir='ltr'>in</span> <span class='ocrx_word' id='word_1_87' title='bbox 412 1622 523 1703; x_wconf 88' lang='lat' dir='ltr'>ipsius</span> <span class='ocrx_word' id='word_1_88' title='bbox 533 1624 764 1689; x_wconf 85' lang='lat' dir='ltr'>fraternitatis</span> <span class='ocrx_word' id='word_1_89' title='bbox 777 1626 892 1689; x_wconf 88' lang='lat' dir='ltr'>domo.</span> <span class='ocrx_word' id='word_1_90' title='bbox 906 1625 1123 1707; x_wconf 74' lang='lat' dir='ltr'>Raphaellus</span> <span class='ocrx_word' id='word_1_91' title='bbox 1132 1625 1208 1701; x_wconf 82' lang='lat' dir='ltr'>(sic)</span> <span class='ocrx_word' id='word_1_92' title='bbox 1222 1625 1311 1689; x_wconf 85' lang='lat' dir='ltr'>Ticii</span> <span class='ocrx_word' id='word_1_93' title='bbox 1323 1626 1524 1706; x_wconf 90' lang='lat' dir='ltr'>praefectus</span> <span class='ocrx_word' id='word_1_94' title='bbox 1535 1626 1593 1689; x_wconf 90' lang='lat' dir='ltr'>ille</span> 
     </span>
     <span class='ocr_line' id='line_1_13' title="bbox 364 1720 1127 1795; baseline 0.007 -2"><span class='ocrx_word' id='word_1_95' title='bbox 364 1730 559 1795; x_wconf 88' lang='lat' dir='ltr'>dicebatur.</span> <span class='ocrx_word' id='word_1_96' title='bbox 1124 1720 1127 1726; x_wconf 66' lang='grc'>’</span> 
     </span>
    </p>

    <p class='ocr_par' dir='ltr' id='par_1_4' title="bbox 278 1839 1594 3956">
     <span class='ocr_line' id='line_1_14' title="bbox 421 1839 1594 1921; baseline 0.001 -19"><span class='ocrx_word' id='word_1_97' title='bbox 421 1839 492 1902; x_wconf 85' lang='grc'>545.</span> <span class='ocrx_word' id='word_1_98' title='bbox 537 1839 702 1903; x_wconf 90' lang='lat' dir='ltr'>Aresium</span> <span class='ocrx_word' id='word_1_99' title='bbox 725 1842 804 1904; x_wconf 89' lang='lat' dir='ltr'>inde</span> <span class='ocrx_word' id='word_1_100' title='bbox 825 1841 942 1919; x_wconf 89' lang='lat' dir='ltr'>rediit;</span> <span class='ocrx_word' id='word_1_101' title='bbox 964 1850 999 1905; x_wconf 89' lang='lat' dir='ltr'>et</span> <span class='ocrx_word' id='word_1_102' title='bbox 1022 1841 1105 1921; x_wconf 89' lang='lat' dir='ltr'>quia</span> <span class='ocrx_word' id='word_1_103' title='bbox 1129 1841 1273 1919; x_wconf 88' lang='lat' dir='ltr'>saepius</span> <span class='ocrx_word' id='word_1_104' title='bbox 1293 1858 1375 1904; x_wconf 92' lang='lat' dir='ltr'>cum</span> <span class='ocrx_word' id='word_1_105' title='bbox 1400 1858 1443 1904; x_wconf 88' lang='lat' dir='ltr'>eo</span> <span class='ocrx_word' id='word_1_106' title='bbox 1469 1850 1594 1921; x_wconf 82' lang='lat' dir='ltr'>egerat</span> 
     </span>
     <span class='ocr_line' id='line_1_15' title="bbox 363 1945 1591 2029; baseline 0.002 -21"><span class='ocrx_word' id='word_1_107' title='bbox 363 1945 501 2025; x_wconf 88' lang='lat' dir='ltr'>civitas,</span> <span class='ocrx_word' id='word_1_108' title='bbox 518 1948 555 2009; x_wconf 94' lang='lat' dir='ltr'>in</span> <span class='ocrx_word' id='word_1_109' title='bbox 570 1949 748 2012; x_wconf 90' lang='lat' dir='ltr'>communi</span> <span class='ocrx_word' id='word_1_110' title='bbox 770 1965 834 2012; x_wconf 91' lang='lat' dir='ltr'>suo</span> <span class='ocrx_word' id='word_1_111' title='bbox 855 1948 1001 2012; x_wconf 89' lang='lat' dir='ltr'>consilio</span> <span class='ocrx_word' id='word_1_112' title='bbox 1016 1947 1229 2012; x_wconf 86' lang='lat' dir='ltr'>Societatem</span> <span class='ocrx_word' id='word_1_113' title='bbox 1244 1948 1408 2029; x_wconf 89' lang='lat' dir='ltr'>amplecti</span> <span class='ocrx_word' id='word_1_114' title='bbox 1423 1947 1591 2011; x_wconf 88' lang='lat' dir='ltr'>decreve-</span> 
     </span>
     <span class='ocr_line' id='line_1_16' title="bbox 362 2055 1591 2136; baseline 0.002 -21"><span class='ocrx_word' id='word_1_115' title='bbox 362 2062 430 2115; x_wconf 90' lang='lat' dir='ltr'>rat:</span> <span class='ocrx_word' id='word_1_116' title='bbox 454 2062 606 2134; x_wconf 90' lang='lat' dir='ltr'>quatuor</span> <span class='ocrx_word' id='word_1_117' title='bbox 627 2056 817 2135; x_wconf 88' lang='lat' dir='ltr'>primarios</span> <span class='ocrx_word' id='word_1_118' title='bbox 838 2056 936 2119; x_wconf 89' lang='lat' dir='ltr'>cives</span> <span class='ocrx_word' id='word_1_119' title='bbox 961 2055 1157 2135; x_wconf 89' lang='lat' dir='ltr'>deputavit,</span> <span class='ocrx_word' id='word_1_120' title='bbox 1177 2066 1216 2119; x_wconf 94' lang='lat' dir='ltr'>ut</span> <span class='ocrx_word' id='word_1_121' title='bbox 1236 2058 1354 2120; x_wconf 92' lang='lat' dir='ltr'>locum</span> <span class='ocrx_word' id='word_1_122' title='bbox 1374 2066 1408 2119; x_wconf 87' lang='lat' dir='ltr'>et</span> <span class='ocrx_word' id='word_1_123' title='bbox 1431 2073 1521 2136; x_wconf 92' lang='lat' dir='ltr'>quae</span> <span class='ocrx_word' id='word_1_124' title='bbox 1545 2055 1591 2117; x_wconf 86' lang='lat' dir='ltr'>ad</span> 
     </span>
     <span class='ocr_line' id='line_1_17' title="bbox 362 2163 1592 2245; baseline 0.002 -22"><span class='ocrx_word' id='word_1_125' title='bbox 362 2163 653 2227; x_wconf 89' lang='lat' dir='ltr'>sustentationem</span> <span class='ocrx_word' id='word_1_126' title='bbox 679 2164 881 2227; x_wconf 87' lang='lat' dir='ltr'>necessaria</span> <span class='ocrx_word' id='word_1_127' title='bbox 906 2174 1024 2227; x_wconf 89' lang='lat' dir='ltr'>essent</span> <span class='ocrx_word' id='word_1_128' title='bbox 1050 2177 1271 2245; x_wconf 87' lang='lat' dir='ltr'>quaererent.</span> <span class='ocrx_word' id='word_1_129' title='bbox 1298 2164 1342 2227; x_wconf 93' lang='lat' dir='ltr'>Et</span> <span class='ocrx_word' id='word_1_130' title='bbox 1362 2163 1518 2242; x_wconf 86' lang='lat' dir='ltr'>agebant</span> <span class='ocrx_word' id='word_1_131' title='bbox 1548 2163 1592 2226; x_wconf 93' lang='lat' dir='ltr'>de</span> 
     </span>
     <span class='ocr_line' id='line_1_18' title="bbox 363 2268 1592 2352; baseline 0.002 -22"><span class='ocrx_word' id='word_1_132' title='bbox 363 2270 515 2332; x_wconf 87' lang='lat' dir='ltr'>ecclesia</span> <span class='ocrx_word' id='word_1_133' title='bbox 530 2270 684 2351; x_wconf 92' lang='lat' dir='ltr'>quadam</span> <span class='ocrx_word' id='word_1_134' title='bbox 705 2271 901 2352; x_wconf 89' lang='lat' dir='ltr'>parochiali</span> <span class='ocrx_word' id='word_1_135' title='bbox 922 2272 1053 2335; x_wconf 89' lang='lat' dir='ltr'>nostris</span> <span class='ocrx_word' id='word_1_136' title='bbox 1069 2271 1253 2350; x_wconf 90' lang='lat' dir='ltr'>tradenda,</span> <span class='ocrx_word' id='word_1_137' title='bbox 1277 2272 1440 2352; x_wconf 89' lang='lat' dir='ltr'>quamvis</span> <span class='ocrx_word' id='word_1_138' title='bbox 1461 2268 1592 2334; x_wconf 90' lang='lat' dir='ltr'>ibidem</span> 
     </span>
     <span class='ocr_line' id='line_1_19' title="bbox 361 2376 1591 2454; baseline 0.002 -16"><span class='ocrx_word' id='word_1_139' title='bbox 361 2376 540 2454; x_wconf 89' lang='lat' dir='ltr'>parochus</span> <span class='ocrx_word' id='word_1_140' title='bbox 560 2394 682 2441; x_wconf 93' lang='lat' dir='ltr'>curam</span> <span class='ocrx_word' id='word_1_141' title='bbox 701 2379 900 2442; x_wconf 89' lang='lat' dir='ltr'>animarum</span> <span class='ocrx_word' id='word_1_142' title='bbox 921 2387 1114 2442; x_wconf 83' lang='lat' dir='ltr'>exerceret.</span> <span class='ocrx_word' id='word_1_143' title='bbox 1135 2377 1204 2442; x_wconf 87' lang='lat' dir='ltr'>Sed</span> <span class='ocrx_word' id='word_1_144' title='bbox 1225 2377 1350 2441; x_wconf 92' lang='lat' dir='ltr'>deinde</span> <span class='ocrx_word' id='word_1_145' title='bbox 1369 2376 1591 2441; x_wconf 90' lang='lat' dir='ltr'>commodius</span> 
     </span>
     <span class='ocr_line' id='line_1_20' title="bbox 364 2482 1590 2566; baseline 0.002 -22"><span class='ocrx_word' id='word_1_146' title='bbox 364 2482 480 2547; x_wconf 91' lang='lat' dir='ltr'>visum</span> <span class='ocrx_word' id='word_1_147' title='bbox 495 2494 548 2547; x_wconf 91' lang='lat' dir='ltr'>est</span> <span class='ocrx_word' id='word_1_148' title='bbox 562 2484 735 2549; x_wconf 90' lang='lat' dir='ltr'>Ducissae</span> <span class='ocrx_word' id='word_1_149' title='bbox 750 2485 952 2549; x_wconf 91' lang='lat' dir='ltr'>Florentiae</span> <span class='ocrx_word' id='word_1_150' title='bbox 967 2486 1123 2549; x_wconf 89' lang='lat' dir='ltr'>scribere</span> <span class='ocrx_word' id='word_1_151' title='bbox 1136 2495 1175 2548; x_wconf 92' lang='lat' dir='ltr'>ut</span> <span class='ocrx_word' id='word_1_152' title='bbox 1190 2487 1234 2548; x_wconf 94' lang='lat' dir='ltr'>ab</span> <span class='ocrx_word' id='word_1_153' title='bbox 1249 2486 1428 2566; x_wconf 88' lang='lat' dir='ltr'>Episcopo</span> <span class='ocrx_word' id='word_1_154' title='bbox 1440 2485 1590 2548; x_wconf 90' lang='lat' dir='ltr'>Aretino</span> 
     </span>
     <span class='ocr_line' id='line_1_21' title="bbox 361 2588 1589 2672; baseline 0.002 -20"><span class='ocrx_word' id='word_1_155' title='bbox 361 2588 567 2669; x_wconf 89' lang='lat' dir='ltr'>impetraret</span> <span class='ocrx_word' id='word_1_156' title='bbox 585 2593 704 2655; x_wconf 91' lang='lat' dir='ltr'>locum</span> <span class='ocrx_word' id='word_1_157' title='bbox 724 2592 928 2671; x_wconf 89' lang='lat' dir='ltr'>quemdam,</span> <span class='ocrx_word' id='word_1_158' title='bbox 952 2594 1012 2672; x_wconf 93' lang='lat' dir='ltr'>qui</span> <span class='ocrx_word' id='word_1_159' title='bbox 1032 2593 1229 2656; x_wconf 89' lang='lat' dir='ltr'>communis</span> <span class='ocrx_word' id='word_1_160' title='bbox 1250 2593 1408 2656; x_wconf 90' lang='lat' dir='ltr'>omnium</span> <span class='ocrx_word' id='word_1_161' title='bbox 1426 2592 1589 2655; x_wconf 88' lang='lat' dir='ltr'>sacerdo·</span> 
     </span>
     <span class='ocr_line' id='line_1_22' title="bbox 360 2697 1589 2780; baseline 0.002 -20"><span class='ocrx_word' id='word_1_162' title='bbox 360 2707 436 2762; x_wconf 92' lang='lat' dir='ltr'>tum</span> <span class='ocrx_word' id='word_1_163' title='bbox 450 2709 541 2778; x_wconf 86' lang='lat' dir='ltr'>erat;</span> <span class='ocrx_word' id='word_1_164' title='bbox 558 2699 620 2764; x_wconf 90' lang='lat' dir='ltr'>sed</span> <span class='ocrx_word' id='word_1_165' title='bbox 635 2700 718 2780; x_wconf 88' lang='lat' dir='ltr'>quia</span> <span class='ocrx_word' id='word_1_166' title='bbox 733 2717 777 2764; x_wconf 90' lang='lat' dir='ltr'>ne</span> <span class='ocrx_word' id='word_1_167' title='bbox 791 2700 826 2763; x_wconf 95' lang='lat' dir='ltr'>id</span> <span class='ocrx_word' id='word_1_168' title='bbox 841 2699 982 2780; x_wconf 90' lang='lat' dir='ltr'>quidem</span> <span class='ocrx_word' id='word_1_169' title='bbox 997 2700 1183 2763; x_wconf 87' lang='lat' dir='ltr'>videbatur</span> <span class='ocrx_word' id='word_1_170' title='bbox 1198 2697 1236 2762; x_wconf 91' lang='lat' dir='ltr'>P.</span> <span class='ocrx_word' id='word_1_171' title='bbox 1259 2699 1442 2763; x_wconf 91' lang='lat' dir='ltr'>Ludovico</span> <span class='ocrx_word' id='word_1_172' title='bbox 1465 2699 1589 2762; x_wconf 89' lang='lat' dir='ltr'>admit·</span> 
     </span>
     <span class='ocr_line' id='line_1_23' title="bbox 359 2806 1589 2886; baseline 0.002 -19"><span class='ocrx_word' id='word_1_173' title='bbox 359 2806 515 2884; x_wconf 89' lang='lat' dir='ltr'>tendum,</span> <span class='ocrx_word' id='word_1_174' title='bbox 532 2806 563 2870; x_wconf 92' lang='lat' dir='ltr'>si</span> <span class='ocrx_word' id='word_1_175' title='bbox 578 2823 712 2885; x_wconf 75' lang='lat' dir='ltr'>omneS,</span> <span class='ocrx_word' id='word_1_176' title='bbox 733 2824 884 2886; x_wconf 88' lang='lat' dir='ltr'>quorum</span> <span class='ocrx_word' id='word_1_177' title='bbox 900 2808 1082 2884; x_wconf 86' lang='lat' dir='ltr'>intererat,</span> <span class='ocrx_word' id='word_1_178' title='bbox 1105 2825 1177 2869; x_wconf 94' lang='lat' dir='ltr'>non</span> <span class='ocrx_word' id='word_1_179' title='bbox 1197 2807 1460 2870; x_wconf 86' lang='lat' dir='ltr'>consensissent</span> <span class='ocrx_word' id='word_1_180' title='bbox 1483 2807 1589 2886; x_wconf 79' lang='lat' dir='ltr'>(quod</span> 
     </span>
     <span class='ocr_line' id='line_1_24' title="bbox 359 2912 1588 2994; baseline 0.001 -19"><span class='ocrx_word' id='word_1_181' title='bbox 359 2913 464 2976; x_wconf 89' lang='lat' dir='ltr'>valde</span> <span class='ocrx_word' id='word_1_182' title='bbox 479 2913 620 2977; x_wconf 87' lang='lat' dir='ltr'>difficile</span> <span class='ocrx_word' id='word_1_183' title='bbox 639 2914 738 2994; x_wconf 90' lang='lat' dir='ltr'>erat),</span> <span class='ocrx_word' id='word_1_184' title='bbox 762 2916 870 2978; x_wconf 91' lang='lat' dir='ltr'>alium</span> <span class='ocrx_word' id='word_1_185' title='bbox 890 2932 928 2978; x_wconf 91' lang='lat' dir='ltr'>se</span> <span class='ocrx_word' id='word_1_186' title='bbox 950 2916 1067 2977; x_wconf 91' lang='lat' dir='ltr'>locum</span> <span class='ocrx_word' id='word_1_187' title='bbox 1090 2914 1297 2978; x_wconf 88' lang='lat' dir='ltr'>inventuros</span> <span class='ocrx_word' id='word_1_188' title='bbox 1316 2913 1474 2994; x_wconf 91' lang='lat' dir='ltr'>deputati</span> <span class='ocrx_word' id='word_1_189' title='bbox 1496 2912 1588 2976; x_wconf 92' lang='lat' dir='ltr'>dice·</span> 
     </span>
     <span class='ocr_line' id='line_1_25' title="bbox 359 3019 1587 3100; baseline 0.001 -18"><span class='ocrx_word' id='word_1_190' title='bbox 359 3019 457 3098; x_wconf 88' lang='lat' dir='ltr'>bant,</span> <span class='ocrx_word' id='word_1_191' title='bbox 474 3029 508 3083; x_wconf 90' lang='lat' dir='ltr'>et</span> <span class='ocrx_word' id='word_1_192' title='bbox 524 3021 667 3100; x_wconf 89' lang='lat' dir='ltr'>quidam</span> <span class='ocrx_word' id='word_1_193' title='bbox 689 3021 913 3100; x_wconf 80' lang='lat' dir='ltr'>Augustinus</span> <span class='ocrx_word' id='word_1_194' title='bbox 935 3019 1158 3098; x_wconf 92' lang='lat' dir='ltr'>Richobrius,</span> <span class='ocrx_word' id='word_1_195' title='bbox 1180 3019 1349 3085; x_wconf 87' lang='lat' dir='ltr'>Societati</span> <span class='ocrx_word' id='word_1_196' title='bbox 1369 3021 1473 3084; x_wconf 90' lang='lat' dir='ltr'>valde</span> <span class='ocrx_word' id='word_1_197' title='bbox 1492 3020 1587 3084; x_wconf 90' lang='lat' dir='ltr'>addi·</span> 
     </span>
     <span class='ocr_line' id='line_1_26' title="bbox 278 3127 1587 3211; baseline 0.002 -23"><span class='ocrx_word' id='word_1_198' title='bbox 278 3149 282 3155; x_wconf 56' lang='lat'>¹</span> <span class='ocrx_word' id='word_1_199' title='bbox 359 3135 448 3205; x_wconf 77' lang='lat' dir='ltr'>ctuS,</span> <span class='ocrx_word' id='word_1_200' title='bbox 470 3127 529 3207; x_wconf 93' lang='lat' dir='ltr'>qui</span> <span class='ocrx_word' id='word_1_201' title='bbox 548 3128 682 3208; x_wconf 90' lang='lat' dir='ltr'>primas</span> <span class='ocrx_word' id='word_1_202' title='bbox 700 3129 792 3192; x_wconf 90' lang='lat' dir='ltr'>inter</span> <span class='ocrx_word' id='word_1_203' title='bbox 813 3127 1002 3208; x_wconf 91' lang='lat' dir='ltr'>deputatos</span> <span class='ocrx_word' id='word_1_204' title='bbox 1021 3129 1176 3205; x_wconf 89' lang='lat' dir='ltr'>tenebat,</span> <span class='ocrx_word' id='word_1_205' title='bbox 1200 3127 1369 3192; x_wconf 81' lang='lat' dir='ltr'>offerebat</span> <span class='ocrx_word' id='word_1_206' title='bbox 1387 3137 1587 3211; x_wconf 89' lang='lat' dir='ltr'>securatu-</span> 
     </span>
     <span class='ocr_line' id='line_1_27' title="bbox 359 3234 1586 3316; baseline 0.002 -19"><span class='ocrx_word' id='word_1_207' title='bbox 359 3249 439 3298; x_wconf 89' lang='lat' dir='ltr'>rum</span> <span class='ocrx_word' id='word_1_208' title='bbox 454 3234 548 3314; x_wconf 92' lang='lat' dir='ltr'>quod</span> <span class='ocrx_word' id='word_1_209' title='bbox 562 3234 737 3298; x_wconf 90' lang='lat' dir='ltr'>sufficeret</span> <span class='ocrx_word' id='word_1_210' title='bbox 753 3236 798 3298; x_wconf 93' lang='lat' dir='ltr'>ad</span> <span class='ocrx_word' id='word_1_211' title='bbox 818 3235 1084 3316; x_wconf 89' lang='lat' dir='ltr'>quatuordecim</span> <span class='ocrx_word' id='word_1_212' title='bbox 1105 3251 1339 3315; x_wconf 87' lang='lat' dir='ltr'>personarum</span> <span class='ocrx_word' id='word_1_213' title='bbox 1361 3236 1586 3299; x_wconf 90' lang='lat' dir='ltr'>sustentatio·</span> 
     </span>
     <span class='ocr_line' id='line_1_28' title="bbox 357 3340 1594 3422; baseline 0.002 -19"><span class='ocrx_word' id='word_1_214' title='bbox 357 3357 449 3420; x_wconf 91' lang='lat' dir='ltr'>nem,</span> <span class='ocrx_word' id='word_1_215' title='bbox 472 3340 621 3419; x_wconf 82' lang='lat' dir='ltr'>scilicet,</span> <span class='ocrx_word' id='word_1_216' title='bbox 644 3342 912 3422; x_wconf 90' lang='lat' dir='ltr'>quatuordecim</span> <span class='ocrx_word' id='word_1_217' title='bbox 932 3343 1040 3405; x_wconf 90' lang='lat' dir='ltr'>millia</span> <span class='ocrx_word' id='word_1_218' title='bbox 1062 3340 1074 3371; x_wconf 80' lang='lat'>⁸</span> <span class='ocrx_word' id='word_1_219' title='bbox 1097 3343 1234 3406; x_wconf 91' lang='lat' dir='ltr'>modios</span> <span class='ocrx_word' id='word_1_220' title='bbox 1255 3341 1423 3406; x_wconf 89' lang='lat' dir='ltr'>frumenti</span> <span class='ocrx_word' id='word_1_221' title='bbox 1437 3350 1472 3405; x_wconf 92' lang='lat' dir='ltr'>et</span> <span class='ocrx_word' id='word_1_222' title='bbox 1493 3352 1594 3406; x_wconf 92' lang='lat' dir='ltr'>octo··</span> 
     </span>
     <span class='ocr_line' id='line_1_29' title="bbox 355 3445 1585 3529; baseline 0.002 -19"><span class='ocrx_word' id='word_1_223' title='bbox 355 3447 456 3527; x_wconf 87' lang='lat' dir='ltr'>ginta</span> <span class='ocrx_word' id='word_1_224' title='bbox 470 3448 545 3512; x_wconf 88' lang='lat' dir='ltr'>vini</span> <span class='ocrx_word' id='word_1_225' title='bbox 559 3445 665 3526; x_wconf 89' lang='lat' dir='ltr'>dolia,</span> <span class='ocrx_word' id='word_1_226' title='bbox 681 3457 716 3510; x_wconf 90' lang='lat' dir='ltr'>et</span> <span class='ocrx_word' id='word_1_227' title='bbox 731 3457 867 3512; x_wconf 88' lang='lat' dir='ltr'>tantum</span> <span class='ocrx_word' id='word_1_228' title='bbox 883 3450 957 3512; x_wconf 90' lang='lat' dir='ltr'>vini</span> <span class='ocrx_word' id='word_1_229' title='bbox 972 3459 1006 3512; x_wconf 94' lang='lat' dir='ltr'>et</span> <span class='ocrx_word' id='word_1_230' title='bbox 1021 3449 1088 3512; x_wconf 89' lang='lat' dir='ltr'>olei</span> <span class='ocrx_word' id='word_1_231' title='bbox 1100 3460 1271 3529; x_wconf 91' lang='lat' dir='ltr'>quantum</span> <span class='ocrx_word' id='word_1_232' title='bbox 1285 3449 1372 3512; x_wconf 91' lang='lat' dir='ltr'>satis</span> <span class='ocrx_word' id='word_1_233' title='bbox 1384 3459 1488 3529; x_wconf 89' lang='lat' dir='ltr'>esset;</span> <span class='ocrx_word' id='word_1_234' title='bbox 1501 3458 1536 3513; x_wconf 85' lang='lat' dir='ltr'>ct</span> <span class='ocrx_word' id='word_1_235' title='bbox 1550 3450 1585 3512; x_wconf 92' lang='lat' dir='ltr'>in</span> 
     </span>
     <span class='ocr_line' id='line_1_30' title="bbox 354 3553 1586 3636; baseline 0.002 -19"><span class='ocrx_word' id='word_1_236' title='bbox 354 3555 505 3635; x_wconf 89' lang='lat' dir='ltr'>pecunia</span> <span class='ocrx_word' id='word_1_237' title='bbox 526 3565 666 3619; x_wconf 90' lang='lat' dir='ltr'>centum</span> <span class='ocrx_word' id='word_1_238' title='bbox 681 3564 716 3618; x_wconf 94' lang='lat' dir='ltr'>et</span> <span class='ocrx_word' id='word_1_239' title='bbox 735 3556 992 3636; x_wconf 89' lang='lat' dir='ltr'>quinquaginta</span> <span class='ocrx_word' id='word_1_240' title='bbox 1007 3573 1146 3619; x_wconf 89' lang='lat' dir='ltr'>aureos.</span> <span class='ocrx_word' id='word_1_241' title='bbox 1164 3553 1285 3636; x_wconf 91' lang='lat' dir='ltr'>Neque</span> <span class='ocrx_word' id='word_1_242' title='bbox 1300 3556 1335 3619; x_wconf 93' lang='lat' dir='ltr'>id</span> <span class='ocrx_word' id='word_1_243' title='bbox 1350 3566 1428 3619; x_wconf 89' lang='lat' dir='ltr'>erat</span> <span class='ocrx_word' id='word_1_244' title='bbox 1443 3556 1586 3620; x_wconf 88' lang='lat' dir='ltr'>difficile</span> 
     </span>
     <span class='ocr_line' id='line_1_31' title="bbox 356 3661 1588 3743; baseline 0.001 -18"><span class='ocrx_word' id='word_1_245' title='bbox 356 3661 505 3740; x_wconf 91' lang='lat' dir='ltr'>civitati,</span> <span class='ocrx_word' id='word_1_246' title='bbox 523 3662 559 3724; x_wconf 90' lang='lat' dir='ltr'>in</span> <span class='ocrx_word' id='word_1_247' title='bbox 574 3679 643 3742; x_wconf 91' lang='lat' dir='ltr'>qua</span> <span class='ocrx_word' id='word_1_248' title='bbox 658 3663 864 3726; x_wconf 89' lang='lat' dir='ltr'>fraternitas</span> <span class='ocrx_word' id='word_1_249' title='bbox 878 3663 1054 3743; x_wconf 89' lang='lat' dir='ltr'>quaedam</span> <span class='ocrx_word' id='word_1_250' title='bbox 1069 3672 1133 3741; x_wconf 91' lang='lat' dir='ltr'>est,</span> <span class='ocrx_word' id='word_1_251' title='bbox 1150 3680 1241 3742; x_wconf 91' lang='lat' dir='ltr'>quae</span> <span class='ocrx_word' id='word_1_252' title='bbox 1257 3664 1325 3727; x_wconf 88' lang='lat' dir='ltr'>tria</span> <span class='ocrx_word' id='word_1_253' title='bbox 1345 3664 1454 3727; x_wconf 89' lang='lat' dir='ltr'>millia</span> <span class='ocrx_word' id='word_1_254' title='bbox 1476 3665 1588 3726; x_wconf 91' lang='lat' dir='ltr'>annui·</span> 
     </span>
     <span class='ocr_line' id='line_1_32' title="bbox 353 3767 1584 3848; baseline 0.002 -17"><span class='ocrx_word' id='word_1_255' title='bbox 353 3767 488 3832; x_wconf 88' lang='lat' dir='ltr'>reditus</span> <span class='ocrx_word' id='word_1_256' title='bbox 502 3769 624 3848; x_wconf 90' lang='lat' dir='ltr'>habet;</span> <span class='ocrx_word' id='word_1_257' title='bbox 640 3779 675 3832; x_wconf 91' lang='lat' dir='ltr'>et</span> <span class='ocrx_word' id='word_1_258' title='bbox 689 3769 857 3848; x_wconf 89' lang='lat' dir='ltr'>sperabat</span> <span class='ocrx_word' id='word_1_259' title='bbox 872 3769 910 3832; x_wconf 88' lang='lat' dir='ltr'>P.</span> <span class='ocrx_word' id='word_1_260' title='bbox 926 3769 1130 3833; x_wconf 89' lang='lat' dir='ltr'>Ludovicus</span> <span class='ocrx_word' id='word_1_261' title='bbox 1146 3787 1218 3832; x_wconf 91' lang='lat' dir='ltr'>non</span> <span class='ocrx_word' id='word_1_262' title='bbox 1236 3770 1410 3834; x_wconf 88' lang='lat' dir='ltr'>minorem</span> <span class='ocrx_word' id='word_1_263' title='bbox 1430 3771 1584 3834; x_wconf 87' lang='lat' dir='ltr'>fructum</span> 
     </span>
     <span class='ocr_line' id='line_1_33' title="bbox 354 3875 1068 3956; baseline 0.001 -19"><span class='ocrx_word' id='word_1_264' title='bbox 354 3891 400 3938; x_wconf 85' lang='lat' dir='ltr'>ex</span> <span class='ocrx_word' id='word_1_265' title='bbox 414 3875 481 3940; x_wconf 92' lang='lat' dir='ltr'>hoc</span> <span class='ocrx_word' id='word_1_266' title='bbox 496 3893 603 3956; x_wconf 90' lang='lat' dir='ltr'>quam</span> <span class='ocrx_word' id='word_1_267' title='bbox 617 3893 663 3939; x_wconf 86' lang='lat' dir='ltr'>ex</span> <span class='ocrx_word' id='word_1_268' title='bbox 676 3875 880 3940; x_wconf 90' lang='lat' dir='ltr'>Florentino</span> <span class='ocrx_word' id='word_1_269' title='bbox 897 3875 1068 3956; x_wconf 89' lang='lat' dir='ltr'>Collegio.</span> 
     </span>
    </p>

    <p class='ocr_par' dir='ltr' id='par_1_5' title="bbox 349 3981 1584 4279">
     <span class='ocr_line' id='line_1_34' title="bbox 411 3981 1584 4066; baseline 0.003 -20"><span class='ocrx_word' id='word_1_270' title='bbox 411 3981 483 4046; x_wconf 82' lang='grc'>546.</span> <span class='ocrx_word' id='word_1_271' title='bbox 526 3981 597 4048; x_wconf 90' lang='lat' dir='ltr'>Res</span> <span class='ocrx_word' id='word_1_272' title='bbox 611 3992 730 4046; x_wconf 90' lang='lat' dir='ltr'>autern</span> <span class='ocrx_word' id='word_1_273' title='bbox 746 3984 782 4046; x_wconf 89' lang='lat' dir='ltr'>in</span> <span class='ocrx_word' id='word_1_274' title='bbox 796 3984 863 4048; x_wconf 94' lang='lat' dir='ltr'>hoc</span> <span class='ocrx_word' id='word_1_275' title='bbox 878 3993 973 4048; x_wconf 90' lang='lat' dir='ltr'>statu</span> <span class='ocrx_word' id='word_1_276' title='bbox 987 3985 1190 4066; x_wconf 90' lang='lat' dir='ltr'>relinquens</span> <span class='ocrx_word' id='word_1_277' title='bbox 1207 3996 1242 4050; x_wconf 89' lang='lat' dir='ltr'>et</span> <span class='ocrx_word' id='word_1_278' title='bbox 1255 3986 1476 4050; x_wconf 90' lang='lat' dir='ltr'>Florentiam</span> <span class='ocrx_word' id='word_1_279' title='bbox 1495 3985 1584 4049; x_wconf 90' lang='lat' dir='ltr'>redi·</span> 
     </span>
     <span class='ocr_line' id='line_1_35' title="bbox 352 4090 1584 4174; baseline 0.003 -22"><span class='ocrx_word' id='word_1_280' title='bbox 352 4096 463 4168; x_wconf 90' lang='lat' dir='ltr'>turus,</span> <span class='ocrx_word' id='word_1_281' title='bbox 480 4098 671 4170; x_wconf 85' lang='lat' dir='ltr'>antequam</span> <span class='ocrx_word' id='word_1_282' title='bbox 685 4090 868 4154; x_wconf 89' lang='lat' dir='ltr'>Bibienam</span> <span class='ocrx_word' id='word_1_283' title='bbox 882 4093 1096 4172; x_wconf 87' lang='lat' dir='ltr'>perveniret,</span> <span class='ocrx_word' id='word_1_284' title='bbox 1113 4093 1149 4156; x_wconf 91' lang='lat' dir='ltr'>in</span> <span class='ocrx_word' id='word_1_285' title='bbox 1164 4094 1319 4174; x_wconf 91' lang='lat' dir='ltr'>quodam</span> <span class='ocrx_word' id='word_1_286' title='bbox 1336 4109 1429 4174; x_wconf 90' lang='lat' dir='ltr'>pago</span> <span class='ocrx_word' id='word_1_287' title='bbox 1450 4094 1584 4156; x_wconf 91' lang='lat' dir='ltr'>intelle-</span> 
     </span>
     <span class='ocr_line' id='line_1_36' title="bbox 349 4197 1583 4279; baseline 0.002 -19"><span class='ocrx_word' id='word_1_288' title='bbox 349 4197 402 4260; x_wconf 87' lang='lat' dir='ltr'>xit</span> <span class='ocrx_word' id='word_1_289' title='bbox 416 4198 548 4260; x_wconf 91' lang='lat' dir='ltr'>nullam</span> <span class='ocrx_word' id='word_1_290' title='bbox 564 4205 636 4260; x_wconf 94' lang='lat' dir='ltr'>toto</span> <span class='ocrx_word' id='word_1_291' title='bbox 653 4215 745 4261; x_wconf 90' lang='lat' dir='ltr'>anno</span> <span class='ocrx_word' id='word_1_292' title='bbox 760 4199 1061 4279; x_wconf 89' lang='lat' dir='ltr'>praedicationem</span> <span class='ocrx_word' id='word_1_293' title='bbox 1075 4201 1125 4263; x_wconf 94' lang='lat' dir='ltr'>ibi</span> <span class='ocrx_word' id='word_1_294' title='bbox 1141 4201 1272 4279; x_wconf 91' lang='lat' dir='ltr'>audiri;</span> <span class='ocrx_word' id='word_1_295' title='bbox 1290 4209 1324 4264; x_wconf 91' lang='lat' dir='ltr'>et</span> <span class='ocrx_word' id='word_1_296' title='bbox 1339 4210 1583 4264; x_wconf 91' lang='lat' dir='ltr'>commoratus</span> 
     </span>
    </p>
   </div>
   <div class='ocr_carea' id='block_1_3' title="bbox 348 4363 1584 4564">
    <p class='ocr_par' dir='ltr' id='par_1_6' title="bbox 348 4363 1584 4564">
     <span class='ocr_line' id='line_1_37' title="bbox 389 4363 1584 4424; baseline 0.005 -16"><span class='ocrx_word' id='word_1_297' title='bbox 389 4363 398 4398; x_wconf 87' lang='lat'>¹</span> <span class='ocrx_word' id='word_1_298' title='bbox 425 4363 471 4408; x_wconf 74' lang='lat' dir='ltr'>lde.</span> <span class='ocrx_word' id='word_1_299' title='bbox 483 4363 637 4420; x_wconf 66' lang='lat' dir='ltr'>aretinum</span> <span class='ocrx_word' id='word_1_300' title='bbox 646 4367 692 4410; x_wconf 81' lang='lat' dir='ltr'>sed</span> <span class='ocrx_word' id='word_1_301' title='bbox 702 4367 764 4411; x_wconf 85' lang='lat' dir='ltr'>nulli</span> <span class='ocrx_word' id='word_1_302' title='bbox 776 4367 829 4410; x_wconf 87' lang='lat' dir='ltr'>fere</span> <span class='ocrx_word' id='word_1_303' title='bbox 840 4367 917 4412; x_wconf 86' lang='lat' dir='ltr'>dubio</span> <span class='ocrx_word' id='word_1_304' title='bbox 929 4370 999 4414; x_wconf 84' lang='lat' dir='ltr'>locns</span> <span class='ocrx_word' id='word_1_305' title='bbox 1011 4375 1050 4413; x_wconf 79' lang='lat' dir='ltr'>est</span> <span class='ocrx_word' id='word_1_306' title='bbox 1066 4369 1126 4423; x_wconf 87' lang='lat' dir='ltr'>quln</span> <span class='ocrx_word' id='word_1_307' title='bbox 1136 4370 1274 4424; x_wconf 73' lang='lat' dir='ltr'>legendum</span> <span class='ocrx_word' id='word_1_308' title='bbox 1286 4371 1322 4414; x_wconf 78' lang='lat' dir='ltr'>sit</span> <span class='ocrx_word' id='word_1_309' title='bbox 1335 4369 1542 4423; x_wconf 74' lang='lat' dir='ltr'>Casrrgltonem,</span> <span class='ocrx_word' id='word_1_310' title='bbox 1556 4377 1584 4414; x_wconf 88' lang='lat' dir='ltr'>ut</span> 
     </span>
     <span class='ocr_line' id='line_1_38' title="bbox 348 4435 822 4482; baseline 0.004 -2"><span class='ocrx_word' id='word_1_311' title='bbox 348 4435 419 4480; x_wconf 76' lang='lat' dir='ltr'>clare</span> <span class='ocrx_word' id='word_1_312' title='bbox 431 4435 500 4480; x_wconf 78' lang='lat' dir='ltr'>satis</span> <span class='ocrx_word' id='word_1_313' title='bbox 511 4437 625 4480; x_wconf 87' lang='lat' dir='ltr'>innuitur</span> <span class='ocrx_word' id='word_1_314' title='bbox 635 4449 677 4481; x_wconf 88' lang='lat' dir='ltr'>nn.</span> <span class='ocrx_word' id='word_1_315' title='bbox 686 4439 726 4482; x_wconf 90' lang='grc'>544</span> <span class='ocrx_word' id='word_1_316' title='bbox 736 4443 762 4482; x_wconf 88' lang='lat' dir='ltr'>et</span> <span class='ocrx_word' id='word_1_317' title='bbox 772 4439 822 4482; x_wconf 85' lang='grc'>545.</span> 
     </span>
     <span class='ocr_line' id='line_1_39' title="bbox 390 4507 874 4564; baseline 0.008 -14"><span class='ocrx_word' id='word_1_318' title='bbox 390 4509 402 4539; x_wconf 80' lang='lat'><strong>¹</strong></span> <span class='ocrx_word' id='word_1_319' title='bbox 430 4507 498 4552; x_wconf 87' lang='lat' dir='ltr'>Vide</span> <span class='ocrx_word' id='word_1_320' title='bbox 507 4519 595 4562; x_wconf 73' lang='lat' dir='ltr'>snpra,</span> <span class='ocrx_word' id='word_1_321' title='bbox 607 4515 626 4552; x_wconf 93' lang='lat' dir='ltr'>t.</span> <span class='ocrx_word' id='word_1_322' title='bbox 636 4521 663 4564; x_wconf 86' lang='grc' dir='ltr'>ιι,</span> <span class='ocrx_word' id='word_1_323' title='bbox 674 4521 733 4564; x_wconf 76' lang='lat' dir='ltr'>pag.</span> <span class='ocrx_word' id='word_1_324' title='bbox 744 4511 793 4564; x_wconf 78' lang='grc'>428,</span> <span class='ocrx_word' id='word_1_325' title='bbox 804 4521 828 4554; x_wconf 89' lang='grc' dir='ltr'>ιι.</span> <span class='ocrx_word' id='word_1_326' title='bbox 841 4511 874 4554; x_wconf 75' lang='grc'>24.</span> 
     </span>
    </p>
   </div>
   <div class='ocr_carea' id='block_1_4' title="bbox 387 4591 560 4658">
    <p class='ocr_par' dir='ltr' id='par_1_7' title="bbox 387 4591 560 4658">
     <span class='ocr_line' id='line_1_40' title="bbox 387 4591 560 4658; baseline -0.006 0"><span class='ocrx_word' id='word_1_327' title='bbox 387 4591 560 4658; x_wconf 52' lang='lat' dir='ltr'>Uis-Q.</span> 
     </span>
    </p>
   </div>
   <div class='ocr_carea' id='block_1_5' title="bbox 0 0 1826 5350">
    <p class='ocr_par' dir='ltr' id='par_1_8' title="bbox 0 0 1826 5350">
     <span class='ocr_line' id='line_1_41' title="bbox 0 0 1826 5350; baseline 0 7"><span class='ocrx_word' id='word_1_328' title='bbox 0 0 1826 5350; x_wconf 95' lang='lat' dir='ltr'> </span> 
     </span>
    </p>
   </div>
  </div>
 </body>
</html>
