3642 5350
246 420 248 424 ν
317 361 375 448 aba
778 390 904 453 Canon.
925 393 999 452 soc.
1019 391 1089 466 Jns.

377 531 468 600 2384.
511 533 701 600 Dominica
726 536 830 600 tertia
855 536 1043 602 Adventus
1064 535 1210 616 J'ubilaei
1233 535 1442 616 gratiam,a
1462 535 1551 600 Pau·

315 643 351 706 lo
365 639 417 706 IV
431 658 658 721 concessam,
682 643 858 707 murciani
873 644 1056 708 consecuti
1080 652 1181 723 sunt;
1207 651 1243 706 et
1263 643 1428 723 quamvis
1441 643 1550 707 breve

316 749 382 817 suit
396 757 536 829 tempus
551 749 596 814 ad
611 748 850 836 confitendum
865 751 1142 832 praescriptum,
1156 749 1193 814 in
1206 749 1386 830 praedicto
1394 748 1551 830 Jubilaeo

316 855 459 935 plurimi
473 857 656 938 utriusque
671 874 779 922 sexus
794 859 927 922 nostris
954 858 1215 936 confessisunt,
1238 866 1273 922 et
1288 856 1379 920 inter
1393 873 1456 920 eos
1470 856 1550 938 Epi·

315 962 416 1044 scopi
435 961 585 1042 familia,
613 973 647 1028 et
671 963 783 1046 quiin
798 965 961 1030 custodia
982 965 1123 1046 publica
1142 963 1403 1043 detinebantur,
1422 963 1550 1044 quibus

316 1071 430 1134 nostri
446 1070 648 1135 adsuerunt.

376 1175 467 1242 2385.
512 1176 685 1242 Curatum
698 1189 754 1252 est
774 1180 881 1244 etiam
903 1181 948 1245 ab
968 1180 1030 1258 eis,
1052 1187 1091 1243 ut
1109 1195 1231 1242 omnes
1247 1194 1420 1258 pauperes
1434 1177 1549 1258 hospi·

315 1284 398 1348 talis
417 1294 453 1348 et
469 1283 721 1351 confiterentur
734 1301 770 1352 et
790 1287 836 1350 ad
857 1287 951 1352 hanc
964 1286 1119 1368 gratiam
1138 1284 1365 1350 obtinendam
1381 1301 1420 1348 se
1435 1284 1550 1366 dispo·

316 1401 452 1472 nerent;
470 1401 505 1455 et
519 1393 568 1456 ita
583 1401 713 1473 quarta
727 1394 904 1458 dominica
926 1394 1114 1458 Adventus
1133 1392 1451 1472 communicarunt,
1468 1391 1552 1473 quia

316 1515 388 1564 non
410 1499 462 1563 eis
477 1510 581 1564 antea
596 1499 713 1564 fuerat
734 1503 1007 1581 promulgatum.

374 1605 466 1671 2386.
509 1605 654 1672 Praeter
669 1607 772 1672 ΒΜ
787 1608 985 1691 Baptistam
1002 1613 1023 1689 ¹,
1039 1610 1131 1674 alius
1145 1609 1252 1674 etiam
1271 1626 1317 1672 ex
1336 1608 1469 1672 nostris
1486 1623 1551 1689 per

315 1715 506 1800 parochias
521 1715 811 1796 concionabatur,
828 1726 863 1782 et
877 1717 983 1782 valde
998 1726 1168 1799 acceptus
1182 1726 1271 1791 erat,
1288 1733 1370 1779 cum
1390 1733 1462 1780 non
1479 1731 1551 1779 me·

315 1815 428 1886 diocri
447 1823 581 1886 talento
604 1822 787 1901 praeditus
807 1833 911 1888 esset.
933 1823 1012 1904 lpse
1028 1833 1146 1888 autem
1161 1823 1226 1888 Dr.
1249 1824 1411 1904 Baptista
1429 1823 1550 1902 singu·

314 1929 358 1994 lis
373 1929 561 1993 dominicis
576 1929 700 1994 diebus
715 1930 904 1995 Adventus
918 1932 975 1996 bis
987 1931 1284 2011 concionabatur,
1300 1948 1406 1995 mane
1423 1930 1460 1993 in
1480 1929 1549 2010 pri·

316 2036 430 2100 maria
443 2037 613 2116 parochia
631 2035 714 2100 Suae
729 2037 957 2117 Catharinae,
974 2048 1008 2102 et
1031 2039 1174 2120 vesperi
1196 2039 1234 2102 in
1255 2037 1409 2118 quodam
1428 2053 1550 2101 mona-

314 2142 423 2206 sterio
438 2142 698 2222 religiosarum,
715 2161 807 2225 quae
821 2144 1000 2226 Episcopo
1014 2146 1177 2210 subditae
1196 2154 1297 2225 sunt;
1319 2163 1385 2209 nec
1405 2143 1482 2208 sine
1499 2144 1549 2208 in·

315 2249 582 2330 signiprofectu
594 2251 746 2316 illarum.

375 2353 468 2420 2387.
510 2355 602 2420 Nam
617 2356 774 2438 eJusdem
789 2358 826 2422 P.
842 2359 1025 2440 Baptistae
1041 2369 1075 2424 et
1090 2361 1242 2426 aliorum
1256 2377 1302 2425 ex
1320 2360 1453 2422 nostris
1471 2375 1551 2438 ope-

315 2481 368 2544 ra,
385 2464 513 2546 quibus
528 2465 730 2545 frequenter
745 2467 1017 2541 confitebantur,
1033 2467 1200 2532 eflectum
1218 2475 1286 2546 est,
1303 2477 1341 2530 ut
1356 2483 1436 2530 cum
1451 2483 1551 2546 prae·

315 2571 448 2635 dictum
465 2573 720 2638 monasterium
735 2574 833 2654 prius
858 2575 950 2638 male
971 2575 1161 2640 admodum
1180 2575 1334 2650 audiret,
1358 2583 1392 2636 et
1413 2573 1551 2637 civitati

315 2678 525 2746 offendiculo
540 2690 645 2757 esset;
661 2682 714 2746 sic
734 2700 772 2745 se
791 2683 1014 2763 colligerent,
1034 2694 1073 2747 ut
1093 2700 1173 2747 cum
1193 2683 1367 2765 spirituali
1388 2699 1452 2745 suo
1472 2698 1550 2762 pro·

315 2786 408 2851 lectu
425 2788 558 2852 bonum
571 2787 643 2869 jam
659 2807 789 2853 nomen
805 2799 841 2854 et
855 2790 989 2854 famam
1004 2790 1099 2871 apud
1112 2791 1275 2855 homines
1288 2791 1354 2855 sibi
1368 2797 1548 2871 pararent.

373 2892 465 2959 2388.
509 2896 548 2959 ln
564 2897 694 2977 populo
708 2907 827 2961 autem
840 2898 985 2961 inducta
996 2898 1061 2962 fuit
1073 2908 1379 2961 sacramentorum
1390 2896 1551 2976 frequen·

314 3002 374 3079 tia,
392 3010 430 3065 ut
445 3002 505 3066 diu
523 3013 668 3067 versata
687 3004 810 3068 fuisset
829 3003 990 3069 Societas
1009 3023 1051 3069 ea
1072 3005 1108 3069 in
1127 3005 1271 3068 civitate
1292 3004 1484 3068 videretur.
1505 3002 1550 3067 Et

314 3108 489 3195 hactenus
504 3127 597 3173 anno
615 3110 704 3189 1555,
721 3129 812 3192 quae
828 3112 994 3188 diximus,
1012 3122 1093 3175 acta
1108 3111 1261 3175 suerunt.

373 3214 465 3279 2389.
509 3216 611 3281 Initio
637 3216 742 3298 hujus
767 3219 849 3282 anni
873 3218 961 3297 1556,
986 3218 1025 3282 Ρ.
1046 3218 1185 3283 Natalis
1206 3236 1287 3282 cum
1306 3217 1344 3282 P.
1366 3217 1551 3281 Ludovico

314 3322 495 3386 Gonzalcz
511 3322 521 3354 '
537 3334 572 3386 et
587 3324 666 3388 aliis
681 3327 924 3406 compluribus
938 3325 1058 3404 sociiS,
1076 3326 1137 3407 qui
1151 3327 1216 3389 sub
1231 3325 1335 3390 linem
1352 3324 1436 3388 anni
1450 3341 1550 3405 prae

313 3430 409 3493 teriti
423 3430 551 3494 Genua
565 3432 760 3511 solverant,
777 3443 811 3495 et
826 3433 862 3496 in
877 3432 1089 3512 Hispaniam
1104 3438 1355 3513 pervenerant,
1377 3429 1552 3495 Murciam

314 3538 536 3619 appulerunt;
553 3547 587 3602 et
601 3539 750 3603 multum
765 3540 1021 3603 consolationis
1036 3540 1180 3617 nostris,
1197 3549 1232 3603 et
1247 3540 1351 3602 etiam
1373 3537 1551 3618 Episcopo

313 3645 517 3719 attulerunt,
534 3645 593 3726 qui
615 3646 776 3710 omnibus
796 3648 869 3711 fere
888 3646 1100 3711 vestimenta
1122 3646 1248 3711 confici
1269 3646 1422 3724 curavit,
1443 3655 1478 3709 et
1497 3662 1550 3709 re·

313 3752 379 3815 bus
395 3754 603 3833 opportunis
619 3752 662 3816 ad
678 3754 745 3818 iter
766 3772 894 3818 versus
914 3753 1171 3833 Portugalliam
1192 3754 1346 3833 reliquos
1368 3752 1549 3827 instruxit,

311 3869 453 3939 praeter
468 3859 610 3924 Patrem
625 3860 804 3939 Natalem,
827 3862 898 3941 qui,
920 3870 1049 3939 rogatu
1070 3860 1186 3925 Patris
1205 3860 1399 3940 Baptistae,
1419 3858 1548 3922 Valen-

311 3966 410 4044 tiam,
427 3975 465 4030 ut
477 3969 639 4047 superius
652 3969 833 4047 tetigimus
846 3967 870 4046 ³,
883 3968 992 4043 venit,
1007 3978 1197 4048 antequam
1209 3967 1245 4029 in
1257 3982 1406 4046 regnum
1418 3966 1550 4029 Castel-

305 4074 366 4137 ‘lae
380 4074 596 4153 perveniret.

357 4280 366 4313 Ι
394 4278 521 4332 Loquitur
531 4281 562 4323 de
573 4280 605 4323 P.
619 4280 739 4335 Baptista
750 4282 781 4325 de
790 4281 894 4325 Barma.

356 4350 367 4383 Ι
393 4350 542 4395 Ludovlcus
553 4350 700 4402 Goncalvez
714 4353 748 4396 da
765 4353 884 4405 Cumara,
903 4353 935 4395 de
950 4364 1000 4406 qno
1017 4364 1094 4407 saepe
1113 4352 1210 4396 dictum
1227 4359 1275 4394 est.
1291 4352 1359 4395 Vide
1377 4362 1466 4405 supra,
1485 4356 1505 4393 t.
1520 4360 1549 4400 v,

311 4431 370 4475 pag.
387 4420 433 4475 116Ι
449 4432 473 4465 n.
484 4422 532 4477 822,
542 4422 584 4465 nbi
594 4421 624 4464 de
636 4422 684 4467 hoc
694 4424 786 4467 itinere
798 4428 838 4466 est
848 4434 942 4475 sermo.
953 4430 979 4466 et
988 4434 1047 4477 pag.
1056 4422 1091 4475 w,
1102 4434 1126 4467 n.
1134 4422 1171 4479 523
1181 4433 1279 4466 necnon
1289 4423 1315 4466 in
1326 4422 1381 4478 ipso
1389 4424 1439 4465 hoc
1448 4421 1498 4465 vol.
1508 4428 1547 4472 vt,

371 4492 399 4534 .l
455 4492 502 4535 ,SA

316 4502 368 4595 m}
390 4490 484 4617 gusta
492 4577 516 4607 n.
527 4564 688 4618 wod-Quae
700 4576 763 4609 vero
774 4567 807 4609 ad
816 4566 844 4609 P.
855 4564 940 4610 Nadal
949 4572 1079 4620 spectant.
1090 4568 1174 4610 locum
1183 4565 1389 4617 senmourmae,
1401 4570 1429 4609 ut
1438 4575 1486 4619 par
1493 4568 1544 4618 ent,

308 4646 327 4677 a
339 4636 452 4679 caeteris
462 4636 620 4689 distluctum,
632 4638 699 4693 apud
711 4644 801 4681 nostra
811 4636 971 4681 lloauunura
983 4637 1008 4683 ln
1021 4636 1161 4693 Epistulae
1172 4637 1201 4681 P.
1213 4636 1312 4689 Natini,
1321 4644 1341 4682 t.
1351 4648 1370 4681 r.
