3642 5350
375 428 429 490 810
836 430 964 491 Canon.
984 428 1060 491 Soc.
1080 430 1151 505 Jus.

375 574 524 655 Nugnez
539 575 560 656 ¹,
577 575 778 641 Malacham
792 593 838 642 ex
852 577 1003 641 Malucis
1017 576 1144 641 insulis
1157 585 1350 657 venerunt,
1365 586 1404 642 ut
1421 578 1607 659 operarios

375 684 514 765 aliquos
525 682 571 748 ad
585 684 728 749 vineam
739 684 837 749 illam
848 685 1090 763 excolendam,
1104 701 1195 767 quae
1207 685 1365 765 ipsorum
1377 683 1517 749 deiectu
1528 700 1604 766 per·

268 850 271 857 .
376 790 460 867 ibat,
476 800 652 873 peterent;
674 791 797 857 deerat
811 792 905 857 enim
920 794 978 873 qui
998 792 1213 873 baptismum
1232 790 1426 857 infantibus
1443 792 1603 873 inferret,

377 897 505 962 nedum
519 898 580 980 qui
595 899 725 963 adultis
739 899 979 964 necessariam
994 899 1120 963 salutis
1136 897 1336 963 doctrinam
1354 909 1602 981 proponerent.

378 1003 447 1071 Sed
461 1022 622 1070 seorsum
637 1004 681 1071 de
696 1005 845 1071 Malucis
859 1007 1038 1087 agendum
1056 1015 1121 1071 est.

566 1432 631 1498 DE
652 1431 853 1500 NOSTRIS
875 1432 956 1514 QUI
975 1431 1023 1499 IN
1043 1431 1248 1500 MALUCIS
1269 1432 1446 1501 INSULIS

914 1667 1086 1714 RESIDENT

441 1971 532 2035 3469.
576 1971 671 2037 Inter
686 1972 871 2041 Muluchas
886 1972 1032 2052 insulas,
1048 1988 1140 2053 quae
1155 1971 1430 2037 innumerabiles
1446 1971 1515 2035 hoc
1529 1987 1609 2035 cen·

382 2088 504 2143 sentur
517 2079 671 2159 nomine,
687 2098 758 2144 uua
774 2090 827 2145 est
842 2097 951 2162 quam
964 2079 1169 2144 Maluchum
1183 2088 1314 2143 vocant
1333 2084 1362 2157 ¹,
1385 2078 1462 2143 sive
1480 2077 1610 2142 Terna-
1694 2164 1702 2175 ι

383 2198 465 2264 tem,
482 2204 553 2251 uno
567 2195 704 2253 tantum
718 2188 834 2268 gradu
851 2206 870 2251 a
894 2188 987 2253 linea
1007 2187 1258 2268 aequinoctiali
1271 2185 1420 2266 distans,
1440 2186 1477 2249 in
1496 2200 1609 2265 regno

332 2327 335 2332 ·
384 2291 568 2374 cuiusdam
588 2294 774 2376 Principis,
795 2297 854 2360 ilia
876 2296 913 2359 in
927 2297 1073 2375 regione
1087 2295 1335 2375 potentissimi,
1353 2309 1457 2376 quem
1476 2292 1610 2374 Regem

383 2400 549 2466 Ternatis
563 2412 705 2482 vocant,
721 2405 781 2484 qui
801 2404 965 2468 lusitanis
982 2402 1195 2467 familiarem
1213 2418 1302 2477 sese,
1324 2411 1360 2466 et
1378 2401 1470 2482 Regi
1488 2399 1610 2466 Portu·

384 2508 513 2587 galliae
533 2508 713 2575 addictum
731 2527 770 2575 se
790 2527 870 2575 esse
890 2509 1112 2587 ostendebat;
1134 2517 1170 2572 et
1189 2509 1233 2573 de
1251 2519 1350 2573 secta
1364 2508 1556 2574 Mahometi
1570 2526 1611 2573 se

384 2616 475 2682 male
490 2617 622 2683 sentire
637 2616 815 2683 interdum
829 2616 1065 2698 significabat,
1082 2633 1189 2699 quam
1200 2624 1319 2682 tamen
1333 2616 1558 2699 sequebatur;
1574 2626 1610 2682 et

385 2743 429 2789 ne
456 2724 502 2788 ad
529 2724 634 2789 fidem
662 2726 938 2790 christianorum
960 2725 1158 2804 accederet,
1185 2733 1331 2806 propter
1356 2723 1610 2806 perfectionem

385 2832 615 2912 evangelicae
629 2832 813 2898 doctrinae
828 2849 866 2896 se
881 2832 1091 2912 excusabat,
1114 2840 1150 2896 et
1169 2831 1265 2913 quod
1285 2831 1413 2896 durum
1427 2832 1497 2913 ipsi
1514 2831 1610 2896 vide·

384 2949 481 3003 retur
498 2955 649 3004 uxorum
673 2939 946 3019 multitudinem,
968 2956 1074 3022 quam
1096 2939 1217 3034 lrabet,
1238 2938 1431 3019 dimittere;
1452 2939 1517 3004 sed
1535 2955 1612 3003 am·

386 3045 512 3111 bitiose
527 3055 561 3110 et
576 3047 722 3112 subdole
738 3047 826 3111 haec
841 3046 888 3111 ab
906 3064 949 3111 eo
963 3046 1034 3110 dici
1051 3045 1245 3111 verisimile
1263 3054 1333 3125 est,
1354 3062 1436 3110 cum
1454 3044 1613 3110 christia·

385 3170 461 3234 nos,
476 3169 558 3218 cum
573 3154 756 3219 commode
771 3163 806 3218 et
819 3154 896 3218 sine
910 3153 1053 3218 arbitris
1067 3162 1223 3234 poterat,
1244 3152 1433 3233 occideret,
1456 3162 1492 3217 et
1510 3169 1613 3218 suum

385 3277 534 3342 regnum
549 3260 741 3326 extendere
756 3259 945 3342 diligenter
959 3261 1143 3325 niteretur.
1156 3330 1159 3337 ‚

415 3443 418 3450 ,
444 3365 536 3432 3470.
578 3366 757 3449 Linguam
778 3369 1013 3433 lusitanorum
1036 3377 1070 3432 et
1091 3368 1309 3449 intelligebat
1328 3377 1365 3433 et
1388 3369 1612 3450 loquebatur.

385 3476 439 3542 Ex
453 3475 558 3557 hujus
572 3474 681 3556 Regis
695 3492 828 3556 genere
847 3475 956 3557 aliqui
975 3471 1208 3539 christianum
1227 3476 1436 3556 religionem
1452 3492 1614 3557 suscepe-

386 3592 478 3663 rant,
496 3601 539 3648 ac
558 3583 748 3666 praecipue
763 3581 901 3663 Regina
917 3583 1105 3664 quaedam,
1122 3583 1226 3647 vaide
1239 3583 1396 3664 prudens
1410 3593 1446 3648 et
1460 3584 1498 3648 iu
1516 3593 1614 3648 secta

388 3689 581 3756 Mahometi
603 3690 710 3760 ‚valde
725 3690 808 3754 olim
823 3699 980 3769 versata,
996 3707 1088 3771 quae
1102 3708 1124 3754 a
1139 3689 1176 3754 P.
1192 3690 1388 3755 Francisco
1407 3691 1545 3757 Xavier
1569 3691 1615 3755 ad

387 3798 568 3864 Christum
583 3797 648 3862 suit
662 3815 854 3876 conversa,
871 3814 979 3879 quam
994 3808 1137 3862 secutus
1155 3807 1210 3862 est
1231 3797 1321 3862 lilius
1335 3797 1428 3880 eJ'us,
1451 3808 1487 3863 et
1505 3799 1616 3880 legiti-

390 3924 467 3971 mus
480 3904 587 3988 Regis
599 3905 745 3970 Ternati
756 3906 896 3984 haeres,
907 3905 1049 3970 nomine
1060 3906 1281 3987 Emmanuel,
1294 3907 1355 3988 qui
1365 3907 1402 3970 in
1412 3907 1512 3972 india
1523 3922 1616 3972 mor·

389 4024 470 4079 tuus
484 4023 549 4092 est;
567 4022 601 4078 et
615 4022 696 4094 post
709 4010 786 4094 ejus
801 4021 951 4077 mortem
971 4030 1041 4077 non
1060 4012 1138 4095 jure
1158 4013 1222 4078 sed
1241 4015 1353 4078 armis
1367 4013 1509 4096 [Acrius
1523 4012 1546 4093 ⁸,
1562 4023 1616 4096 ty·

432 4331 439 4360 ⁸
469 4327 536 4374 Vide
547 4328 623 4378 inira.
634 4339 658 4372 n.
668 4327 730 4378 8493,
740 4326 796 4371 3⁴95
804 4333 831 4372 et
840 4338 904 4382 aeq..
914 4326 958 4371 nbi
969 4338 1053 4372 sermo
1063 4327 1094 4388 de
1105 4329 1169 4382 ipsis
1178 4327 1282 4373 redibit

431 4401 443 4434 ¹
470 4401 536 4446 Vide
546 4410 634 4455 snpra.
645 4406 664 4445 t.
671 4413 698 4454 v,
708 4411 768 4454 pag.
778 4397 827 4453 709,
837 4409 862 4442 n.
871 4399 932 4460 ¹⁹⁷.⁵3
942 4405 962 4442 t.
973 4409 1009 4451 ιν,
1020 4409 1080 4454 pag.
1090 4399 1139 4452 6⁶8,
1147 4409 1172 4443 n.
1181 4400 1243 4453 itan
1250 4407 1270 4444 t.
1280 4411 1317 4453 ru,
1326 4411 1386 4456 pag.
1397 4400 1446 4456 490,
1461 4413 1486 4447 n.
1498 4401 1559 4458 iiiiii,
1569 4408 1622 4448 etc.

393 4485 424 4519 ac
434 4473 572 4528 prasertim
582 4479 601 4514 t.
611 4483 628 4523 r,
638 4481 698 4526 pag.
708 4471 757 4522 258,
767 4471 815 4524 229,
826 4481 849 4516 n.
858 4469 906 4524 221,
915 4480 1001 4514 annot.
1012 4470 1033 4514 2.

432 4545 444 4578 ³
471 4543 587 4589 Obscura
597 4544 661 4587 haec
672 4549 698 4586 et
709 4544 774 4588 satia
783 4543 906 4598 implexa,
917 4553 985 4596 quae
994 4551 1011 4586 a
1021 4541 1135 4587 Polanco
1144 4543 1186 4587 hia
1200 4544 1315 4588 numeria
1324 4544 1499 4600 attinguntur,
1508 4546 1620 4602 intelligi

391 4621 521 4672 poterunt.
533 4616 648 4660 aretiam
663 4614 803 4664 emendari,
818 4627 851 4659 ex
865 4614 1017 4660 narratione
1026 4621 1171 4666 auctorum,
1186 4626 1250 4671 quoa
1264 4618 1382 4672 aequanti
1396 4627 1502 4664 numero
1512 4619 1620 4674 proferi-

392 4681 1619 4743 naariam,volenteoeonnepiuoiureminniearnn,proxlnemtaandta‚aaoiaoinaa
