3642 5350
824 411 887 468 Au.
909 408 979 469 1556
1460 411 1511 470 149

281 555 331 619 1111
345 556 490 637 palati0,
507 557 543 621 in
559 574 629 637 quo
640 558 745 621 valde
760 558 925 637 cognitus
940 567 1028 637 erat,
1042 557 1286 621 admirationis
1300 566 1335 621 et
1349 557 1509 622 aedifica·

282 664 388 728 tionis
403 665 579 745 praebuit.

340 771 412 835 553.
457 771 527 836 Sub
543 772 681 835 initium
696 773 815 836 Martii
829 773 978 837 Cantica
997 771 1226 837 Canticorum
1240 789 1321 837 cum
1335 772 1510 852 frequenti

281 879 456 943 auditorio
471 877 508 943 P.
525 879 728 943 Ludovicus
743 880 779 942 in
794 880 924 960 templo
940 889 1061 943 nostro
1076 890 1109 943 et
1125 880 1267 959 quidem
1278 896 1360 943 cum
1373 896 1507 959 magna

280 986 523 1051 satisfactione
534 1003 703 1051 enarrare
716 987 842 1067 coepit.
856 984 893 1050 P.
909 986 1067 1050 Didacus
1077 988 1258 1066 militibus
1272 986 1379 1051 Pater
1391 996 1509 1052 autem

280 1094 439 1175 Baptista
461 1092 468 1124 ¹
494 1095 720 1158 monasteriis
742 1094 951 1175 quibusdam
976 1095 1044 1158 hac
1067 1094 1347 1174 Quadragesima
1368 1096 1508 1159 concio-

280 1202 354 1265 nati
373 1210 465 1265 sunt.

337 1307 408 1371 554.
451 1308 609 1373 Venerat
625 1319 742 1373 autem
758 1328 801 1373 ex
814 1309 972 1389 Collegio
984 1308 1120 1372 Baezae
1136 1309 1172 1371 in
1182 1308 1356 1388 Hispania
1366 1307 1508 1390 juvenis

278 1416 432 1496 quidam,
460 1417 603 1480 natione
621 1417 748 1495 galluS,
770 1427 807 1480 ut
827 1416 865 1480 Ρ.
891 1416 1068 1480 Didacum
1090 1425 1287 1497 quaereret,
1310 1425 1345 1479 et
1360 1435 1440 1480 cum
1455 1418 1504 1481 in·

276 1523 378 1601 gredi
392 1522 605 1587 Societatem
630 1522 848 1587 decrevisset
867 1541 912 1586 ac
933 1522 1083 1586 Romam
1101 1523 1231 1586 missus
1253 1533 1359 1603 esset,
1380 1524 1426 1586 ibi
1446 1524 1507 1589 ad-

278 1630 406 1693 missus
417 1638 481 1694 est.

335 1736 406 1801 555.
451 1738 585 1801 Eodem
608 1748 766 1818 tempore
794 1737 981 1801 Balthasar
1002 1736 1206 1816 Ostovinu5‚
1237 1736 1418 1817 bohemus,
1447 1740 1506 1819 qui

277 1840 491 1907 Societatem
515 1845 655 1925 ingredi
678 1846 776 1925 prius
798 1844 1032 1908 constituerat
1057 1854 1091 1906 et
1115 1843 1316 1907 Florentiae
1337 1845 1504 1908 versaba-

276 1959 332 2014 tur
348 1950 370 2029 ’,
392 1960 477 2015 vota
497 1969 574 2031 sua,
595 1968 725 2031 magno
747 1969 828 2015 cum
847 1951 989 2015 fervore
1008 1951 1150 2031 emissa,
1177 1950 1215 2013 Ρ.
1232 1950 1414 2014 Ludovico
1435 1951 1503 2015 Ro-

276 2076 370 2122 mam
384 2058 554 2123 mittenda
570 2060 725 2123 tradidit.

333 2166 405 2229 556.
448 2165 558 2230 Paulo
572 2175 654 2247 post
670 2166 785 2245 Aprili
805 2183 926 2229 mense
946 2165 985 2228 P.
1003 2163 1174 2228 Pontius³
1196 2182 1277 2227 cum
1297 2166 1394 2228 socio
1409 2166 1502 2248 Julio

275 2272 434 2353 Onofri0‚
451 2273 602 2338 Romam
616 2292 661 2337 ex
677 2273 869 2354 Aquitania
884 2272 1035 2351 rediens
1055 2272 1236 2335 Florentia
1255 2271 1422 2336 transivit
1436 2270 1459 2335 ⁴.

333 2380 405 2443 557.
448 2381 521 2445 Alii
535 2382 642 2445 etiam
657 2382 815 2444 nonnulli
832 2380 1046 2445 Societatem
1061 2379 1200 2457 ingredi
1211 2379 1398 2459 cupiebant
1409 2389 1444 2443 et
1456 2380 1502 2445 ad

276 2488 406 2552 ostium
420 2490 619 2570 pulsabant.

333 2594 405 2659 558.
450 2595 522 2661 Sub
544 2596 649 2660 linem
668 2605 786 2659 autem
808 2596 1112 2676 Quadragesimae
1129 2603 1229 2658 tanta
1247 2594 1501 2676 poenitentium

273 2704 460 2768 multitudo
475 2705 675 2768 confluebat
691 2713 729 2767 ut
744 2723 787 2768 ne
804 2713 953 2784 quartae
969 2702 1109 2785 quidem
1129 2720 1252 2767 eorum
1271 2703 1364 2784 parti
1378 2713 1499 2784 posset

273 2812 447 2877 satisfieri.

331 2920 403 2982 559.
446 2919 657 2984 Aedificium
679 2919 827 2999 Collegii
851 2920 964 2983 nostri
986 2918 1091 2999 jussit
1116 2917 1270 2984 Ducissa
1298 2919 1437 2982 absolvi
1462 2929 1496 2984 et

270 3028 424 3108 quinque
440 3029 497 3090 vel
512 3044 576 3091 sex
590 3028 751 3092 cubicula
768 3036 802 3091 et
818 3028 908 3090 aliae
931 3026 1104 3106 quaedam
1125 3026 1372 3107 habitationes
1394 3035 1433 3090 ut
1448 3035 1498 3090 to·

269 3134 450 3198 lerabilius
476 3135 588 3198 nostri
612 3135 826 3212 habitarent,
859 3133 1045 3198 confectae
1069 3142 1163 3196 sunt.
1194 3133 1362 3214 Aliquam
1390 3134 1496 3197 etiam

272 3242 443 3322 pecuniae
464 3259 649 3322 summam,
671 3242 707 3304 id
728 3251 781 3305 est
802 3241 1059 3322 quinquaginta
1079 3257 1218 3319 aureos,
1238 3257 1320 3303 cum
1338 3238 1429 3304 Pisis
1443 3258 1495 3304 re·

269 3349 415 3412 diissent
429 3348 550 3412 Duces
565 3350 601 3413 in
616 3349 738 3428 vigilia
755 3349 996 3426 AscensioniS,
1017 3348 1199 3410 miserunt.

328 3455 397 3520 560.
442 3456 512 3520 Cur
531 3467 656 3532 autem
676 3465 749 3520 tam
772 3456 927 3534 opulenti
945 3451 1127 3534 Principes
1148 3455 1292 3532 parcius
1307 3472 1413 3536 quam
1435 3457 1495 3519 alii

269 3581 326 3626 res
346 3563 533 3628 Societatis
552 3562 730 3644 juvarent,
754 3563 903 3642 intelligi
927 3563 1040 3642 potuit
1055 3580 1100 3624 ex
1121 3571 1222 3642 parte
1237 3563 1426 3642 provenire
1448 3581 1494 3626 ex

268 3668 379 3734 Ducis
394 3681 579 3751 conceptu,
595 3688 700 3751 quem
715 3668 937 3751 [declaravit]
954 3670 1045 3732 inter
1057 3669 1268 3749 loquendum
1280 3687 1361 3733 cum
1371 3679 1494 3734 nostro

268 3779 420 3860 quodam
431 3780 558 3857 amice,
570 3779 613 3842 de
625 3797 694 3858 quo
706 3778 794 3841 alias
806 3778 937 3840 mentio
949 3776 1044 3840 facta
1056 3786 1120 3856 est,
1134 3792 1238 3858 quem
1250 3778 1403 3858 equitem
1413 3777 1443 3840 F
1445 3780 1493 3842 ul·

268 3903 351 3950 vum
366 3887 625 3949 nominavimus
640 3883 663 3944 ⁵.
677 3884 764 3948 Cum
780 3886 873 3948 enim
887 3884 1040 3947 Ducissa
1052 3884 1184 3947 diceret
1199 3884 1282 3965 quid
1296 3884 1362 3947 sibi
1373 3885 1490 3960 vellet,

304 4092 314 4126 ¹
341 4091 370 4136 P.
381 4092 503 4147 Baptista
512 4089 662 4143 Firmlnins,
673 4092 704 4134 de
716 4103 765 4145 quo
776 4102 863 4145 supra.
874 4101 934 4144 pag.
946 4090 993 4142 142,
1002 4101 1026 4132 n.
1035 4090 1084 4134 523.

303 4165 315 4198 ¹
342 4165 409 4210 Vide
418 4176 506 4220 supra,
517 4171 536 4209 t.
546 4177 573 4212 v,
583 4176 643 4218 pag.
653 4164 687 4216 25,
699 4175 722 4206 n.
734 4165 769 4216 tt,
780 4169 806 4206 et
818 4163 893 4216 inira,
904 4163 930 4206 in
940 4164 989 4208 hoc
1002 4169 1020 4206 t.
1032 4175 1068 4215 vr,
1078 4175 1103 4208 n.
1111 4164 1159 4208 589.

304 4239 315 4270 ³
343 4237 370 4282 P.
383 4237 491 4281 Pontius
501 4235 681 4290 Cogordanus.

303 4310 314 4343 ⁴
341 4309 407 4353 Vide
418 4319 504 4363 snpra,
516 4314 534 4352 t.
548 4321 572 4362 v,
583 4319 644 4362 pag.
654 4307 675 4362 9,
686 4319 709 4351 n.
720 4307 740 4359 9,
751 4313 777 4352 et
785 4317 846 4362 pag.
856 4305 953 4361 318858,
964 4319 1006 4350 ιιιι.
1016 4305 1114 4350 918968,

303 4382 314 4416 ⁵
342 4381 364 4425 N
367 4383 466 4436 uspiam
477 4382 502 4425 ln
513 4385 568 4425 toto
585 4380 633 4424 hoc
645 4379 770 4424 Chronico
780 4381 892 4434 equitem
906 4380 973 4423 huuc
984 4379 1101 4422 Fulvum
1117 4380 1274 4425 offendimus.
1283 4380 1332 4425 Est
1347 4383 1389 4426 hic
1402 4388 1490 4428 tamen

262 4458 313 4508 ille,
324 4457 366 4510 qul
377 4465 443 4499 anno
454 4454 531 4497 ianua
543 4453 571 4496 P.
582 4451 715 4496 Ludovico
727 4451 758 4495 de
770 4451 896 4495 Condreto
907 4451 1038 4495 exercitiis
1046 4451 1224 4506 spiritualibus
1232 4455 1397 4498 excultusest
1405 4462 1431 4498 et
1440 4455 1491 4499 Du·

263 4529 346 4573 cissae
357 4525 494 4570 familiaris
504 4530 561 4569 erat
574 4527 670 4579 (snpra,
681 4529 699 4567 t.
718 4534 744 4576 ιι,
760 4535 820 4577 pag.
837 4521 884 4578 510,
896 4535 919 4566 ιι.
932 4523 988 4577 236),
1004 4535 1079 4577 quern
1095 4524 1207 4577 equitem
1222 4524 1253 4567 de
1270 4525 1352 4578 Rosal,
1368 4527 1385 4568 d
1400 4525 1489 4580 Rosci,

264 4600 395 4650 Ruscmn,
404 4597 684 4650 Roseum?,vocabant
700 4597 797 4651 (supra,
808 4602 827 4640 t.
838 4606 876 4647 ιιι,
887 4606 947 4650 pag.
953 4595 987 4638 ⁶9.
998 4607 1023 4639 n.
1036 4595 1093 4647 128),
1104 4607 1180 4650 quern
1189 4596 1293 4640 tandem
1303 4608 1381 4656 saepe
1391 4599 1416 4642 ln
1427 4600 1488 4656 suia,

264 4682 298 4718 ex
307 4682 383 4723 com„
391 4669 461 4715 datis
471 4669 567 4714 litteris
576 4669 703 4718 Polaucnu
714 4667 860 4730 appellarit
871 4667 1017 4715 cavallr'ere
1028 4676 1110 4714 rosso.
