3642 5350
783 428 848 488 Art.
870 428 939 488 1556
1421 425 1476 486 667

247 571 326 636 aliis
345 574 478 654 regulis
496 575 740 655 observandis
764 575 972 658 praebebat,
992 585 1029 638 et
1043 584 1116 639 tam
1129 587 1255 638 severe
1269 588 1391 636 earum
1416 572 1472 634 ob·

246 680 488 744 servationem
498 682 676 763 exigebat,
689 693 727 747 ut
738 681 1036 764 quemadmodum
1047 682 1170 746 scribit
1184 679 1222 744 P.
1238 679 1378 758 Zarate,
1397 678 1473 743 Col·

245 786 330 866 legii
343 786 474 852 Rector
489 786 511 868 ⁴,
527 789 668 871 ipsimet
681 799 717 853 et
730 789 810 854 aliis
823 789 958 870 aliquid
976 788 1159 853 molestiae
1174 785 1368 865 adferebat,
1392 785 1472 868 quia

247 909 291 957 ne
305 893 443 973 apicem
457 895 598 976 quidem
612 897 799 977 praeteriri
811 895 959 960 ferebat.

304 998 395 1064 2866.
438 1000 622 1067 Veneraut
635 1001 682 1067 ad
695 1002 788 1068 hanc
801 1002 1020 1084 probationis
1034 1002 1177 1067 domum
1189 1002 1254 1065 sub
1268 1000 1373 1064 linem
1388 1001 1472 1064 anni

246 1106 428 1188 praeteriti
452 1126 497 1172 ex
521 1108 680 1190 Collegio
704 1110 886 1174 Granatae
913 1110 1027 1190 missi,
1054 1109 1117 1174 Dr.
1144 1106 1302 1188 Madrid,
1328 1108 1388 1187 qui
1414 1107 1472 1171 ali·

246 1215 388 1295 quando
413 1216 609 1295 collegialis
632 1216 748 1280 fuerat
771 1214 1011 1309 salmanticae
1036 1216 1186 1297 Collegii
1209 1213 1268 1280 gu
1292 1213 1473 1278 Bartholo-

245 1322 349 1401 maei,
365 1331 400 1386 et
414 1323 659 1405 philosophiae
675 1340 818 1387 cursum
833 1323 880 1387 ibi
894 1324 1120 1405 praelegerat
1138 1331 1173 1387 et
1187 1321 1316 1386 eximio
1331 1321 1474 1400 ingenio

246 1429 428 1509 praeditus
447 1431 641 1495 habebatur
663 1429 691 1511 ’ς
718 1431 899 1496 Granatae
925 1440 1043 1496 autern
1068 1430 1284 1510 theologiam
1310 1427 1472 1505 docebat,

246 1536 303 1599 vir
330 1553 483 1618 magnae
510 1538 726 1603 sinceritatis
751 1547 786 1602 et
814 1538 989 1619 prudens,
1016 1549 1051 1602 et
1075 1539 1111 1601 in
1140 1535 1407 1616 probationibus
1435 1551 1473 1596 se

246 1643 376 1722 optime
390 1645 548 1723 gerebat.

304 1749 394 1815 2867.
440 1751 598 1816 Venerat
613 1770 659 1816 ex
677 1753 802 1817 eodem
822 1753 981 1833 Collegio
1001 1753 1096 1832 Mag.
1114 1752 1286 1816 Martiuez
1300 1749 1330 1830 ³,
1354 1750 1472 1831 quiex

246 1873 368 1920 sorore
383 1875 494 1939 nepos
508 1868 585 1923 erat
599 1860 869 1941 Archiepiscopi
884 1858 907 1939 ⁴,
925 1871 960 1924 et
975 1877 1056 1926 cum
1070 1860 1181 1940 ipsius
1197 1859 1344 1923 consilio
1356 1857 1472 1922 Socie-

246 1973 355 2027 tatem
380 1965 496 2030 luerat
520 1967 718 2046 ingressuS,
739 1968 903 2048 quamvis
927 1966 973 2031 ad
997 1966 1188 2047 dignitates
1212 1964 1473 2029 ecclesiasticas

245 2073 449 2151 promoveri
462 2073 566 2137 facile
582 2075 765 2155 potuisset;
781 2075 914 2138 Rector
930 2085 1007 2138 erat
1024 2075 1171 2155 Collegii
1186 2073 1274 2154 regii
1292 2072 1474 2137 Granatae

245 2188 280 2240 et
299 2196 442 2243 cursum
461 2180 704 2264 philosophiae
722 2182 869 2261 legerat.
890 2180 963 2245 Alii
984 2181 1090 2245 etiam
1112 2181 1252 2262 Hispali
1273 2190 1307 2243 et
1330 2197 1376 2244 ex
1395 2179 1474 2242 aliis

244 2285 333 2349 locis
348 2296 536 2369 venerant,
552 2300 587 2352 et
602 2306 672 2353 non
686 2289 792 2370 pauci
806 2288 994 2353 Cordubae
1009 2288 1150 2353 fuerant
1165 2287 1321 2352 admissi.

304 2392 395 2457 2868.
440 2393 543 2473 Quod
567 2397 673 2476 pauci
697 2405 815 2460 essent
840 2394 1067 2476 coadjutores
1086 2395 1122 2459 in
1143 2396 1249 2460 rebus
1275 2393 1472 2473 temporali-

244 2499 327 2581 bus,
353 2502 390 2564 in
408 2501 610 2568 domesticis
629 2503 753 2568 officiis
773 2506 880 2569 etiam
905 2505 973 2585 ipsi
995 2505 1197 2569 scholarum
1222 2509 1474 2584 praeceptores

244 2609 520 2691 exercebantur;
538 2619 572 2675 et
594 2610 726 2693 aliquid
741 2611 957 2677 difficultatis
971 2630 1014 2677 ea
1028 2611 1064 2676 in
1084 2623 1184 2693 parte
1205 2607 1400 2690 Collegium
1415 2624 1472 2670 ex·

244 2717 457 2797 periebatur.

306 2823 397 2889 2869.
441 2825 542 2906 Quod
563 2826 608 2891 ad
630 2838 798 2893 externos
817 2829 957 2907 attinet,
975 2828 1153 2891 instabant
1167 2826 1310 2907 plurimi
1324 2834 1363 2888 ut
1383 2825 1470 2905 ipso·

245 2947 324 2996 rum
352 2932 593 2997 consessiones
627 2934 855 3016 audirentur,
885 2947 920 2999 et
948 2946 985 2998 ut
1013 2933 1194 2997 morituris
1222 2933 1409 3008 adessent;
1438 2941 1473 2995 et

245 3040 409 3119 quamvis
428 3040 544 3121 prius,
564 3049 638 3105 tam
657 3040 788 3106 Rector
811 3059 920 3123 quam
941 3042 1001 3105 alii
1019 3041 1242 3119 sacerdotes,
1265 3040 1332 3120 piis
1353 3039 1471 3120 hujus·

245 3145 341 3209 modi
356 3143 568 3229 [desideriis]
582 3148 789 3213 satisfacere
809 3158 1043 3228 conarentur;
1065 3148 1147 3229 quia
1169 3157 1288 3211 tamen
1310 3147 1406 3211 domi
1422 3144 1473 3209 ln·

244 3252 356 3317 stituti
371 3254 574 3320 observatio
588 3255 860 3335 perturbabatur
874 3256 1066 3331 interdum,
1088 3256 1276 3341 videbatur
1296 3252 1321 3317 Ρ
1349 3254 1472 3318 Busta·

245 3362 367 3439 manti,
381 3360 609 3440 Provinciali,
619 3361 852 3427 domesticam
864 3362 1088 3444 disciplinam
1099 3380 1178 3426 esse
1190 3362 1471 3443 praeferendam

245 3478 280 3532 et
295 3469 344 3531 ita
359 3469 404 3533 ad
419 3469 509 3533 alias
524 3470 714 3549 religiones
729 3471 966 3552 postulatores
981 3468 1183 3549 hujusmodi
1197 3470 1351 3549 dirigere
1372 3487 1473 3550 opor·

245 3576 352 3640 tebat:
378 3576 543 3656 quamvis
556 3576 608 3641 illi
622 3576 799 3641 interdum
823 3587 1014 3658 expectare
1039 3578 1099 3642 diu
1120 3577 1279 3655 mallent,
1301 3592 1407 3657 quarn
1427 3576 1473 3639 ad

244 3683 336 3747 alios
349 3701 388 3747 se
402 3692 623 3748 convertere.
640 3683 696 3748 Ad
709 3686 829 3766 populi
841 3693 959 3749 autem
971 3683 1253 3749 aedificationem
1264 3700 1335 3747 non
1348 3701 1473 3765 parum

244 3807 322 3855 esse
337 3790 477 3855 dicebat
491 3788 725 3855 Provincialis
745 3794 935 3857 lectionum
956 3793 992 3857 in
1011 3792 1143 3857 scholis
1165 3793 1418 3872 occupationes
1438 3802 1472 3855 et

243 3897 537 3962 scholasticorum
552 3898 804 3975 consessiones;
822 3900 1122 3981 praedicationem
1139 3908 1324 3979 praeterea
1336 3910 1370 3961 et
1382 3896 1471 3962 chri·

285 4102 294 4134 ¹
323 4101 351 4148 P.
361 4103 511 4157 Alphonsua
521 4104 627 4158 Zarate,
635 4105 666 4149 de
676 4116 726 4160 qao
738 4105 848 4161 plurima
859 4106 987 4151 habentur
995 4107 1020 4150 ln
1031 4106 1108 4150 editis
1116 4106 1295 4150 voluminibus.
1305 4104 1343 4149 De
1353 4116 1383 4149 eo
1392 4115 1468 4159 agunt

244 4173 367 4218 Litterae
376 4174 606 4229 Quadrimestres,
616 4183 635 4221 t.
646 4188 681 4231 tv,
692 4188 752 4231 pag.
765 4177 799 4233 10,
809 4178 857 4231 rat.
867 4178 916 4231 236,
926 4178 975 4231 itt).
986 4186 1037 4223 etc.
1073 4198 1077 4205 ·

284 4254 297 4287 ¹
324 4255 453 4301 Antoniae
462 4254 571 4309 biadrld,
581 4258 654 4307 cuius
665 4258 691 4301 ln
701 4257 858 4303 Societatem
870 4260 1003 4315 ingressus
1013 4268 1137 4307 narratur
1147 4271 1234 4315 supra,
1252 4266 1270 4305 t.
1280 4274 1311 4311 v,
1322 4271 1381 4315 pag.
1395 4260 1438 4305 512
1447 4266 1473 4304 et

244 4328 292 4378 513,
305 4340 329 4373 a.
340 4328 400 4376 tata
410 4333 437 4372 et
446 4329 479 4372 de
488 4340 538 4383 quo
549 4329 620 4374 tacta
635 4337 675 4375 eat
690 4331 786 4375 mentio
800 4342 888 4385 supra,
903 4333 929 4376 ln
944 4334 992 4377 hoc
1003 4335 1058 4389 ipso
1070 4340 1148 4389 tomo,
1159 4345 1218 4389 pag.
1229 4334 1278 4387 5³⁹,
1289 4345 1313 4377 n.
1330 4332 1391 4377 ²505.
1406 4332 1473 4377 Vide

246 4400 367 4445 Litterae
376 4400 607 4455 Quadrimestres,
618 4408 636 4453 t.
647 4414 685 4458 111,
695 4414 756 4458 pag.
765 4404 807 4447 69⁶
817 4412 843 4447 et
853 4406 902 4448 761.

283 4471 296 4504 ⁸
323 4471 386 4516 “ch
395 4472 439 4517 llle
448 4479 488 4517 est
499 4474 591 4518 Petrus
601 4474 736 4529 Martlnez,
746 4481 821 4519 ortas
831 4477 857 4520 ln
867 4478 961 4533 oppido
978 4476 1161 4532 Rivalrecha.„
1177 4478 1300 4523 Litterae
1317 4478 1473 4533 Quadrima·

246 4547 326 4594 sires,
336 4548 355 4587 t.
365 4554 400 4597 tv,
412 4556 471 4599 pag.
480 4545 529 4597 225,
540 4552 627 4589 annot.
637 4546 659 4589 3.

284 4616 295 4648 ⁴
327 4614 398 4661 Petri
409 4616 549 4670 Guerrcro,
559 4620 725 4671 granatensis
735 4618 933 4675 archiepiscopi
949 4621 1113 4673 sanctissimi,
1123 4622 1153 4665 dc
1164 4633 1214 4677 quo
1226 4632 1304 4675 saepe
1315 4622 1411 4667 dictum
1426 4630 1474 4673 cst,

246 4694 272 4731 et
282 4688 383 4732 dicetur
393 4688 469 4739 inira,
480 4688 620 4743 praecipue
630 4700 655 4732 n.
664 4690 720 4733 2962
729 4696 755 4733 et
766 4702 820 4746 seq.
833 4698 857 4734 et
870 4704 893 4736 n.
904 4691 984 4736 aab..
