3642 5350
347 425 384 484 30
815 422 943 484 Canon.
963 420 1039 482 Soc.
1059 421 1130 495 Jas.

402 567 452 632 78.
498 567 655 649 Optabat
679 569 821 651 quidem
847 568 885 632 P.
911 569 1071 648 Ignatius
1095 569 1212 632 lucem
1233 564 1402 646 majorem
1428 566 1573 645 habere,

344 693 389 740 ex
404 676 530 758 quibus
544 675 771 740 facultatibus
786 695 828 740 ea
843 675 1069 740 Universitas
1088 684 1286 751 constaret,
1303 671 1398 736 etad
1417 689 1506 753 quas
1525 673 1575 736 le·

344 784 479 848 ctiones
493 793 636 847 nostros
650 783 763 847 teneri
777 784 894 862 vellet,
911 793 946 847 et
961 782 1031 846 alia
1051 780 1236 863 quaedam.
1252 779 1377 842 Voluit
1395 779 1575 843 nihilomi-

343 907 411 954 nus
423 890 601 970 Episcopo
615 889 829 970 gratificari;
853 890 1018 971 quamvis
1036 888 1266 968 significavit,
1290 886 1358 950 nisi
1380 894 1572 965 augeretur

344 996 491 1077 dotatio,
507 995 583 1061 lieri
603 1014 709 1078 posse
728 1006 766 1060 ut
790 1013 1017 1060 successores
1038 993 1048 1026 ¹
1069 1011 1177 1074 aegre
1199 994 1332 1059 ferrent
1350 992 1490 1056 Biliomi
1512 989 1575 1056 So-

344 1104 507 1168 cietatem
522 1113 681 1167 nostram
695 1112 769 1167 tam
782 1120 896 1183 grave
912 1119 1001 1166 onus
1015 1102 1207 1180 sustinere,
1223 1101 1291 1164 nisi
1306 1101 1426 1181 plures
1441 1098 1571 1162 ibidem

345 1210 548 1275 scholastici
573 1212 620 1274 ali
645 1219 801 1290 possent,
827 1228 872 1274 ex
897 1211 1025 1290 quibus
1048 1218 1084 1272 et
1105 1218 1355 1290 praeceptores
1380 1206 1514 1270 assumi
1539 1214 1576 1268 et

346 1317 498 1398 operarii
513 1319 619 1382 etiam
635 1334 699 1398 per
714 1317 903 1381 dioecesim
914 1318 1036 1398 egredi
1050 1316 1096 1380 ad
1105 1313 1304 1395 iuvandum
1315 1331 1502 1378 commune
1516 1314 1576 1377 bo·

345 1442 429 1488 num
445 1433 599 1506 possent.

405 1531 456 1596 79.
500 1531 736 1596 Confecerunt
759 1531 1033 1596 instrumentum
1055 1531 1253 1613 Episcopus
1276 1540 1312 1594 et
1332 1530 1505 1594 Canonici
1529 1529 1575 1592 de

347 1639 585 1704 Universitate
612 1638 796 1720 praedicta
822 1639 955 1703 nostris
986 1638 1179 1717 tradenda,
1210 1648 1244 1702 et
1269 1637 1315 1702 ad
1339 1639 1467 1703 festum
1500 1637 1575 1700 divi

345 1745 510 1830 JoanniS,
526 1763 591 1828 pro
607 1762 703 1810 more
719 1745 794 1825 ejus
813 1745 1080 1821 Universitatis,
1096 1746 1268 1809 lectiones
1282 1755 1385 1809 erant
1403 1747 1576 1809 inchoan·

346 1854 428 1933 dae;
446 1863 481 1918 et
495 1854 545 1917 ita
560 1852 768 1917 duodecima
783 1852 839 1916 die
855 1851 938 1931 Maji
952 1851 1066 1916 Roma
1081 1852 1179 1916 missi
1194 1851 1336 1916 suerunt
1350 1851 1389 1921 P.
1406 1851 1575 1914 Nicolaus

346 1958 580 2038 Paredensis,
615 1959 709 2036 Mag.
744 1959 953 2024 Leonardus
986 1959 1147 2024 Maserus
1176 1969 1211 2023 et
1239 1956 1335 2039 Mag.
1369 1959 1575 2023 Ludovicus

348 2067 603 2147 GierardinuS,
632 2068 678 2131 ad
707 2084 858 2147 graecas
891 2077 925 2130 et
957 2068 1085 2131 latinas
1117 2067 1255 2131 litteras
1288 2076 1324 2130 et
1358 2068 1571 2131 rhetoricam

349 2175 545 2240 docendam
569 2174 699 2238 idonei.
729 2173 886 2254 Quartus
910 2175 1017 2238 etiam
1044 2173 1232 2254 adjunctus
1261 2184 1336 2253 est,
1365 2174 1576 2238 Lambertus

349 2281 566 2358 LeodiensiS‚
593 2290 631 2345 ut
651 2282 687 2344 in
709 2281 867 2345 inferiori
889 2281 1007 2361 aliqua
1030 2282 1144 2346 classe
1166 2281 1320 2345 doceret.
1344 2281 1389 2344 Et
1409 2279 1576 2345 Parmam

349 2405 476 2452 versus
492 2389 590 2451 missi
610 2397 691 2451 sunt
710 2399 747 2451 ut
767 2388 815 2451 ibi
833 2386 932 2451 Patri
953 2387 1135 2468 Baptistae
1158 2387 1310 2452 Violaeo
1335 2397 1574 2461 occurrerent,

349 2513 452 2576 aquo
469 2495 655 2559 Biliomum
669 2494 811 2559 deducti
821 2506 915 2558 sunt.
927 2492 1106 2558 Suadebat
1118 2495 1346 2559 nihilominus
1357 2495 1463 2559 Pater
1474 2493 1575 2574 Igna·

350 2603 421 2666 tius
436 2612 474 2667 ut
489 2603 587 2685 prius
609 2602 788 2666 auditores
810 2602 844 2664 in
865 2601 1131 2665 humanioribus
1153 2603 1279 2667 litteris
1301 2604 1390 2667 bene
1411 2601 1576 2665 informa·

349 2719 486 2785 rentur,
513 2726 619 2791 quam
648 2709 694 2772 ad
718 2708 963 2789 philosophiae
989 2726 1131 2773 cursum
1156 2711 1434 2791 praelegendum
1452 2726 1574 2773 ascen·

348 2817 472 2881 derent
486 2820 508 2881 ¹.

409 2923 460 2989 80.
503 2924 692 2988 Meldulam
714 2925 833 3004 etiam,
854 2922 1000 2987 Domini
1020 2924 1177 2987 Leonelli
1198 2922 1210 2955 ³
1231 2924 1409 3005 oppidum,
1434 2922 1471 2988 P.
1497 2922 1576 2986 Ful·

349 3032 430 3095 uius
444 3029 640 3094 Androtius
655 3047 734 3094 cum
750 3031 820 3094 alio
834 3030 932 3093 socio
944 3031 979 3093 in
991 3029 1146 3109 gratiam
1159 3031 1359 3095 Cardinalis
1371 3030 1574 3112 Carpensis,

350 3138 572 3219 protectoris,
591 3138 719 3200 missus
734 3135 816 3216 suit;
838 3146 872 3199 et
894 3137 1023 3201 ibidem
1043 3138 1232 3214 collegium
1253 3137 1396 3218 aliquod
1415 3137 1577 3201 inchoari

349 3254 421 3307 tam
435 3254 536 3324 pater
551 3243 738 3307 Leonellus
753 3260 860 3324 quam
874 3242 966 3307 filius
980 3243 1180 3308 Cardinalis
1194 3245 1349 3325 optabat3
1365 3256 1400 3308 et
1411 3244 1576 3325 quamvis

350 3351 385 3414 id
400 3350 534 3414 factum
550 3367 620 3413 non
636 3349 753 3429 fuerit,
770 3350 898 3413 mirum
915 3352 1082 3414 tamenin
1098 3352 1240 3414 modum
1257 3359 1291 3414 et
1306 3352 1355 3415 illi
1374 3360 1409 3415 et
1427 3353 1578 3431 populus

349 3458 500 3533 illorum,
516 3474 624 3537 opera
637 3457 786 3520 duorum
799 3457 1073 3537 praedictorum,
1088 3457 1264 3521 aedificati
1274 3468 1366 3537 sunt,
1380 3470 1416 3521 et
1427 3458 1517 3521 forte
1527 3458 1577 3520 in·

348 3562 458 3628 lerius
473 3563 606 3643 aliquid
622 3564 758 3627 dicetur
772 3561 795 3625 ⁴.
812 3562 855 3627 Et
877 3563 1040 3643 quamvis
1055 3564 1090 3626 hi
1105 3573 1139 3627 et
1161 3565 1221 3627 alii
1243 3567 1442 3646 complures
1463 3563 1577 3628 Roma

349 3672 418 3735 hoc
433 3687 528 3733 anno
543 3671 642 3733 missi
657 3670 798 3748 luerint,
815 3670 1040 3733 nihilominus
1065 3680 1207 3735 centum
1233 3680 1267 3735 et
1288 3672 1477 3752 sexaginta
1498 3673 1578 3751 plus

350 3778 465 3841 minus
480 3794 525 3841 ex
538 3778 671 3840 nostris
685 3775 821 3839 Romae
836 3778 1037 3856 manebant;
1053 3786 1088 3841 et
1103 3786 1176 3841 tam
1191 3778 1290 3841 multi
1302 3778 1577 3842 admittebantur

349 3894 387 3948 ut
400 3885 516 3965 aliquo
532 3900 652 3947 mense
667 3900 775 3963 supra
791 3884 918 3961 viginti
932 3894 1202 3947 numerarentur
1217 3884 1374 3964 admissi3
1387 3893 1421 3947 et
1432 3883 1577 3947 totidem

352 4000 413 4055 aut
428 3994 547 4072 plures
560 3990 735 4070 urgebant
750 3999 787 4053 ut
803 3990 1069 4053 admitterentur
1085 4008 1130 4054 ex
1143 3992 1256 4055 variis
1270 3992 1392 4055 ltaliae
1406 3991 1505 4054 locis.

389 4232 398 4266 ¹
428 4230 616 4284 Scll..1gnutll.

389 4304 401 4338 ¹
428 4304 494 4347 Vide
507 4304 583 4356 inira,
593 4314 618 4345 n.
629 4302 694 4346 2127.

388 4374 400 4409 ⁸
429 4376 466 4419 De
482 4374 676 4419 D.n01.eonello
694 4374 741 4418 Plo
752 4375 782 4417 de
795 4373 883 4430 Carpi,
898 4376 957 4419 viro
972 4376 1126 4430 clarissimo,
1142 4384 1218 4431 patre
1229 4376 1376 4421 cardinalis
1386 4376 1514 4431 Rodnlphl
1527 4375 1576 4429 Pit,

351 4448 408 4491 vlde
419 4458 506 4501 supra.
517 4454 536 4490 t.
546 4456 637 4501 lupun.
649 4446 683 4498 21,
695 4457 719 4489 n.
729 4446 763 4501 ³6,
775 4452 861 4491 annot.
874 4448 892 4501 l;
903 4454 929 4491 et
938 4458 999 4501 pag.
1008 4447 1044 4500 57,
1052 4460 1076 4491 n.
1087 4448 1201 4493 liz-De
1210 4450 1266 4504 elus
1275 4456 1362 4492 autem
1370 4448 1422 4493 lilio
1431 4448 1579 4502 Cardlnale,

350 4518 489 4563 Societutls
504 4526 659 4573 protectore,
676 4524 730 4561 tum
745 4518 772 4561 ln
788 4518 913 4561 Chronico
929 4526 982 4562 tum
997 4519 1022 4563 ln
1040 4518 1134 4563 Carras
1151 4520 1185 4564 de
1200 4521 1255 4564 San
1270 4520 1380 4575 Ignacio
1391 4520 1487 4566 mentio
1500 4528 1578 4572 saepe

350 4590 483 4635 recteest.

391 4662 403 4696 ί
430 4662 614 4709 Vltimum
