3642 5350
798 378 861 437 Aa.
883 379 954 439 1556
1435 395 1492 453 513

317 522 408 588 2222.
449 522 620 602 Religiosi
634 523 768 588 ordinis
782 523 842 589 SM
857 525 1036 590 Dominici
1050 537 1193 594 nostros
1215 534 1341 599 crebro
1360 538 1488 604 invise·

256 632 352 710 bant,
368 638 403 693 et
417 629 639 694 familiaritas
653 631 746 696 inter
760 631 856 711 ipsos
869 651 942 696 nou
955 636 1117 712 vulgaris
1130 637 1383 707 intercedebat.
1400 646 1486 711 Pro·

258 737 420 802 vincialis
434 755 567 815 eorum,
584 747 618 801 et
632 737 803 802 valentini
822 741 1028 805 monasterii
1043 740 1259 825 Praefectus
1276 750 1336 828 qui
1349 751 1419 816 duo
1434 756 1486 819 lu·

258 845 353 910 mina
362 843 626 908 laudatissimae
634 844 726 908 iilius
735 845 916 926 religionis
924 847 1157 928 habebantur,
1168 854 1325 919 solemne
1333 855 1483 926 Sacrum

258 951 363 1042 Petro
377 961 412 1016 et
427 951 549 1026 Paulo.
565 950 757 1032 Apostolis‚
770 953 806 1016 in
818 961 942 1016 nostro
954 958 1096 1035 templo,
1111 958 1246 1025 musico
1260 976 1435 1031 concentu
1449 977 1486 1032 et

258 1075 445 1124 numerosa
461 1059 677 1123 audientium
692 1077 836 1136 corona,
859 1061 1085 1126 celebrarunt
1100 1065 1121 1129 ¹.

313 1165 405 1232 2223.
448 1166 556 1230 Iidem
571 1166 770 1246 spiritualia
785 1167 975 1247 exercitia,
991 1165 1163 1236 Societati
1176 1183 1321 1241 nostrae
1336 1196 1484 1246 consue·

255 1288 306 1354 ta,
322 1274 390 1340 sibi
403 1273 497 1339 tradi
511 1275 748 1353 postularunt;
765 1282 801 1336 et
816 1292 897 1338 cum
913 1275 1030 1340 fructu
1045 1277 1096 1341 eis
1111 1279 1288 1359 perfuncti
1302 1295 1384 1350 sunt
1398 1286 1421 1350 ².
1437 1289 1486 1354 Et

255 1401 334 1446 cum
350 1380 604 1446 monasterium
622 1379 799 1462 quoddam
813 1381 989 1462 ipsorum,
1006 1383 1106 1464 cujus
1121 1386 1309 1468 disciplina
1324 1394 1482 1476 collapsa

254 1491 380 1566 fuerat,
393 1488 531 1552 restitui
546 1495 720 1568 optarent,
733 1497 768 1551 et
780 1505 821 1551 eo
837 1488 1011 1569 quosdam
1021 1507 1068 1554 ex
1082 1493 1156 1556 suis
1167 1497 1345 1574 religiosis
1355 1500 1401 1564 ad
1412 1502 1482 1567 hoc

254 1597 368 1677 ipsum
393 1595 687 1674 transmitterent;
713 1612 836 1658 omnes
860 1596 910 1659 illi
936 1596 1060 1662 eadem
1084 1601 1283 1679 spiritualia
1311 1611 1480 1673 exercitia

255 1704 321 1769 sibi
340 1703 490 1784 proponi
513 1702 755 1782 postularunt,
779 1711 814 1766 ct
834 1701 880 1766 ad
899 1702 936 1765 id
955 1705 1143 1784 quemdam
1158 1727 1203 1772 cx
1218 1707 1405 1778 Fratribus
1424 1735 1484 1780 no·

255 1812 353 1890 striS,
371 1826 492 1874 secum
512 1809 557 1872 ad
579 1809 833 1874 monasterium
849 1810 933 1873 illud
953 1811 1100 1891 iturum,
1116 1815 1308 1897 petierunt,
1325 1830 1364 1885 ut
1377 1823 1427 1888 ibi
1440 1843 1483 1888 ea

255 1919 322 1983 sibi
335 1917 508 1994 traderet;
525 1933 635 1997 quae,
653 1933 733 1980 cum
748 1917 849 1980 multi
869 1928 988 1982 essent
1001 1937 1167 2002 numero,
1187 1924 1224 1987 in
1246 1925 1404 2008 Collegio
1423 1949 1483 1996 uo·

254 2035 329 2089 stro
344 2024 507 2104 accipere
521 2023 664 2087 minime
679 2031 856 2102 poterant.

312 2131 404 2196 2224.
447 2130 537 2195 Cum
551 2139 670 2194 autem
684 2129 794 2202 diem.
814 2131 853 2194 B.
875 2131 1063 2196 Dominico
1083 2149 1244 2216 sacrum,
1268 2157 1390 2207 mense
1408 2144 1481 2209 Au·

253 2248 375 2319 gustu,
399 2237 610 2302 celebraturi
631 2247 765 2317 essent,
787 2236 824 2302 P.
848 2236 1012 2302 Ramirez
1037 2242 1326 2311 concionatorem
1348 2250 1481 2317 habere

253 2364 317 2410 suo
335 2346 521 2424 intemplo
540 2345 739 2420 voluerunt,
761 2342 861 2425 cujus
886 2346 1060 2424 concioni,
1086 2365 1159 2412 non
1180 2354 1295 2417 solum
1315 2361 1482 2424 monachi

254 2452 404 2533 plurimi,
415 2451 477 2516 sed
485 2459 520 2514 et
528 2449 617 2532 juris
630 2451 732 2530 periti
745 2468 786 2513 ac
796 2452 1024 2516 eruditissimi
1035 2454 1196 2520 homines
1207 2455 1478 2548 [interfuerunt]‚

253 2569 287 2624 et
302 2577 344 2622 ea
358 2558 542 2622 multitudo
558 2558 689 2622 civium
705 2569 934 2632 convenerat.
952 2569 1001 2635 ut,
1023 2564 1188 2640 quamvis
1203 2568 1371 2647 templum
1386 2583 1481 2636 esset

253 2666 544 2749 capacissimum,
561 2663 786 2729 nihilominus
801 2665 1060 2731 multitudinem
1080 2686 1209 2750 capere
1227 2691 1298 2737 non
1313 2689 1434 2755 posset
1453 2679 1477 2745 ⁸.

253 2774 385 2839 Concio
401 2782 518 2837 autem
533 2784 568 2838 et
583 2772 715 2853 pietate
731 2782 766 2835 et
781 2772 943 2837 doctrina
960 2774 1111 2855 insignis
1126 2795 1168 2841 ea
1183 2778 1259 2844 suit.

311 2880 401 2945 2225.
444 2880 522 2944 Hac
534 2888 669 2944 aestate
681 2879 940 2944 multitudinem
952 2882 1078 2946 crebro
1089 2884 1330 2953 confitentium
1341 2899 1376 2954 et
1387 2911 1481 2960 com-

252 2989 510 3054 manicantium
526 2982 688 3068 [tautam]
705 2986 814 3050 fuisse
830 2988 1011 3067 scribitur,
1028 2999 1066 3053 ut
1081 2990 1126 3053 ad
1139 2993 1352 3073 quingentos
1363 3017 1481 3066 nume-

252 3114 312 3160 rus
332 3094 554 3167 ascenderet;
576 3102 611 3157 et
630 3095 750 3173 plures
770 3095 877 3174 longe
898 3095 1009 3159 futuri
1029 3095 1258 3179 videbantur,
1279 3103 1309 3166 si
1328 3110 1481 3186 operarii

253 3204 369 3281 plures
380 3202 487 3266 messi
497 3198 719 3279 colligendae
730 3211 934 3278 vacassent,
948 3202 1049 3283 cuius
1060 3217 1290 3283 augmentum
1302 3213 1481 3280 concioni-

250 3313 317 3375 bus
331 3310 369 3373 P.
392 3308 557 3372 Ramirez
571 3308 677 3371 valde
691 3309 984 3387 promotumiuit.

293 3478 301 3512 ¹
330 3477 397 3521 Vide
409 3476 530 3520 ‚Litterae
540 3476 772 3529 Quadrimestres.
782 3482 800 3520 t.
813 3487 849 3527 tv.
861 3488 922 3527 pan.
932 3477 982 3521 teo.

291 3548 303 3581 ἱ
331 3546 403 3593 Inter
412 3546 621 3602 religiosissimos
631 3546 738 3591 Fratres
749 3546 796 3589 Sti.
807 3546 943 3597 Dominici.
960 3550 1003 3602 qui
1019 3550 1158 3599 tonationis
1169 3556 1428 3604 commentationibus
1438 3573 1482 3605 ex-

252 3621 302 3665 coli
311 3621 425 3672 voluere,
436 3621 620 3663 recensebatur
627 3619 669 3662 vir
678 3618 746 3661 omni
756 3618 831 3662 lende
841 3618 1009 3673 dignissimus
1020 3618 1063 3664 Fr.
1074 3615 1169 3665 Petrus
1179 3622 1280 3679 Martyr
1291 3626 1379 3677 Coma.
1389 3631 1420 3675 de
1430 3644 1481 3687 quo

254 3693 385 3743 Αινιιιι,
400 3692 418 3735 1.
435 3702 467 3743 c.,
481 3698 501 3735 t.
517 3690 750 3745 1.psg.t9³‚haec
766 3690 852 3733 habet:
867 3690 948 3735 “Pero
967 3702 1000 3735 no
1016 3695 1044 3734 se
1066 3690 1088 3735 si
1108 3693 1225 3738 acredito
1244 3700 1300 3741 mas
1320 3699 1406 3753 [quam
1425 3703 1481 3756 ipse

252 3762 284 3808 V.
294 3762 321 3808 P.
333 3762 377 3806 Fr.
387 3764 500 3816 Joannes
507 3762 581 3811 Mlcd.
590 3762 705 3816 ejusdem
712 3760 889 3805 dominicanae
898 3762 1021 3812 familiae.
1031 3763 1062 3806 de
1070 3775 1119 3814 uuo
1128 3764 1187 3808 vide
1194 3777 1283 3820 supra.
1291 3776 1310 3812 t.
1318 3779 1355 3821 rr,
1364 3782 1424 3826 pag.
1432 3774 1482 3828 κῃ]

252 3836 304 3879 als
314 3833 455 3889 compunta
465 3848 483 3891 y
493 3837 508 3878 a
519 3846 564 3879 sus
573 3832 731 3879 ministeriun
741 3833 766 3876 el
778 3832 804 3876 Ρ.
822 3830 893 3889 Frap
908 3834 992 3877 Pedro
1007 3833 1108 3886 Manu,
1124 3846 1197 3879 como
1213 3849 1262 3881 uno
1278 3839 1309 3882 de
1320 3842 1360 3884 ios
1368 3842 1483 3899 insignes

250 3916 362 3949 vsrones
372 3918 403 3949 en
413 3908 495 3950 tetras
504 3919 522 3963 y
532 3904 641 3959 religion
652 3915 699 3959 que
710 3904 744 3947 ha
759 3903 847 3947 tenldo
862 3911 920 3949 esta
936 3904 1055 3959 sagrada
1071 3906 1190 3959 Religion
1204 3920 1237 3952 en
1250 3910 1277 3954 is
1288 3910 1390 3959 Corona
1402 3915 1484 3969 [Ara-

250 3976 389 4031 oeoniae1...;
403 3979 427 4021 el
441 3979 508 4028 cnal.
519 3977 607 4021 slendo
623 3976 779 4025 Provincial.
790 3987 838 4030 por
851 3976 876 4019 el
890 3987 966 4020 arnor
975 3990 992 4031 y
1002 3977 1095 4021 estima
1105 3990 1153 4032 que
1168 3982 1238 4024 tenta
1248 3981 1280 4025 de
1290 3990 1398 4029 nuestra
1414 3986 1483 4032 Reli·

249 4048 317 4102 gion.
328 4060 346 4105 y
356 4050 372 4092 a
382 4049 487 4093 decinis
496 4049 604 4096 uerdad.
615 4058 662 4103 por
676 4059 707 4091 su
716 4058 779 4091 rara
787 4047 912 4091 modestia
924 4062 941 4103 y
954 4049 1095 4100 humildad.
1106 4061 1154 4103 que
1165 4052 1277 4096 encubre
1287 4056 1304 4098 a
1314 4056 1353 4099 los
1363 4060 1484 4112 proprios

250 4120 307 4175 ojos
317 4120 355 4163 los
365 4126 465 4165 tesoros
475 4121 506 4164 de
517 4120 605 4164 virtud
616 4131 633 4173 y
644 4120 722 4163 dones
733 4130 781 4173 que
792 4122 867 4161 eston
876 4130 908 4161 en
919 4119 944 4163 el
953 4121 1059 4171 alma...;
1075 4121 1184 4165 estando
1198 4123 1266 4167 lleno
1283 4124 1324 4177 [de
1339 4128 1412 4182 ellos]
1427 4138 1484 4174 este

249 4192 355 4236 bendlto
367 4191 458 4242 Padre.
467 4204 485 4248 y
494 4191 622 4247 pudiendo
632 4202 679 4235 con
694 4192 758 4234 ellos
773 4190 974 4244 enriqnerernos
986 4192 1096 4243 dtodos.
1107 4202 1134 4235 se
1145 4193 1223 4247 digno
1234 4206 1251 4251 y
1263 4195 1397 4243 humiliori
1408 4203 1485 4246 venir

251 4266 384 4307 annestro
395 4263 501 4317 eoteglo
512 4264 544 4307 de
555 4261 607 4307 San
619 4262 701 4306 Pnblo
712 4262 743 4305 de
753 4260 880 4307 valencia
890 4264 906 4306 a
917 4266 997 4306 uacet
1006 4264 1046 4307 los
1055 4262 1190 4318 ejerciclos
1198 4266 1371 4321 espiritusles.
1379 4269 1484 4318 bacien-

250 4334 312 4379 dnse
321 4334 447 4389 discipulo
462 4340 566 4378 nuestro
581 4344 613 4377 eo
626 4334 650 4377 el
666 4334 776 4386 espiritu
790 4334 815 4376 el
830 4344 878 4387 que
894 4334 972 4387 podia
987 4344 1031 4377 ser
1045 4341 1201 4390 maestro...„
1215 4334 1331 4383 Evectus
1348 4340 1440 4388 deiude
1450 4346 1485 4389 ad

250 4406 337 4449 sedem
346 4404 495 4455 Einensem.
505 4404 569 4450 obiit
579 4416 647 4449 anno
663 4404 724 4448 lim.
739 4402 800 4448 Fuit
815 4404 976 4448 “invencible
991 4404 1110 4450 defensor
1125 4406 1156 4450 de
1167 4408 1193 4451 la
1202 4406 1308 4461 Igtesis.
1324 4411 1486 4469 prodigialis

252 4476 412 4534 humildady
426 4478 571 4533 exemptoy
585 4476 685 4521 modelo
701 4475 732 4519 de
746 4474 873 4520 Virtudes
887 4475 1039 4533 heroycae...
1054 4476 1133 4521 Fuuu
1147 4488 1182 4522 on
1196 4490 1231 4523 ιι
1245 4478 1327 4535 Ptin,
1342 4482 1487 4533 Anaiesds

252 4546 398 4602 Garamas,
406 4555 425 4592 t.
435 4560 473 4601 ιιι,
484 4559 543 4604 pag.
552 4548 604 4592 211.

293 4619 305 4651 ³
336 4618 381 4663 bis.
389 4625 481 4675 posse.

329 4775 332 4783 .
400 4710 437 4763 T·
455 4726 498 4766 u·
1295 4726 1328 4785 sa
