3642 5350
556 1105 620 1186 oa
655 1104 931 1188 raovtucn
966 1064 1358 1185 ioatuoltule

871 1391 917 1437 AC
939 1390 1044 1436 PRIMO

611 1617 675 1683 DE
690 1614 925 1683 COLLEGIO
941 1611 1301 1681 CONIMBRICENSI

401 1966 492 2032 3072.
536 1965 834 2032 Conimbricensis
849 1966 999 2047 Collegii
1014 1966 1146 2031 Rector
1161 1965 1229 2030 hoc
1244 1982 1337 2029 anno
1351 1963 1417 2029 luit
1438 1962 1476 2026 P.
1498 1964 1570 2028 Leo

344 2074 543 2156 Henriquez
560 2073 581 2153 ¹,
597 2084 631 2138 et
646 2075 758 2138 nostri
774 2074 810 2137 in
825 2074 915 2139 duas
929 2075 1052 2139 domos
1068 2082 1170 2137 erant
1184 2072 1308 2153 divisi,
1324 2071 1505 2153 superius,
1520 2071 1570 2135 vi·

343 2183 469 2247 delicet
483 2182 677 2262 antiquum,
695 2189 729 2244 et
748 2181 894 2245 inierius
910 2180 1124 2261 Collegium,
1141 2179 1236 2261 quod
1258 2188 1294 2242 et
1308 2177 1460 2260 Regium
1480 2178 1572 2243 dice-

343 2291 448 2353 batur
462 2287 486 2367 ¹;
500 2299 536 2353 et
550 2288 713 2370 quamvis
732 2287 769 2352 P.
787 2287 904 2352 Miron
920 2305 1000 2351 cum
1015 2287 1152 2368 Regina
1167 2296 1202 2351 et
1217 2285 1407 2351 Cardinale
1422 2284 1571 2365 Infante,

344 2408 467 2477 ageret
492 2396 534 2460 de
559 2398 627 2460 hoc
652 2392 812 2459 inferiori
837 2394 995 2475 collegio
1024 2392 1193 2460 Societati
1223 2394 1451 2474 applicando,
1478 2394 1572 2458 nullo

344 2502 449 2567 modo
464 2502 626 2583 superius
641 2519 720 2566 esse
735 2500 959 2565 retinendum
973 2502 1025 2565 eis
1039 2500 1238 2580 videbatur,
1251 2501 1359 2565 immo
1371 2518 1415 2565 ne
1426 2500 1569 2565 mentio·

344 2628 425 2676 nem
448 2610 588 2693 quidem
613 2628 655 2673 ea
680 2608 723 2673 de
746 2626 786 2673 re
809 2608 1010 2672 faciendam
1036 2626 1126 2687 esse,
1152 2608 1246 2690 quod
1271 2608 1309 2671 in
1334 2608 1480 2672 civitate
1500 2624 1572 2671 non

343 2735 476 2799 magna
490 2734 689 2798 congruum
704 2735 775 2780 non
789 2716 976 2781 videbatur
991 2726 1029 2780 ut
1048 2715 1195 2782 baberet
1214 2714 1374 2780 Societas
1395 2712 1483 2797 [duo
1501 2717 1570 2779 col·

344 2824 471 2908 legia]:
493 2825 538 2889 ad
558 2842 667 2889 unum
687 2834 806 2888 tamen
825 2825 883 2888 vel
904 2827 1056 2889 alterum
1075 2841 1225 2904 annum,
1241 2824 1354 2888 donec
1373 2821 1571 2889 aedificium

343 2935 446 3014 Regii
461 2933 610 3012 Collegii
621 2940 823 3012 augeretur,
837 2932 1000 3012 superius
1010 2932 1242 3011 retinuerunt;
1254 2931 1348 3012 qnod
1359 2939 1478 2995 tamen
1490 2947 1570 2994 cum

344 3042 418 3104 suis
432 3040 560 3119 hortiS,
583 3038 692 3119 Regis
712 3039 968 3119 chirographo,
991 3039 1201 3119 quibusdam
1225 3038 1404 3129 religiosis
1428 3034 1573 3101 Ordinis

343 3147 476 3212 Christi
490 3147 612 3211 datum
627 3156 714 3222 erat,
731 3147 792 3228 qui
806 3146 939 3210 nostris
952 3145 1132 3209 instabant
1147 3155 1185 3209 ut
1200 3147 1348 3210 liberum
1366 3143 1454 3225 ipsis
1473 3160 1572 3226 prae·

343 3254 476 3318 dictum
491 3254 687 3334 Collegium
702 3254 865 3334 superius
879 3254 1129 3334 relinquerent.

404 3361 494 3425 3073.
538 3360 651 3425 Roma
677 3361 818 3440 quidem
843 3362 1015 3444 scriptum
1035 3360 1150 3424 iuerat
1172 3360 1257 3424 illud
1282 3359 1502 3424 retinendum
1520 3359 1571 3423 vi·

345 3469 420 3534 deri
435 3467 458 3548 ³,
476 3469 538 3533 sed
553 3468 664 3532 nostri
680 3467 715 3532 id
729 3477 867 3532 tantum
882 3468 1124 3532 excusationis
1135 3468 1372 3532 obtendebant
1384 3465 1477 3548 quod
1488 3466 1568 3530 inie-

384 3675 393 3708 ¹
422 3673 560 3727 Quintium
574 3674 700 3728 superiori
719 3684 786 3718 anuo
800 3675 878 3718 sociis
893 3675 1140 3719 conimbricensibus
1156 3673 1317 3730 praefuerat.
1332 3673 1399 3718 Vide
1416 3683 1504 3728 snpra,
1515 3679 1535 3717 t.
1546 3685 1573 3728 ν,
1630 3662 1641 3679 ‘

343 3757 404 3801 pag.
413 3745 460 3798 5⁸2,
470 3754 494 3788 n.
507 3744 567 3790 1603.
578 3746 620 3790 Ad
630 3745 697 3789 hunc
707 3755 802 3790 aunum
812 3751 934 3799 spectant
944 3744 1067 3791 Litterae
1077 3745 1308 3800 ostenderemus,
1318 3751 1328 3789 t
1348 3755 1383 3799 tr,
1395 3756 1455 3801 pat.
1468 3744 1515 3796 107.
1523 3743 1573 3794 tut.

342 3817 449 3871 3116629,
460 3828 526 3871 quas
535 3816 568 3861 ad
579 3828 652 3860 suam
662 3818 851 3861 contexendam
861 3818 999 3862 historiam
1010 3817 1138 3863 Polancus
1147 3818 1274 3862 adhibuit.

383 3889 395 3922 ¹
421 3887 460 3933 De
471 3888 512 3932 lsls
522 3888 653 3943 Colleglis.
663 3899 694 3932 ac
705 3889 844 3944 praecipue
854 3889 885 3934 de
896 3889 949 3941 illo.
960 3889 1027 3947 qnod
1045 3889 1161 3944 Regium
1175 3890 1357 3945 appellebant,
1373 3888 1442 3934 band
1457 3889 1537 3933 semel
1549 3888 1573 3932 in

343 3959 519 4016 superioribus
537 3961 712 4004 voluminibus
728 3967 768 4005 est
786 3962 857 4004 iacta
874 3961 980 4006 mentio.
997 3961 1064 4006 Vide
1081 3962 1236 4017 praesertim
1253 3972 1348 4016 snpra,
1365 3966 1385 4005 t.
1402 3971 1427 4014 v.
1446 3972 1507 4016 pag.
1523 3960 1573 4008 687.

343 4045 367 4078 n.
380 4031 432 4076 1610
442 4038 468 4078 et
478 4043 540 4087 seq.;
549 4043 647 4076 necnon
660 4031 757 4077 cartas
766 4032 800 4077 de
811 4033 866 4076 San
879 4017 997 4086 linceio,
1007 4039 1028 4077 t.
1037 4047 1063 4086 v.
1074 4045 1133 4088 pag.
1143 4033 1245 4079 662-581.

385 4102 397 4135 ⁸
422 4103 520 4148 “Duum
532 4103 712 4149 conimbricae
722 4104 748 4148 ld
759 4105 884 4160 temporis
894 4105 1054 4150 habebamus
1065 4104 1191 4161 eouepta.
1201 4107 1314 4151 alterum
1322 4108 1347 4151 ln
1355 4106 1449 4150 montis
1464 4103 1572 4158 vertice.

345 4177 377 4220 ad
388 4175 472 4230 ripam
482 4174 590 4221 Mundae
601 4177 680 4220 allud:
691 4182 717 4220 et
728 4176 788 4232 qnia
804 4176 960 4222 Provinciae
977 4177 1135 4222 moderatori
1154 4177 1238 4221 slsum
1254 4178 1303 4223 init
1318 4177 1387 4222 hand
1401 4177 1502 4222 malea
1515 4187 1573 4222 esse

344 4247 504 4292 incommoda
513 4247 539 4293 ln
547 4253 656 4303 utroque
665 4249 853 4302 conservando,
861 4247 964 4294 destitit
972 4249 998 4293 in
1006 4260 1082 4293 manu
1091 4249 1362 4305 Regisapussessluns
1369 4249 1510 4304 superioris
1517 4248 1574 4294 Col-

343 4319 413 4374 legll,
424 4320 605 4374 surgentlsque
617 4320 686 4364 lilius
697 4319 822 4365 fabricae:
833 4319 1018 4365 Serenissinsus
1028 4321 1141 4376 spatium
1151 4321 1226 4372 illud.
1235 4332 1371 4376 murosque
1386 4328 1526 4376 surgentes
1535 4315 1575 4366 r'e-

344 4391 444 4444 ligiosis
454 4389 556 4436 Ordinis
567 4391 664 4436 Christi
675 4402 723 4447 pro
734 4393 878 4436 extruendo
889 4393 1012 4436 coenobio
1027 4400 1201 4437 concesserat.
1217 4392 1281 4437 Cum
1295 4393 1417 4449 pervenit
1431 4391 1575 4438 Conimbri-

344 4473 402 4506 csns
420 4462 447 4506 P.
464 4461 613 4508 Lndovicus
629 4463 755 4509 Gonsales
766 4463 884 4517 Camera,
900 4463 1068 4519 visitatum...
1078 4475 1107 4508 re
1117 4465 1213 4509 lentius
1222 4467 1381 4518 examinata.
1389 4459 1520 4521 judicarit
1533 4465 1574 4510 de-

344 4533 480 4578 serendum
491 4534 576 4589 potins
588 4535 694 4580 inferius
704 4545 780 4590 quam
792 4536 911 4590 superins
921 4534 1074 4590 Collegium,
1085 4535 1194 4590 ideoque
1205 4536 1295 4581 statim
1305 4536 1486 4593 Ulysslponens
1496 4535 1574 4581 advo·

345 4602 421 4656 lavit.
431 4609 460 4647 ut
470 4613 487 4648 s
496 4603 667 4649 Serenlsslmo
678 4605 749 4659 Repe
759 4606 897 4658 obtineret.
914 4604 982 4660 quod
999 4605 1190 4650 inconsiderate
1205 4607 1431 4651 abdicaversrnus.
1447 4606 1500 4651 Res
1514 4613 1572 4651 erat

345 4671 541 4718 difficultatibus
548 4666 625 4728 plens
635 4679 743 4730 prepter
751 4675 853 4731 replens
862 4676 971 4720 verbnm
977 4675 1033 4731 iarn
1042 4675 1249 4733 oppignoratam
1257 4677 1311 4733 sed,
1319 4678 1453 4723 adnitente
1461 4677 1576 4723 serenis·
