3642 5350
760 383 853 451 'Am
877 372 976 451 1556'
1422 374 1482 452 907

252 530 335 599 da'm
355 530 552 615 spiritualis
571 533 747 601 foeminae
773 535 890 617 (quam
908 528 1126 607 Felieian'am
1140 534 1318 599 vocabant
1332 535 1375 615 ¹),
1388 548 1479 617 quae

251 642 386 723 aliquot
400 642 558 722 virgines
572 642 667 706 domi
681 660 768 707 suae
783 661 892 724 prope
908 642 1105 722 Collegium
1127 636 1297 719 habebat,
1314 651 1355 705 et
1367 634 1480 723 suspi'»

252 749 375 813 ciones
393 750 430 813 in
450 766 511 813 ore
531 748 1097 828 multorumcircumferebantur,
1117 748 1268 829 injunxit
1289 742 1480 819 Rectoru't

252 856 333 924 iude
347 857 554 921 recederent
569 858 615 922 ad
629 858 747 923 locum
757 858 995 922 remotiorem:
1009 857 1139 939 alioqui
1152 874 1218 920 nec
1232 856 1278 920 ad
1290 856 1480 921 confessio·

250 980 316 1028 nes
338 981 404 1029 nec
428 964 474 1027 ad
499 965 781 1030 communionem
805 965 992 1045 intemplo
1013 974 1135 1030 nostro
1161 956 1411 1029 admittendae.
1434 964 1480 1028 Et

252 1071 344 1135 Duci
359 1070 489 1136 Montrs
498 1072 641 1152 Leonis,
655 1082 689 1135 et
701 1072 912 1137 comitissae
924 1068 1056 1137 Nolae¹
1068 1080 1173 1151 atque
1186 1072 1264 1175 aliis
1276 1066 1400 1135 amicis
1410 1070 1479 1189 hoc

252 1178 395 1243 omnino
410 1180 577 1260 expedire
593 1180 708 1243 visum
723 1189 788 1243 est.
1386 1204 1388 1209 ·

309 1286 379 1350 991.
423 1284 568 1351 Praeter
582 1286 675 1351 hanc
691 1296 810 1352 autem
823 1287 1016 1366 infamiam,
1038 1284 1123 1350 illud
1142 1285 1357 1351 incommodi
1377 1302 1478 1353 accea

251 1392 377 1473 debat,
398 1393 508 1474 quod,
532 1412 613 1459 curn
633 1394 868 1475 eleemosynis
892 1394 1089 1475 Collegium
1108 1395 1262 1473 viveret,
1279 1396 1479 1461 valdeillae
1579 1446 1582 1453 .

252 1500 560 1571 imminuebantur.
577 1500 733 1583 quandiu
748 1501 829 1566 falsi
843 1500 1045 1582 huiusmodi
1060 1518 1221 1565 rumores
1235 1494 1414 1581 rigebant.
1468 1510 1473 1519 '

312 1608 383 1672 992.
427 1609 612 1689 Ingressus
627 1610 733 1674 etiarn
749 1608 891 1675 Domini
904 1609 1053 1693 Joannis
1064 1608 1108 1673 de
1119 1608 1303 1685 Mendoza,
1315 1612 1480 1690 quamvis

254 1718 325 1781 alia
339 1734 384 1781 ex
399 1729 500 1799 parte
515 1718 663 1782 multum
685 1716 942 1783 aedificationis
963 1718 1140 1793 attulerat,
1162 1717 1283 1781 nocuit
1303 1727 1422 1782 tamen
1444 1718 1481 1783 in

255 1823 323 1888 hac
343 1833 458 1905 parte,
477 1841 559 1888 cum
578 1825 708 1905 vulgus
727 1823 948 1888 existimaret
967 1824 1089 1888 decern
1109 1824 1166 1887 vel
1185 1824 1349 1888 undecim
1371 1824 1479 1890 millia

254 1929 464 1997 ducatorum
477 1930 636 2011 Collegio
650 1930 882 2012 Neapolitano
897 1930 1013 2012 ipsum
1038 1930 1192 2010 dedisse3
1218 1940 1253 1995 et
1278 1948 1320 1996 eo
1346 1948 1403 1995 res
1427 1950 1478 1996 re·

254 2038 379 2118 dierat,
393 2047 431 2102 ut
442 2054 522 2103 eum
533 2038 708 2120 vigesima
718 2038 1278 2121 Juniiquaedamconlraternitas
1289 2040 1479 2118 quamdam

254 2148 517 2227 eleemosynam
535 2163 600 2228 pro
619 2162 718 2211 more
735 2153 882 2227 peteret,
907 2162 953 2209 ex
978 2163 1047 2227 qua
1072 2147 1188 2210 media
1209 2162 1294 2226 pars
1317 2145 1352 2209 in
1376 2164 1481 2211 usum

254 2251 402 2334 Collegii
417 2253 564 2333 cedebat
578 2251 601 2331 ¹,
615 2269 674 2316 res
683 2250 880 2316 horrendas
891 2251 1092 2331 audiebant,
1105 2262 1141 2316 et
1155 2253 1417 2334 eleemosynam
1430 2253 1481 2316 eis

254 2361 340 2425 dare
365 2360 596 2439 recusabant;
623 2378 669 2424 ex
693 2378 763 2441 qua
788 2369 907 2423 tamen
932 2359 1160 2441 praecipuam
1188 2362 1480 2425 sustentationem

255 2467 453 2547 Collegium
468 2468 599 2532 habere
614 2468 756 2531 solitum
770 2476 858 2531 erat.

314 2574 386 2637 993.
427 2572 543 2655 Major
556 2584 675 2639 autem
689 2590 775 2656 pars
790 2591 924 2653 eorum,
940 2575 1001 2655 qui
1020 2575 1114 2639 soliti
1136 2583 1238 2639 erant
1257 2583 1481 2640 sacramenta

256 2682 439 2764 intemplo
453 2692 576 2748 nostro
596 2683 822 2763 frequentare
843 2693 878 2747 et
898 2681 1029 2748 Missae
1050 2682 1234 2747 sacrificiis
1256 2684 1437 2764 interesse,
1460 2702 1481 2748 a

256 2791 390 2855 nostris
405 2800 640 2856 recesserunt.

315 2898 386 2961 994.
430 2898 583 2964 Ducissa
608 2897 739 2977 Albae,
766 2897 898 2980 alioqui
923 2899 1011 2962 satis
1035 2899 1126 2962 male
1155 2915 1241 2978 erga
1270 2897 1483 2964 Societatem

257 3004 397 3083 affecta,
413 3005 466 3069 sie
480 3023 518 3070 sc
534 3005 681 3085 gerebat
700 3003 860 3087 Neapoli,
881 3015 920 3069 ut
939 3022 1018 3071 cum
1038 3005 1238 3070 Cardinalis
1253 3005 1296 3069 de
1313 3007 1347 3070 la
1362 3005 1484 3070 Cueva

256 3110 349 3192 apud
364 3112 478 3194 ipsam
493 3112 537 3176 dc
553 3111 731 3177 Societate
745 3113 834 3177 bene
853 3112 949 3194 loqui
964 3113 1149 3194 coepisset,
1167 3122 1205 3176 ut
1219 3130 1264 3176 ex
1278 3110 1354 3192 ejus
1369 3121 1484 3178 mente

257 3219 441 3283 sinistrum
455 3228 665 3300 conceptum
679 3218 845 3298 auferret,
862 3236 974 3299 usque
994 3219 1084 3282 adeo
1103 3219 1228 3283 duram
1244 3219 1430 3299 invenerit,
1447 3229 1485 3284 ut

257 3327 544 3408 suspendendum
558 3326 602 3390 ab
617 3325 819 3407 hujusmodi
838 3326 1024 3390 charitatis
1039 3325 1154 3389 officio
1169 3327 1262 3407 apud
1278 3327 1393 3407 ipsam
1408 3345 1485 3390 cen·

259 3442 352 3498 seret
367 3429 390 3494 ⁴.
970 3446 977 3459 ·

318 3541 391 3604 995.
435 3531 586 3605 Dicebat
610 3549 752 3606 nostros
773 3540 810 3605 in
830 3539 1004 3622 Hispania
1028 3540 1174 3605 nimium
1196 3559 1274 3606 esse
1294 3541 1488 3606 familiares

260 3650 319 3713 vel
332 3649 478 3729 amicos,
494 3657 533 3712 ut
546 3648 624 3730 ipsa
640 3648 791 3727 dicebat,
808 3649 1010 3729 mulierum;
1032 3659 1067 3712 et
1082 3649 1165 3729 quia
1178 3647 1307 3714 Rector
1322 3649 1488 3713 audiebat

259 3757 296 3822 in
308 3775 391 3822 arce
402 3755 546 3822 Castelli
557 3755 650 3821 Novi
662 3756 923 3821 confessionem
933 3755 1107 3820 Dominae
1120 3755 1334 3820 Catharinae
1343 3755 1488 3822 deMeu·

300 3998 310 4033 ί
337 3997 404 4045 Vide
419 4001 504 4054 plura,
519 4007 586 4055 quae
600 3998 632 4044 de
647 3998 689 4043 blo
704 3997 775 4046 dlete
790 4004 859 4054 runt,
871 4009 960 4056 supra,
971 4004 990 4044 t.
1006 4009 1041 4054 ιν,
1057 4010 1117 4054 pag.
1133 3997 1230 4055 triante,
1246 4011 1270 4043 n.
1284 3998 1325 4043 400
1339 4005 1365 4044 et
1375 4003 1489 4054 seqq.;et

262 4071 341 4124 infru,
353 4083 378 4117 u.
390 4070 450 4117 1000.

296 4142 308 4175 ¹
334 4141 433 4188 uariae
444 4141 626 4205 Sensererino,
644 4142 757 4187 feminae
773 4143 939 4195 lectissimae,
952 4153 1019 4198 quae
1035 4141 1147 4188 ilenrico
1163 4141 1257 4187 Ursino
1272 4147 1405 4198 nupserat.
1419 4141 1492 4187 llaec

257 4215 401 4270 Collegium
411 4215 538 4261 Nolanum
549 4226 616 4260 anno
631 4214 685 4260 1538
695 4215 819 4261 condidit.
832 4214 898 4260 Vide
915 4215 1070 4268 Ruuorrorur,
1085 4213 1164 4258 Delia
1179 4213 1284 4259 Nolana
1300 4211 1491 4260 Ecclesiastico

258 4288 358 4340 moria,
368 4293 406 4332 t.r
408 4299 482 4345 ,pap
491 4287 681 4343 msacenrur,
694 4287 767 4331 Hirr.
776 4285 833 4332 Soc
843 4286 920 4342 Jesu,
929 4299 954 4341 p.
964 4298 990 4338 rr,
1001 4286 1044 4330 lib.
1056 4297 1082 4341 rr,
1093 4297 1117 4330 n.
1127 4287 1162 4330 7⁶

296 4357 309 4390 ³
335 4357 425 4404 Sermo
435 4365 476 4403 est
485 4357 517 4403 de
524 4357 752 4414 confraternitate
762 4368 840 4412 quem
849 4357 976 4401 alliorum
985 4359 1124 4401 vocabant
1132 4355 1199 4402 Vide
1207 4365 1294 4411 supra
1304 4364 1323 4401 t.
1331 4365 1360 4401 rrt
1364 4367 1435 4411 ,.pap
1444 4354 1489 4411 taut

258 4441 283 4474 n.
292 4429 341 4483 im,
351 4437 379 4474 et
387 4441 447 4485 pag.
457 4429 503 4484 tat,
514 4441 539 4476 n.
548 4429 598 4475 39⁴.

298 4503 311 4535 ⁴
337 4501 372 4546 “lt
383 4501 507 4547 cardinal
518 4503 549 4546 de
560 4503 587 4547 la
597 4502 686 4547 Cueva
697 4513 732 4547 va
743 4512 791 4546 con
802 4501 887 4546 animo
898 4501 923 4546 dl
935 4501 976 4545 far
991 4501 1090 4556 grande
1100 4501 1218 4546 amicitia
1233 4501 1274 4546 fra
1285 4504 1311 4546 la
1322 4501 1432 4556 signore
1440 4501 1492 4546 Du·

260 4575 354 4620 obessa
363 4585 378 4618 e
387 4574 440 4628 noi,
450 4573 552 4618 ccredo
563 4573 745 4628 cucuziutara
756 4572 781 4617 ln
792 4571 852 4627 ogni
861 4572 1026 4617 occurrentia
1036 4571 1208 4618 caldnmente.
1211 4573 1368 4649 ,Polnucun
1378 4583 1410 4617 ex
1418 4583 1483 4618 com.
1476 4597 1492 4626 ..

261 4644 719 4702 PatriChrietopborodelleudozo,
729 4643 838 4699 ttJunii.
842 4644 1032 4702 v-ldesupru,
1042 4655 1105 4701 pne.
1114 4644 1162 4702 tta,
1172 4655 1197 4692 n.
1207 4643 1287 4690 908.Ι
1341 4665 1343 4670 ·
1447 4652 1450 4658 ’

402 4733 498 4794 T..vr
571 4733 573 4737 ’
1320 4746 1350 4806 ¹7
