3642 5350
326 411 375 470 22*
794 411 922 471 Cunou.
942 381 1110 484 Socios.

328 556 384 633 cii,
402 573 447 618 ex
461 555 585 617 itinere
601 552 826 634 defatigatus,
844 554 1005 617 Viennae
1021 555 1135 618 voluit
1149 555 1351 633 subsistere;
1365 554 1460 636 quod
1474 571 1555 618 cum

327 661 555 726 intellexisset
570 660 733 726 Summus
747 659 923 736 Pontifex,
944 662 1064 726 statim
1083 661 1245 726 eumdem
1261 659 1298 724 Ρ.
1315 661 1557 726 Salmeronem

330 785 478 848 pergere
493 767 643 831 Romam
662 785 790 831 versus
810 767 926 849 jussit.
947 769 1003 832 Ex
1023 769 1150 832 litteris
1169 779 1287 833 tamen
1309 767 1386 850 ejus
1404 769 1492 832 satis
1506 769 1554 831 in·

330 877 506 940 tellectum
523 884 587 951 est,
612 874 705 954 quod
730 875 805 955 ipse
828 876 936 938 etiam
961 873 1118 939 Nuncius
1137 874 1366 956 Apostolicus
1388 874 1556 938 nihilnisi

330 983 535 1046 facultatem
548 983 591 1044 ab
605 980 729 1045 eodem
745 979 917 1045 Pontifiee
932 992 1136 1062 expectaret
1151 983 1196 1046 ad
1210 998 1314 1045 suum
1326 982 1490 1045 reditum.

389 1089 439 1152 56.
483 1088 593 1152 Venit
609 1105 695 1167 ergo
710 1089 745 1150 in
760 1088 896 1152 Italiam
918 1088 956 1151 P.
980 1087 1177 1164 Salmeron‚
1197 1089 1361 1170 quamvis
1382 1088 1494 1166 SeniS,
1511 1107 1555 1152 ex

330 1198 550 1278 praescripto
565 1194 604 1259 P.
621 1195 761 1274 ignatii,
778 1195 937 1259 substitit
954 1197 1220 1276 aliquantulum
1243 1207 1278 1259 et
1292 1197 1365 1259 suis
1380 1196 1554 1260 concioni·

330 1305 397 1368 bus
413 1303 578 1367 afflictam
596 1304 692 1366 illam
706 1303 898 1380 civitatem,
915 1321 961 1365 ex
973 1303 1065 1366 bello
1078 1303 1182 1367 valde
1194 1303 1417 1380 exhaustam,
1434 1321 1556 1366 conso·

330 1413 421 1475 latus
437 1421 501 1474 est.
518 1411 563 1474 Et
578 1410 776 1474 Cardinalis
791 1410 933 1488 quidem
948 1410 1143 1488 Burgensis
1159 1409 1180 1489 ¹,
1208 1411 1267 1490 qui
1283 1409 1391 1488 Regis
1405 1409 1556 1490 Philippi

330 1519 473 1583 nomine
499 1517 722 1582 Gubernator
744 1514 819 1595 ejus
841 1516 940 1579 urbis
960 1528 1054 1592 erat,
1079 1517 1214 1599 aliquot
1239 1534 1380 1581 menses
1404 1517 1451 1580 ibi
1476 1533 1556 1579 eum

332 1627 483 1690 retinere
497 1625 653 1705 optabat,
672 1623 775 1686 etita
795 1621 940 1686 Summo
962 1621 1123 1687 Pontifici
1138 1625 1247 1704 ipsius
1271 1624 1412 1687 nomine
1427 1623 1555 1704 suppli·

330 1742 450 1797 catum
472 1743 537 1795 est.
561 1729 629 1795 Sed
654 1747 725 1792 non
741 1730 898 1809 permisit
923 1728 1096 1808 Pontifex,
1123 1731 1394 1811 praeferendum
1414 1747 1491 1793 esse
1506 1729 1553 1792 di-

333 1857 418 1904 cens
431 1839 633 1903 universale
648 1838 778 1900 bonum
793 1837 1001 1916 particulari
1014 1836 1036 1898 ¹.
1055 1837 1143 1901 Cum
1158 1839 1250 1902 enim
1270 1839 1444 1901 missurus
1462 1850 1555 1900 esset

330 1947 422 2012 duos
435 1947 591 2024 Legatos
606 1944 652 2008 ad
662 1945 761 2024 pacis
775 1944 919 2022 negotia
931 1960 1011 2006 cum
1022 1944 1145 2024 primis
1161 1943 1383 2025 Principibus
1394 1945 1553 2008 christia-

332 2070 459 2118 norum
474 2051 672 2131 tractanda,
689 2051 734 2114 ad
749 2049 1002 2130 imperatorem
1021 2061 1055 2114 et
1075 2050 1210 2132 Regem
1229 2051 1429 2134 Philippum
1443 2053 1554 2116 mitte-

331 2161 436 2224 batur
455 2157 656 2224 Cardinalis
676 2160 720 2226 de
740 2158 873 2224 Motula
890 2156 913 2240 ⁸,
934 2170 1059 2240 postea
1083 2158 1233 2224 Pisanu's
1252 2170 1488 2240 nuncupatus;
1510 2158 1555 2221 ad

333 2267 467 2348 Regem
482 2266 619 2332 Galliae
635 2267 835 2334 Cardinalis
851 2268 993 2333 Caraffa
1004 2267 1028 2348 ⁸,
1043 2267 1223 2334 Pontificis
1238 2283 1359 2348 nepos.

390 2375 441 2438 57.
486 2375 685 2440 Postulavit
700 2394 786 2456 ergo
799 2373 965 2440 Summus
979 2375 1142 2441 Pontifex
1159 2373 1296 2439 aPatre
1312 2372 1450 2453 ignatio
1465 2372 1555 2436 duos

328 2482 516 2562 theologos
531 2493 569 2545 ut
584 2483 671 2546 duos
687 2482 843 2563 Legatos
857 2483 1058 2564 praedictos
1073 2481 1337 2561 comitarentur;
1353 2490 1388 2543 et
1402 2479 1440 2544 Ρ.
1456 2479 1556 2559 Igna·

331 2591 400 2652 tius
424 2588 461 2652 Ρ.
484 2588 726 2654 Salmeronem
751 2590 953 2670 designavit
975 2599 1015 2654 ut
1043 2589 1198 2670 priorem
1221 2589 1396 2667 Legatum
1420 2587 1457 2651 in
1481 2587 1554 2650 Bel·

329 2698 437 2777 gium,
454 2708 489 2760 et
504 2697 698 2762 Ductorem
714 2696 863 2762 Olavem
875 2707 914 2761 ut
928 2698 1162 2777 posteriorem
1181 2698 1218 2761 in
1237 2696 1390 2760 Galliam
1409 2696 1554 2759 comita·

329 2814 436 2869 retur.
462 2804 611 2869 Etcum
639 2804 833 2869 nominatio
866 2803 1028 2869 Pontifici
1056 2805 1265 2886 placuisset,
1295 2819 1369 2867 non
1396 2802 1555 2883 permisit

330 2910 366 2975 P.
385 2910 629 2975 Salmeronem
648 2912 778 2975 diutius
800 2910 902 2975 Senis
927 2912 1086 2989 haerere,
1114 2928 1198 2975 nam
1222 2909 1426 2991 propediem
1440 2909 1553 2991 profe·

328 3017 420 3083 cturi
434 3026 535 3081 eraut
550 3016 688 3098 Legati;
705 3030 739 3081 et
755 3017 803 3081 ita
817 3017 1017 3082 Cardiualis
1038 3019 1082 3081 de
1100 3017 1221 3080 Trana
1232 3012 1255 3095 ¹,
1278 3017 1325 3081 ad
1346 3034 1451 3097 quem
1470 3016 1552 3079 Bur·

328 3124 450 3204 gensis
465 3123 666 3189 Cardinalis
689 3126 894 3206 scripserat,
919 3125 1033 3189 eidem
1053 3124 1269 3205 significavit
1294 3122 1475 3187 Pontificis
1497 3138 1555 3185 vo·

328 3232 511 3304 luntatem3
528 3241 563 3294 et
577 3230 616 3295 Ρ.
634 3232 793 3311 ignatius
805 3232 899 3297 intra
914 3230 1069 3297 triduum
1083 3232 1141 3294 vel
1160 3230 1385 3311 quatriduum
1405 3241 1485 3310 post
1499 3246 1555 3293 ac·

329 3346 450 3417 ceptus
465 3337 606 3401 litteras
620 3336 771 3403 Romam
789 3337 967 3417 proficisci
978 3337 1093 3418 Jussit;
1110 3348 1146 3401 et
1159 3338 1210 3400 ita
1224 3336 1263 3400 P.
1284 3336 1482 3414 Salmeron,
1497 3337 1557 3416 qui

330 3460 423 3510 anuo
436 3444 662 3523 praecedenti
675 3444 711 3506 in
724 3443 966 3523 Germaniam,
979 3453 1013 3508 et
1028 3444 1110 3509 iude
1121 3443 1378 3523 inLituauiam,
1395 3444 1556 3522 longissi-

328 3568 424 3621 mum
445 3550 512 3614 iter
527 3551 741 3628 confecerat,
764 3568 807 3615 ac
827 3550 977 3615 Romam
999 3552 1054 3616 his
1072 3551 1158 3631 ipsis
1183 3552 1363 3616 mensibus
1386 3550 1553 3625 redierat,

371 3793 380 3827 ¹
407 3792 562 3837 Franciscus
571 3792 601 3835 de
608 3790 731 3837 Meudozs
741 3798 767 3835 et
777 3791 921 3840 Bobadills.
932 3792 962 3835 de
972 3802 1022 3846 quo
1031 3801 1111 3845 supro
1120 3790 1170 3835 fult
1177 3802 1261 3835 sermo
1270 3796 1290 3835 t.
1299 3801 1335 3845 tv,
1344 3802 1404 3846 pag.
1417 3791 1463 3845 139,
1471 3802 1495 3834 n.
1503 3790 1553 3844 27&

330 3876 392 3920 pag.
401 3864 449 3917 tos,
460 3862 573 3909 mbidac
584 3874 661 3918 saepe
671 3864 746 3917 ulium
757 3864 866 3913 etinfra.
876 3876 899 3909 u.
911 3864 946 3909 61.
961 3865 1041 3909 Plura
1055 3872 1151 3918 autem,
1167 3864 1211 3909 ubl
1224 3872 1318 3919 egetur
1333 3865 1364 3908 de
1380 3864 1496 3919 Collegio
1510 3862 1555 3907 Se-

331 3938 411 3988 nensi,
421 3950 466 3983 suo
476 3939 539 3981 loco.

371 4010 383 4043 ¹
411 4010 475 4056 Vide
488 4010 583 4053 Curias
593 4008 626 4051 de
637 4006 692 4051 San
702 4006 821 4061 Ignacto,
831 4013 850 4051 t.
861 4018 896 4059 vr.
907 4020 968 4063 peu.
978 4010 1076 4053 att-225.

370 4081 383 4114 ⁸
410 4080 495 4136 Scipio
506 4082 614 4135 Reblbe,
624 4079 733 4125 Siculus.
744 4078 827 4125 Natus
842 4078 930 4124 3Non.
941 4080 1078 4127 Februarii
1093 4082 1152 4135 tout.
1162 4081 1285 4128 Viesriue
1294 4082 1418 4137 Arcblep.
1437 4082 1557 4137 Neapoli·

331 4155 385 4200 tsni
395 4153 501 4206 Jounnls
516 4154 588 4197 Petri
604 4152 707 4197 Cassiis
720 4154 773 4207 (qui
789 4160 878 4206 postea
894 4152 990 4197 Paulus
1004 4152 1042 4196 IV
1057 4154 1175 4199 Pontifex
1188 4157 1309 4208 crestusiz
1320 4154 1463 4210 Episcopus
1476 4156 1556 4200 lioto-

330 4228 416 4277 leusis,
428 4226 523 4269 Romae
535 4225 708 4279 Gubernator,
719 4227 803 4276 presb.
812 4223 959 4269 Cardinslis
966 4224 992 4269 S.
1001 4225 1184 4279 Pudentisnse,
1192 4227 1234 4271 tit.
1242 4226 1368 4279 Pastoris,
1378 4227 1558 4282 archiepisco·

330 4310 378 4354 pus
388 4298 521 4342 Pisanus...
532 4296 606 4340 Vixit
616 4295 737 4349 sunosio,
750 4296 849 4340 obluat
862 4296 924 4349 Julli
934 4298 994 4341 1577.
1008 4298 1170 4342 Cracconms.
1180 4297 1247 4342 Vide
1257 4310 1344 4353 supra,
1360 4304 1378 4343 t.
1393 4312 1420 4345 v.
1433 4311 1494 4353 pag.
1510 4300 1556 4352 175,

331 4370 414 4415 u.503.

372 4443 384 4476 ⁴
411 4440 520 4485 Carolus
531 4440 642 4485 cursus.
650 4440 692 4495 qul
703 4452 767 4485 uuus
776 4448 884 4485 creatus
895 4440 1043 4485 cardinalis
1052 4442 1101 4486 fuit
1110 4443 1123 4486 7
1132 4443 1191 4487 idus
1199 4442 1268 4495 Juoil
1280 4444 1339 4487 luto.

373 4512 385 4547 ⁸
411 4512 523 4565 Joanncs
544 4512 717 4557 Bernarulnus
737 4510 832 4565 scotti,
854 4511 958 4557 Ordinis
971 4512 1393 4569 Theotmum-Trmummum
1410 4515 1555 4559 litterarum

335 4584 481 4630 Csrdiualis
491 4583 632 4628 Trauensis
643 4584 712 4627 misit
724 4583 841 4637 ignatius
851 4583 985 4628 cardinali
1000 4583 1126 4638 Burgeusi
1141 4596 1192 4629 uns
1205 4596 1262 4629 cum
1278 4587 1381 4638 litteris,
1397 4598 1461 4641 quas
1474 4587 1555 4629 habes

334 4658 360 4701 ln
371 4656 465 4701 Carras
475 4656 508 4698 de
519 4654 574 4697 San
584 4653 703 4708 Ignaclo,
713 4662 730 4697 t.
739 4664 775 4708 ur,
785 4666 843 4709 pag.
855 4654 957 4699 tat-223.
