3642 5350
753 421 817 481 Aa.
840 419 909 481 1556
1384 425 1444 485 -191

216 588 278 635 cro
299 570 510 651 baptismate
532 568 650 633 abluta
672 567 801 646 iuerat,
827 568 960 631 nostris
983 576 1108 645 postca
1134 568 1304 635 confiteri·
1318 574 1442 637 voluit.

217 678 300 744 Fuit
318 678 425 742 etiam
445 676 504 757 qui
523 683 672 756 peccata
698 674 817 738 multis
841 673 945 737 annis
969 674 1079 738 tacita
1106 674 1200 755 (licet
1223 678 1374 757 singulis
1399 679 1445 744 ad

216 783 480 851 Eucharistiam
495 778 705 860 accederet),
722 791 757 845 et
778 780 910 845 nostris
929 780 966 845 in
985 782 1207 847 confessione
1221 783 1395 851 detexerit
1410 795 1445 851 et

217 893 378 974 graviter
392 889 643 971 deploraverit.

278 998 349 1061 699.
392 997 568 1076 Pergebat
592 995 631 1061 P.
653 980 861 1060 Pelletarius
885 994 922 1058 iu
947 995 1158 1059 enarrandis
1178 998 1338 1079 epistolis
1359 1000 1445 1065 Divi

217 1105 317 1170 Pauli
332 1116 366 1168 et
381 1104 582 1169 auditorum
602 1118 772 1167 numerus
793 1102 1006 1182 augebatur;
1023 1102 1178 1183 quodam
1192 1104 1299 1168 etiam
1314 1107 1384 1171 alio
1399 1120 1445 1173 ex

217 1212 386 1278 iratribus
411 1212 620 1276 concionem
645 1209 813 1288 habente,
840 1210 1115 1274 concubinarius
1139 1210 1282 1291 quidam
1307 1223 1342 1277 et
1366 1213 1446 1278 aliis

217 1320 391 1401 gravibus
416 1318 556 1382 animae
579 1316 786 1381 vulneribus
807 1316 986 1395 laborans,
1007 1327 1241 1396 compunctus
1259 1327 1294 1382 et
1314 1322 1446 1386 nostris

217 1426 414 1504 confessus,
431 1425 476 1489 ad
491 1424 672 1488 meliorem
689 1423 829 1503 frugem
845 1440 883 1487 se
897 1421 1043 1504 recepit.

259 1531 349 1597 ‚ton
392 1531 460 1597 Per
478 1531 640 1595 eumdem
660 1529 835 1595 Dominus
856 1529 1049 1593 hebraeum
1073 1531 1261 1612 quemdam
1277 1532 1445 1614 juvenem

219 1638 266 1705 ad
291 1640 524 1705 christianam
543 1620 750 1717 religionem
769 1635 822 1701 sic
843 1635 1019 1716 accendit,
1041 1645 1082 1700 ut
1099 1637 1208 1703 etiam
1230 1638 1277 1704 ad
1298 1642 1446 1706 consilia

219 1746 352 1813 Christi
363 1744 534 1810 sectanda
546 1760 742 1825 propensus
757 1743 948 1807 videretur.
965 1743 1052 1807 Erat
1067 1753 1185 1809 autem
1198 1763 1269 1809 non
1281 1748 1395 1812 solum
1409 1748 1446 1813 in

218 1855 338 1919 latinis
354 1853 493 1929 litteris
509 1852 572 1916 sed
587 1850 694 1915 etiam
708 1849 744 1913 in
760 1848 925 1915 hebraeis
939 1850 1076 1915 doctus.

279 1959 351 2024 701.
394 1959 497 2025 Alius
521 1958 665 2037 quidam
689 1973 736 2021 ex
759 1955 928 2027 fratribus
951 1958 1196 2023 meretricibus
1215 1960 1447 2026 concionatus

218 2075 286 2149 est,
304 2084 395 2148 quae
408 2082 480 2129 non
494 2066 608 2129 solum
624 2081 706 2129 cum
725 2080 857 2145 magna
876 2065 1083 2143 attentione,
1100 2063 1163 2128 sed
1178 2083 1260 2130 cum
1279 2067 1447 2149 lacrymis

218 2174 326 2239 etiam
352 2183 387 2236 et
410 2171 562 2253 planctis
588 2172 707 2235 multis
726 2188 807 2236 eum
827 2170 1026 2249 audierunt,
1047 2179 1083 2234 et
1098 2171 1267 2236 tredecim
1286 2192 1333 2238 ex
1347 2176 1409 2253 cis,
1425 2192 1447 2239 a

219 2280 374 2346 Domino
390 2295 599 2358 conversae,
620 2278 767 2343 firmiter
781 2286 983 2343 statuerunt
1003 2285 1104 2359 turpe
1119 2278 1205 2343 illud
1222 2280 1315 2344 vitae
1334 2296 1447 2361 genus

218 2390 418 2468 relinquere
432 2396 468 2450 et
482 2386 559 2450 Deo
574 2386 784 2451 adhaerere.

280 2494 354 2558 702.
395 2493 494 2557 idem
506 2508 586 2557 cum
606 2494 643 2557 in
663 2492 885 2556 xenodochio
906 2490 1059 2572 quodam
1078 2496 1197 2575 amplo
1217 2495 1448 2560 concionatus

217 2614 325 2681 esset,
342 2601 519 2683 persuasit
533 2599 715 2682 praesecto
729 2596 806 2680 ejus
819 2609 858 2663 ut
871 2599 1022 2679 singulis
1041 2599 1271 2665 hebdomadis
1287 2602 1448 2667 christia·

217 2727 304 2774 nam
325 2708 524 2772 doctrinam
544 2707 812 2787 aegrotantibus
831 2708 1068 2788 praelegeret,
1090 2709 1184 2790 quod
1208 2727 1247 2774 se
1271 2709 1448 2776 iacturum

218 2816 393 2898 promisit,
411 2825 446 2880 et
460 2826 497 2879 ut
511 2815 565 2879 bis
585 2816 621 2878 in
641 2813 863 2878 hebdomada
881 2814 1026 2878 litaniae
1046 2812 1199 2895 majores
1218 2817 1448 2881 decantaren-

216 2933 288 2989 tur.
304 2922 426 2986 Palam
440 2932 558 2987 autem
572 2921 666 2986 idem
681 2921 770 2985 dixit
784 2919 944 2998 infirmis,
965 2921 1078 3001 utqui
1093 2922 1225 2986 vellent
1243 2923 1280 2987 in
1294 2922 1447 2987 xenodo-

216 3029 301 3096 chio
315 3046 472 3108 manere,
488 3029 534 3092 ad
547 3027 780 3092 consessionis
795 3035 1058 3091 sacramentum
1072 3045 1111 3092 se
1125 3039 1393 3110 praepararent.

278 3135 351 3200 703.
393 3135 585 3214 Colloquiis
607 3135 714 3200 etiam
735 3133 968 3198 familiaribus
988 3134 1195 3216 obsequium
1216 3135 1294 3200 Deo
1314 3137 1449 3202 exhibi-

214 3255 293 3309 tum
308 3252 378 3320 est;
395 3251 430 3308 et
444 3243 600 3324 quidam,
616 3242 708 3306 inter
727 3242 828 3320 alioS,
849 3239 910 3322 qui
932 3257 1092 3307 sororem
1112 3243 1274 3308 occidere
1296 3242 1448 3308 destina·

215 3360 332 3428 verat,
350 3350 395 3414 ab
410 3367 451 3414 eo
471 3351 605 3413 scelere
625 3365 646 3412 a
666 3346 705 3413 P.
726 3347 915 3412 Pelletario
933 3357 1137 3426 revocatus,
1160 3347 1316 3430 ejusdem
1338 3369 1447 3433 opera

215 3474 300 3524 cum
315 3473 437 3521 sorore
451 3456 487 3521 in
501 3456 655 3536 gratiam
671 3455 787 3519 rediit.

278 3561 349 3627 704.
393 3561 516 3644 Aliqui
529 3579 576 3626 ex
590 3562 770 3638 iratribus,
787 3577 868 3626 cum
885 3571 990 3626 extra
1004 3561 1203 3643 Collegium
1218 3565 1447 3644 egredieban·

216 3684 293 3751 tur,
309 3671 342 3734 si
355 3687 445 3751 quos
460 3669 747 3750 blasphemantes
762 3668 952 3734 audiebant
966 3668 1074 3749 (quod
1088 3670 1228 3750 peccati
1239 3687 1353 3751 genus
1363 3671 1446 3736 Fer·

216 3777 336 3844 rariae
359 3776 464 3840 valde
487 3783 566 3841 erat
586 3775 785 3854 familiare),
811 3791 873 3840 eos
896 3776 1006 3840 libere
1030 3777 1352 3858 reprehendebant;
1383 3796 1445 3843 eos

217 3887 337 3961 etiam,
354 3885 415 3965 qui
429 3899 556 3964 parum
570 3884 728 3948 honestis
742 3883 842 3948 libris
861 3883 1060 3963 utebantur,
1085 3885 1287 3950 monebant.
1307 3885 1352 3950 Et
1374 3887 1448 3967 qui·

216 3991 299 4058 dem
322 3992 498 4074 patienter
516 3991 678 4056 homines
697 3989 732 4054 id
753 3989 933 4067 terebant;
953 3999 988 4054 et
1007 3990 1074 4055 suit
1094 3992 1154 4071 qui
1176 3992 1297 4056 statim
1318 3993 1446 4058 librum

216 4097 387 4181 abjecerit
402 4109 437 4162 et
452 4097 667 4162 admonitori
680 4096 807 4162 deinde
822 4112 981 4161 summas
995 4098 1108 4177 egerit
1121 4100 1270 4178 gratias.

277 4203 349 4268 705.
392 4203 462 4269 Sed
477 4203 572 4285 quod
586 4205 632 4268 ad
645 4203 801 4270 fructum
815 4203 942 4268 attinet
958 4202 1144 4268 familiaris
1165 4207 1342 4289 colloquii,
1365 4209 1447 4274 insi·

214 4312 298 4393 gnis
319 4311 385 4376 suit
405 4328 486 4378 cum
509 4311 652 4394 quidam
673 4327 718 4374 ex
740 4309 874 4374 nostris
892 4310 1061 4375 iratribus
1083 4310 1220 4377 Mutina
1244 4314 1448 4380 Ferrariam

215 4419 302 4485 navi
317 4418 560 4497 descenderet,
576 4419 636 4499 qui
651 4435 732 4482 cum
747 4399 929 4482 incidisset
948 4417 985 4481 in
1004 4416 1184 4483 hominem
1204 4423 1449 4503 navigationis

217 4523 293 4602 ejus
315 4526 491 4605 comitem,
515 4523 587 4607 qui,
614 4541 694 4589 cum
715 4523 953 4605 quadraginta
975 4541 1090 4588 annos
1110 4523 1184 4590 iere
1209 4538 1316 4594 natus
1342 4539 1446 4608 esset,

216 4632 307 4698 nihil
331 4649 480 4716 prorsus
505 4631 549 4697 de
574 4631 771 4698 christiana
796 4630 969 4712 religione
993 4643 1155 4711 noverat,
1181 4653 1228 4700 ne
1247 4637 1450 4702 orationem
