3642 5350
755 448 819 515 Aa.
841 446 913 515 1556
1393 442 1446 514 113

219 604 255 667 id
270 602 451 684 intererat,
468 601 617 667 sublatis
631 602 710 667 aliis
724 602 923 667 litterarum
937 600 1173 666 humanarum
1187 598 1382 682 magistris,
1402 602 1445 666 de

217 708 400 791 juventute
413 711 582 792 perusina
598 710 729 774 nostris
744 708 917 773 tradendo
932 717 970 773 ut
986 709 1032 773 ab
1046 708 1099 773 eis
1114 708 1123 742 ¹
1138 708 1175 773 in
1189 708 1316 773 litteris
1330 716 1365 772 et
1375 726 1446 772 mo·

219 819 318 882 ribus
332 818 585 882 institueretur.
604 817 714 881 Immo
730 824 765 880 et
778 816 822 880 de
842 815 920 880 aliis
941 816 1104 880 omnibus
1125 816 1368 892 facultatibus
1387 834 1445 879 ex·

218 934 321 1006 cepta
334 922 424 1004 juris
438 923 565 1006 peritia
581 941 623 987 ac
639 922 823 1002 medicina,
836 922 1007 987 Societati
1018 932 1162 989 nostrae
1173 922 1445 1003 committendis,

218 1040 258 1096 ut
272 1032 390 1097 studia
404 1032 463 1095 illa
478 1031 604 1095 melius
619 1028 861 1111 procederent,
878 1038 998 1094 actum
1013 1039 1078 1094 est.
1093 1029 1206 1111 Quae,
1222 1030 1386 1111 quamvis
1400 1030 1447 1094 ad

220 1140 465 1203 executionem
479 1156 551 1201 non
565 1138 740 1217 venerint,
757 1154 801 1201 ex
824 1136 875 1201 eis
896 1146 1017 1201 tamen
1038 1137 1185 1218 quidde
1207 1147 1330 1201 nostra
1351 1136 1446 1201 iusti·

220 1246 342 1312 tuendi
356 1246 496 1310 ratione
510 1246 682 1309 sentirent
696 1244 801 1308 facile
815 1240 945 1323 conjici
959 1254 1112 1325 poterat.
1247 1238 1251 1241 ’

280 1352 352 1416 406.
396 1351 597 1417 Cardinaiis
612 1360 729 1416 autem
749 1350 910 1415 Perusini
932 1350 956 1432 ²,
977 1349 1236 1418 Gubernatoris
1259 1349 1283 1433 ⁸,
1304 1351 1448 1436 Episco-

221 1462 257 1543 pi
267 1458 291 1537 ⁸,
304 1459 442 1525 Vicarii
455 1458 467 1490 ⁸
479 1477 522 1523 ac
537 1459 808 1538 magistratuum
820 1458 977 1523 civitatis
988 1467 1023 1523 et
1034 1462 1225 1524 multorum
1236 1460 1367 1525 civium
1378 1460 1448 1542 pri·

222 1568 415 1632 mariarum
430 1566 676 1630 benevolentia
697 1581 784 1645 erga
806 1574 949 1630 nostros
967 1584 1038 1630 uon
1057 1566 1247 1631 mediocris
1265 1574 1360 1647 erat;
1382 1584 1449 1632 nec

223 1677 337 1739 solum
351 1674 471 1738 uerbis
487 1672 645 1751 vivendi,
661 1672 812 1736 docendi
827 1681 861 1737 et
876 1672 920 1737 de
934 1674 1108 1753 proximis
1126 1673 1373 1739 benemerendi
1394 1691 1450 1738 ra·

224 1782 356 1846 tionem
370 1780 573 1856 laudabant,
590 1778 652 1844 sed
667 1780 863 1844 commodis
877 1780 1219 1861 etiamnostrorum,
1240 1781 1353 1846 sicubi
1371 1799 1449 1864 pos·

225 1898 313 1963 sent,
329 1888 477 1955 libenter
491 1887 742 1953 inserviebant.

286 1996 357 2060 407.
399 1996 564 2061 Nondum
580 1994 782 2061 Cardinalis
801 1997 1006 2077 praedictus
1027 2014 1150 2062 curam
1169 1998 1279 2062 nostri
1301 1996 1450 2077 Collegii

226 2103 344 2169 alendi
358 2112 575 2184 susceperat,
596 2101 659 2166 sed
677 2103 806 2167 litteris
825 2105 899 2170 suis
919 2105 965 2169 ad
987 2122 1050 2169 eos
1068 2105 1220 2186 scriptis
1242 2106 1451 2186 quibuscum

227 2211 359 2275 nostris
382 2227 442 2274 res
469 2220 558 2289 erat,
588 2219 710 2274 nostra
737 2211 854 2274 omnia
879 2212 1079 2276 arctissime
1103 2210 1391 2293 commendabat3
1416 2220 1451 2275 et

227 2320 332 2383 malie
344 2314 357 2349 ⁸
371 2318 438 2382 sibi
452 2333 580 2398 panem
596 2314 727 2399 [quam]
743 2317 793 2381 ilii
815 2317 975 2397 Collegio
995 2319 1200 2383 necessaria
1218 2317 1341 2383 deesse
1360 2318 1450 2384 affir-

229 2427 359 2491 mabat.

287 2533 358 2597 408.
402 2533 549 2598 Cuidam
575 2532 681 2597 etiam
706 2532 875 2614 primario
899 2532 971 2598 civi
991 2550 1078 2599 cura
1099 2542 1223 2598 nostra
1244 2541 1322 2598 erat
1341 2550 1452 2614 usque

229 2641 317 2707 adeo
331 2650 369 2706 ut
384 2658 465 2706 cum
480 2658 607 2723 equum
622 2649 656 2705 et
670 2639 875 2706 venatorios
890 2658 999 2706 canes
1013 2643 1123 2707 aleret
1134 2642 1217 2724 (quo
1231 2639 1347 2707 studio
1358 2640 1453 2706 miri·

231 2748 294 2814 lice
310 2749 574 2828 delectabatur),
591 2767 629 2813 se
645 2749 763 2813 omnia
778 2749 1005 2814 dimissurum
1019 2749 1201 2832 professus
1215 2749 1272 2829 sit,
1292 2766 1363 2831 quo
1382 2767 1450 2814 me·

229 2857 297 2922 lius
310 2857 416 2921 rebus
431 2856 563 2920 nostris
577 2865 698 2937 posset
712 2856 912 2920 subvenire.

290 2962 361 3026 409.
403 2963 601 3044 Episcopus
616 2973 735 3028 autem
751 2971 785 3026 et
800 2962 969 3027 Vicarius
982 2961 1058 3043 ejus
1071 2981 1138 3028 nec
1159 2963 1372 3029 auctoritate
1388 2979 1455 3027 nec

231 3070 464 3152 eleemosynis
478 3070 611 3134 nostris
626 3069 748 3134 deesse
764 3087 920 3151 unquam
934 3071 1003 3134 visi
1022 3080 1114 3135 sunt.
1136 3069 1209 3135 Alii
1227 3070 1335 3135 etiam
1354 3069 1456 3136 multi

232 3179 330 3242 cives
353 3179 488 3242 viritim
506 3193 638 3257 magno
659 3177 775 3242 studio
796 3177 924 3258 stipem
943 3178 1191 3258 quaeritabant
1210 3177 1276 3242 'ut
1296 3177 1455 3259 collegio

231 3285 435 3349 necessaria
449 3285 769 3349 subministrarent.

291 3391 363 3456 410.
405 3390 479 3456 Nec
493 3401 612 3456 tamen
627 3392 771 3472 nostriS,
789 3408 870 3456 cum
885 3390 1020 3456 reditus
1034 3390 1205 3456 baberent
1220 3393 1335 3456 nullos
1353 3390 1377 3472 ⁸,
1398 3409 1456 3456 ex·

233 3501 428 3564 cercendae
452 3499 670 3581 paupertatis
696 3508 801 3580 atque
825 3498 1018 3580 patientiae
1047 3497 1060 3530 ⁹
1087 3498 1230 3564 occasio
1258 3499 1396 3580 deerat3
1422 3507 1458 3563 et

235 3607 322 3670 satis
335 3606 485 3686 intelligi
498 3604 611 3687 potuit
625 3623 697 3669 non
717 3604 952 3688 eleemosynis
971 3605 1035 3670 sed
1048 3605 1219 3671 reditibus
1234 3605 1393 3686 collegia
1408 3605 1458 3670 in-

234 3715 298 3779 niti
312 3715 452 3778 debere.

274 3993 283 4028 ¹
311 3991 358 4037 Ma.
368 3992 448 4036 habet
459 4001 501 4045 ea,
512 3989 622 4044 scilicet,
632 3987 774 4034 Societate:
784 3993 812 4034 at
822 3999 879 4034 cnm
890 3991 1046 4036 vocabulum
1056 3991 1104 4035 hoc
1114 3989 1141 4037 iu
1153 3989 1270 4046 proxime
1284 3989 1462 4046 praecedeuti·

235 4065 282 4108 bus
291 4074 341 4108 non
351 4067 487 4119 appareat,
498 4061 594 4107 rectius
604 4061 682 4105 scribi
693 4059 797 4106 videtur
807 4063 856 4115 eis,
866 4061 999 4117 videlicet,
1009 4064 1111 4107 nostris
1118 4063 1331 4118 professoribus.

274 4136 286 4168 ¹
312 4135 464 4180 Perusinus
482 4133 624 4190 scripserat
642 4132 952 4179 librarius-Cardlnaiis
972 4133 1112 4180 Perusinus
1133 4143 1191 4180 erat
1209 4133 1319 4181 Fulvius
1336 4134 1461 4179 Cornelis.

235 4207 300 4251 Vide
311 4219 399 4262 supra,
411 4213 430 4251 t.
441 4220 467 4262 v,
475 4217 536 4263 pag.
545 4205 580 4260 ⁶³,
589 4218 613 4250 ιι.
625 4205 675 4250 tau.

276 4279 288 4311 ὅ
313 4278 381 4322 Vide
392 4278 513 4322 Litterae
522 4277 753 4332 Quadrtmestres,
763 4285 828 4334 t.1r,
837 4290 898 4334 pag.
908 4278 957 4333 490,
966 4285 1054 4325 auuot.
1067 4280 1089 4325 2.

274 4353 287 4386 Ι
313 4351 446 4408 Hippolyti
457 4349 558 4394 Cornei.
569 4349 636 4395 Vide
647 4361 735 4406 supra,
744 4357 762 4396 t.
775 4363 801 4407 v,
812 4364 872 4408 paz.
880 4353 916 4408 63,
927 4359 1016 4397 annot.
1025 4354 1050 4397 4.

274 4423 287 4457 ⁸
312 4423 393 4468 Marci
404 4422 511 4468 Antonii
521 4420 637 4466 oudini.
649 4422 715 4468 Vide
725 4435 814 4480 supra,
825 4429 843 4469 t.
855 4437 882 4480 v,
891 4436 953 4480 pat.
962 4425 998 4481 ⁶2,
1008 4423 1094 4471 nita.

275 4493 288 4526 ⁸
315 4494 361 4539 iis.
372 4492 548 4538 mala-Vide
555 4491 677 4540 Litterae
684 4495 916 4551 Quadrimestres,
925 4502 945 4542 t.
955 4505 993 4553 tr,
1003 4507 1064 4552 pot.
1074 4495 1124 4541 490.

278 4565 290 4599 '¹
316 4565 364 4611 iis.
372 4567 481 4610 obscure
490 4565 557 4610 satis
565 4566 663 4611 habere
673 4566 778 4613 videtur
788 4568 1002 4624 quemtuatant.

278 4638 291 4674 ⁸
317 4637 452 4684 iinullos.

278 4709 291 4744 ⁹
317 4709 363 4756 bis.
374 4709 453 4756 habet
464 4709 506 4754 liic
517 4719 582 4763 non:
590 4709 636 4755 sed
647 4709 787 4758 redundat.

382 4799 422 4857 T.
436 4813 478 4856 vr.
