3642 5350
786 427 851 489 Ati.
873 429 944 489 1556
1425 428 1480 488 409

306 572 398 639 2017.
441 574 597 654 Singulis
611 591 750 657 quoque
767 575 890 639 diebus
909 574 1096 639 dominicis
1116 576 1153 639 in
1171 575 1326 655 quodam
1346 575 1479 637 sacello

242 678 405 761 ejusdem
420 683 547 745 summi
558 683 679 763 templi
690 683 810 763 plures
821 682 937 762 solito,
951 681 1084 746 Christi
1097 699 1248 763 corpore
1259 679 1476 760 reficiebant;

242 790 413 869 quamvis
426 790 670 869 multoplures
684 790 720 854 id
734 789 865 853 facturi
885 798 1004 867 erant,
1020 789 1051 852 si
1064 791 1234 869 templum
1252 787 1385 852 nostris
1399 804 1477 868 pro·

246 896 365 975 prium
380 896 601 976 contigisset,
619 914 688 977 quo
703 897 811 960 libere
827 905 862 961 et
877 896 1063 961 commode
1078 896 1249 960 accedere
1268 896 1313 959 ad
1328 894 1478 959 verbum

246 1000 315 1067 Dei
330 1001 541 1067 audiendum
556 1012 590 1066 et
605 1015 830 1067 sacramenta
846 1003 1075 1083 percipienda
1090 1003 1301 1088 potuissent.

305 1108 396 1173 2018.
440 1109 514 1175 Nec
530 1128 656 1191 parum
669 1110 804 1190 negotii
819 1110 952 1173 nostris
966 1109 1180 1173 exhibebant
1195 1109 1266 1190 qui,
1282 1109 1476 1171 haeretico·

231 1202 325 1281 “rum
339 1216 451 1281 sibilis
468 1217 475 1248 ¹
492 1217 646 1299 vipereis
666 1216 777 1282 afflati
797 1226 857 1280 aut
876 1216 1013 1295 iniecti,
1037 1216 1241 1279 adnostros
1265 1216 1322 1277 vel
1341 1213 1475 1277 confes·

240 1325 319 1389 suri
333 1341 398 1389 sua
413 1334 560 1406 peccata
575 1324 803 1405 accedebant,
820 1326 878 1388 vel
893 1324 1080 1388 consilium
1098 1333 1201 1387 extra
1216 1322 1475 1387 consessionem

244 1432 403 1511 petituri,
419 1440 458 1497 ut
472 1432 564 1512 lupis
578 1432 644 1497 sub
659 1430 766 1495 ovina
781 1432 883 1512 pelle,
900 1431 1053 1509 scilicet,
1069 1429 1170 1493 verbi
1189 1428 1258 1493 Dei
1274 1438 1309 1493 et
1329 1430 1476 1493 eleemo-

238 1553 415 1618 synarum
429 1540 544 1618 tectis,
559 1538 698 1603 fortiter
713 1539 930 1603 resisterent.

303 1644 395 1709 2019.
438 1645 508 1728 Ipsi
527 1656 645 1709 autem
665 1644 836 1709 haeretici
855 1654 999 1709 nostros
1018 1645 1137 1709 multis
1156 1644 1271 1707 modis
1293 1658 1475 1723 oppugna·

238 1746 345 1833 hant,
368 1752 429 1816 sed
456 1754 547 1815 clam
574 1762 608 1816 et
631 1754 667 1817 in
689 1750 833 1816 modum
850 1752 1027 1832 vulpium,
1048 1769 1119 1815 non
1138 1758 1273 1831 aperte.
1294 1748 1475 1814 Interdum

239 1859 339 1923 enim
353 1859 442 1923 bene
456 1876 561 1923 mane
575 1868 636 1935 aut
650 1859 693 1923 de
713 1869 817 1923 nocte
832 1858 966 1940 aliquid
984 1858 1259 1938 ignominiosum
1275 1856 1393 1920 valvis
1413 1856 1474 1920 do·

239 1981 324 2029 mus
347 1974 490 2029 nostrae
516 1966 767 2047 appingebant;
795 1965 972 2030 interdum
996 1964 1144 2043 litteras,
1171 1961 1411 2043 blasphemiae
1438 1970 1473 2025 et

238 2074 487 2137 conviciorum
501 2075 639 2153 plenas,
657 2088 721 2153 per
735 2089 865 2153 pueros
879 2072 1075 2149 mittebant,
1093 2080 1154 2135 aut
1169 2071 1233 2135 snb
1244 2078 1385 2133 noctem
1397 2068 1473 2133 sine

239 2179 387 2244 arbitris
402 2180 438 2243 in
453 2180 597 2244 domum
611 2188 815 2244 nostrorum
829 2197 893 2260 per
908 2180 1046 2260 aliquas
1060 2178 1171 2241 rimas
1185 2176 1431 2258 projiciebant.

250 2332 255 2339 -
304 2286 395 2351 2020.
439 2288 551 2352 Unius
570 2302 693 2350 earum
713 2284 726 2315 '
740 2286 824 2350 libet
840 2302 1015 2351 summam
1029 2287 1088 2349 hic
1103 2286 1275 2376 inserere,
1292 2293 1331 2349 ut
1348 2300 1472 2348 eorum

240 2394 424 2475 ingenium
451 2405 699 2475 cognoscatur.
730 2392 910 2459 “Salutant
934 2412 1013 2472 vos,
1040 2410 1061 2457 o
1087 2392 1213 2457 Patres
1237 2390 1418 2457 Bernarde
1438 2399 1472 2454 et

241 2500 428 2580 Quintine,
450 2517 573 2565 omnes
592 2501 723 2565 fratres
743 2510 777 2565 et
796 2518 941 2566 sorores
959 2501 996 2564 in
1015 2500 1175 2580 Christo,
1196 2500 1257 2581 qui
1275 2500 1389 2563 zelum
1404 2496 1473 2561 Dei

238 2609 345 2673 vobis
361 2610 440 2673 dari
454 2617 638 2692 optamus3
654 2626 737 2673 nam
754 2626 839 2673 vera
855 2607 923 2672 Dei
939 2608 1087 2673 scientia
1102 2609 1249 2687 caretis,
1266 2603 1471 2688 praedican-

238 2725 296 2780 tes
307 2718 440 2798 populo
452 2717 579 2781 salsam
591 2727 626 2781 et
638 2717 852 2781 diabolicam
864 2716 1081 2781 doctrinam:
1095 2725 1144 2796 ut,
1162 2713 1236 2797 [1.⁰]
1251 2715 1347 2796 quod
1361 2711 1470 2776 Missa

242 2824 402 2889 instituta
419 2825 465 2889 sit
480 2843 501 2888 a
516 2824 607 2904 De0,
623 2835 658 2887 et
677 2825 713 2888 in
734 2825 922 2905 evangelio
942 2823 1107 2903 fundata,
1127 2832 1162 2886 et
1181 2822 1291 2887 verbo
1305 2820 1373 2885 Dei
1388 2836 1470 2909 conl·

239 2928 378 2995 formis.
395 2930 561 3012 Inspicite
584 2941 734 3012 quatuor
754 2933 955 3011 evangelia,
972 2932 1004 2995 si
1023 2929 1098 3011 eJus
1115 2930 1168 2994 rei
1186 2929 1401 2993 mentionem
1420 2926 1497 2990 izi-⁶

237 3037 359 3102 ciunt:
375 3055 443 3102 nos
457 3037 665 3103 confitemur
680 3055 840 3115 coenam,
858 3056 965 3119 quam
980 3037 1149 3102 describit
1168 3035 1309 3099 Paulus.
1323 3033 1373 3098 2.⁰
1387 3033 1469 3098 dici·

238 3144 287 3207 tis
301 3155 336 3208 et
351 3145 571 3225 persuadetis
585 3147 716 3226 populo
737 3163 815 3209 esse
835 3146 1098 3226 purgatorium;
1117 3161 1184 3208 nos
1203 3142 1352 3207 dicimus
1371 3141 1469 3206 Chri·

235 3261 335 3314 stum
356 3269 433 3314 esse
453 3261 615 3315 nostrum
633 3253 889 3331 purgatorium.
913 3252 961 3315 3.⁰
982 3251 1100 3315 dicitis
1120 3250 1333 3328 adorandos
1355 3249 1470 3312 colen·

235 3355 306 3422 dos
321 3369 465 3422 sanctos
480 3367 586 3440 atque
600 3359 706 3423 etiam
721 3360 918 3439 rogandos;
939 3376 1005 3424 nos
1026 3375 1113 3422 vero
1132 3356 1274 3422 mentiri
1292 3375 1360 3422 vos
1374 3358 1469 3438 inge·

240 3481 309 3528 nuc
324 3464 486 3542 latemur,
504 3474 539 3529 et
554 3467 758 3542 asserimus
775 3467 857 3546 quia
873 3466 1037 3531 Christus
1057 3473 1110 3529 est
1129 3465 1328 3528 advocatus
1348 3476 1471 3528 noster

234 3571 335 3651 apud
348 3571 501 3636 Patrem.

300 3677 421 3759 Itaque
437 3680 587 3743 dicimus
611 3696 677 3743 vos
699 3680 789 3743 duos
808 3697 886 3744 esse
905 3679 1016 3744 salsos
1035 3680 1229 3761 prophetas
1247 3689 1283 3743 et
1303 3678 1468 3744 antichri-

235 3793 326 3864 stoS,
351 3803 439 3865 quos
465 3788 508 3850 dc
533 3786 616 3850 sede
642 3787 908 3852 concionatoria
933 3805 955 3850 a
979 3788 1090 3850 multo
1115 3798 1274 3867 tempore
1291 3784 1469 3868 [dejicere]

236 3893 407 3972 oportuit,
425 3894 678 3974 ohypocritae,
696 3912 716 3958 o
731 3896 816 3958 vani
831 3897 1027 3976 prophetae
1041 3893 1251 3958 antichristi.
1265 3893 1336 3958 Sed
1350 3910 1470 3975 preca-

235 4015 319 4062 mur
332 3999 459 4080 Deum,
476 4010 515 4064 ut
529 4019 596 4064 vos
606 4001 789 4066 illuminet.
806 4002 965 4082 valete,

299 4106 390 4170 2021.
433 4107 512 4174 Non
531 4111 645 4174 solum
667 4119 784 4173 nutem
805 4127 850 4174 ex
870 4111 939 4174 hac
953 4110 1103 4190 epistola
1122 4109 1244 4190 colligi
1261 4117 1377 4190 potest
1398 4125 1470 4189 quo

280 4307 288 4343 Ι
317 4309 403 4356 Intus.
418 4313 553 4368 perspicue
569 4313 695 4368 scriptum
711 4314 809 4368 legitur
824 4314 943 4368 similes·
957 4320 986 4358 et
1003 4314 1029 4359 ln
1046 4314 1157 4369 epistola
1171 4315 1237 4358 unde
1254 4315 1319 4359 haec
1332 4314 1470 4369 desumpta

237 4389 297 4426 eunt
308 4383 373 4428 haec
382 4385 554 4438 reperiuntur:
564 4385 666 4430 “Etiam
678 4397 727 4429 non
737 4397 829 4441 parum
846 4395 1021 4436 exercuerunt
1034 4398 1080 4431 nos
1090 4387 1221 4432 lutherani
1236 4394 1263 4432 et
1276 4387 1321 4432 etll
1333 4387 1469 4440 baeretici,

232 4463 347 4508 quornm
357 4455 446 4499 sibilis
455 4457 575 4511 vipereis
585 4458 717 4502 excantatl
728 4463 772 4502 sut
790 4458 874 4502 afflati
889 4459 963 4502 multi
978 4459 1012 4503 ed
1021 4470 1069 4503 uos
1082 4467 1254 4503 accurrerunt
1268 4459 1470 4504 contessurlsua

236 4531 394 4581 peccate...„
404 4525 526 4572 Litterae
536 4527 767 4582 Quadrimestres,
777 4538 794 4574 t.
806 4541 842 4584 ιν,
854 4541 918 4584 pag.
927 4530 964 4573 st.

280 4597 291 4628 ¹
319 4597 404 4643 Sclllc.
415 4599 572 4645 litterarum.
588 4599 732 4658 Exemplar
747 4601 814 4657 quod
830 4603 871 4647 hic
886 4603 1024 4658 subtlelmr
1038 4603 1121 4647 habes
1134 4603 1161 4646 ln
1175 4602 1298 4647 Litterae
1311 4603 1473 4658 Quadrima·

232 4669 345 4724 street.
357 4680 393 4724 tv,
402 4682 463 4726 pag.
472 4673 507 4716 ot.
