<?xml version="1.0" encoding="UTF-8"?>
<!DOCTYPE html PUBLIC "-//W3C//DTD XHTML 1.0 Transitional//EN"
    "http://www.w3.org/TR/xhtml1/DTD/xhtml1-transitional.dtd">
<html xmlns="http://www.w3.org/1999/xhtml" xml:lang="en" lang="en">
 <head>
  <title>
</title>
<meta http-equiv="Content-Type" content="text/html;charset=utf-8" />
  <meta name='ocr-system' content='tesseract 3.04.00' />
  <meta name='ocr-capabilities' content='ocr_page ocr_carea ocr_par ocr_line ocrx_word'/>
</head>
<body>
  <div class='ocr_page' id='page_1' title='image "./vitaignatiiloio00polagoog_0634.png"; bbox 0 0 3642 5350; ppageno 0'>
   <div class='ocr_carea' id='block_1_1' title="bbox 341 418 1119 494">
    <p class='ocr_par' dir='ltr' id='par_1_1' title="bbox 341 418 1119 494">
     <span class='ocr_line' id='line_1_1' title="bbox 341 418 1119 494; baseline 0 -15"><span class='ocrx_word' id='word_1_1' title='bbox 341 423 404 480; x_wconf 45' lang='lat'>6141</span> <span class='ocrx_word' id='word_1_2' title='bbox 802 418 930 481; x_wconf 75' lang='lat' dir='ltr'>Canon.</span> <span class='ocrx_word' id='word_1_3' title='bbox 950 419 1027 480; x_wconf 91' lang='lat' dir='ltr'>Soc.</span> <span class='ocrx_word' id='word_1_4' title='bbox 1048 419 1119 494; x_wconf 77' lang='lat' dir='ltr'>Jns.</span> 
     </span>
    </p>
   </div>
   <div class='ocr_carea' id='block_1_2' title="bbox 340 560 1591 2679">
    <p class='ocr_par' dir='ltr' id='par_1_2' title="bbox 340 560 1584 950">
     <span class='ocr_line' id='line_1_2' title="bbox 402 560 1583 646; baseline -0.006 -15"><span class='ocrx_word' id='word_1_5' title='bbox 402 565 495 631; x_wconf 88' lang='grc'><strong>2647.</strong></span> <span class='ocrx_word' id='word_1_6' title='bbox 538 563 644 630; x_wconf 90' lang='lat' dir='ltr'>Pater</span> <span class='ocrx_word' id='word_1_7' title='bbox 668 566 776 630; x_wconf 89' lang='lat' dir='ltr'>etiam</span> <span class='ocrx_word' id='word_1_8' title='bbox 801 563 944 644; x_wconf 89' lang='lat' dir='ltr'>Paulus,</span> <span class='ocrx_word' id='word_1_9' title='bbox 967 565 1027 646; x_wconf 91' lang='lat' dir='ltr'>qui</span> <span class='ocrx_word' id='word_1_10' title='bbox 1047 581 1140 628; x_wconf 92' lang='lat' dir='ltr'>unus</span> <span class='ocrx_word' id='word_1_11' title='bbox 1161 573 1239 628; x_wconf 90' lang='lat' dir='ltr'>erat</span> <span class='ocrx_word' id='word_1_12' title='bbox 1264 581 1309 627; x_wconf 85' lang='lat' dir='ltr'>ex</span> <span class='ocrx_word' id='word_1_13' title='bbox 1330 560 1583 626; x_wconf 81' lang='lat' dir='ltr'>sacerdotibus</span> 
     </span>
     <span class='ocr_line' id='line_1_3' title="bbox 343 667 1584 753; baseline -0.004 -18"><span class='ocrx_word' id='word_1_14' title='bbox 343 671 640 752; x_wconf 87' lang='lat' dir='ltr'>Montemregium</span> <span class='ocrx_word' id='word_1_15' title='bbox 650 672 988 753; x_wconf 72' lang='lat' dir='ltr'>missisconciones</span> <span class='ocrx_word' id='word_1_16' title='bbox 1003 688 1199 751; x_wconf 81' lang='lat' dir='ltr'>aggressus</span> <span class='ocrx_word' id='word_1_17' title='bbox 1210 681 1275 748; x_wconf 91' lang='lat' dir='ltr'>est;</span> <span class='ocrx_word' id='word_1_18' title='bbox 1293 670 1418 750; x_wconf 90' lang='lat' dir='ltr'>etipse</span> <span class='ocrx_word' id='word_1_19' title='bbox 1436 667 1475 731; x_wconf 91' lang='grc' dir='ltr'>Ρ.</span> <span class='ocrx_word' id='word_1_20' title='bbox 1492 668 1584 732; x_wconf 87' lang='lat' dir='ltr'>Val-¹</span> 
     </span>
     <span class='ocr_line' id='line_1_4' title="bbox 343 777 1579 858; baseline -0.003 -15"><span class='ocrx_word' id='word_1_21' title='bbox 343 780 544 844; x_wconf 90' lang='lat' dir='ltr'>derrabauo</span> <span class='ocrx_word' id='word_1_22' title='bbox 571 779 803 844; x_wconf 84' lang='lat' dir='ltr'>christianam</span> <span class='ocrx_word' id='word_1_23' title='bbox 827 777 1026 843; x_wconf 83' lang='lat' dir='ltr'>doctrinam</span> <span class='ocrx_word' id='word_1_24' title='bbox 1047 777 1177 842; x_wconf 90' lang='lat' dir='ltr'>docere</span> <span class='ocrx_word' id='word_1_25' title='bbox 1207 778 1339 858; x_wconf 90' lang='lat' dir='ltr'>coepit,</span> <span class='ocrx_word' id='word_1_26' title='bbox 1360 794 1428 841; x_wconf 87' lang='lat' dir='ltr'>nec</span> <span class='ocrx_word' id='word_1_27' title='bbox 1455 784 1579 840; x_wconf 86' lang='lat' dir='ltr'>tamen</span> 
     </span>
     <span class='ocr_line' id='line_1_5' title="bbox 340 887 679 950; baseline 0 0"><span class='ocrx_word' id='word_1_28' title='bbox 340 887 535 950; x_wconf 87' lang='lat' dir='ltr'>conciones</span> <span class='ocrx_word' id='word_1_29' title='bbox 549 887 679 950; x_wconf 87' lang='lat' dir='ltr'>omisit.</span> 
     </span>
    </p>

    <p class='ocr_par' dir='ltr' id='par_1_3' title="bbox 345 990 1588 1608">
     <span class='ocr_line' id='line_1_6' title="bbox 403 990 1576 1076; baseline -0.003 -19"><span class='ocrx_word' id='word_1_30' title='bbox 403 993 495 1057; x_wconf 80' lang='grc'><strong>2648.</strong></span> <span class='ocrx_word' id='word_1_31' title='bbox 539 993 628 1058; x_wconf 91' lang='lat' dir='ltr'>Tres</span> <span class='ocrx_word' id='word_1_32' title='bbox 648 995 768 1076; x_wconf 89' lang='lat' dir='ltr'>itaque</span> <span class='ocrx_word' id='word_1_33' title='bbox 783 1003 897 1072; x_wconf 89' lang='lat' dir='ltr'>erant,</span> <span class='ocrx_word' id='word_1_34' title='bbox 916 994 976 1074; x_wconf 93' lang='lat' dir='ltr'>qui</span> <span class='ocrx_word' id='word_1_35' title='bbox 991 994 1217 1058; x_wconf 86' lang='lat' dir='ltr'>ecclesiastes</span> <span class='ocrx_word' id='word_1_36' title='bbox 1232 1009 1378 1057; x_wconf 91' lang='lat' dir='ltr'>munere</span> <span class='ocrx_word' id='word_1_37' title='bbox 1392 1000 1427 1056; x_wconf 88' lang='lat' dir='ltr'>et</span> <span class='ocrx_word' id='word_1_38' title='bbox 1441 990 1576 1056; x_wconf 83' lang='lat' dir='ltr'>conses-</span> 
     </span>
     <span class='ocr_line' id='line_1_7' title="bbox 345 1097 1584 1181; baseline -0.004 -16"><span class='ocrx_word' id='word_1_39' title='bbox 345 1101 520 1165; x_wconf 90' lang='lat' dir='ltr'>sariorum</span> <span class='ocrx_word' id='word_1_40' title='bbox 528 1100 780 1181; x_wconf 81' lang='lat' dir='ltr'>fungebantur3</span> <span class='ocrx_word' id='word_1_41' title='bbox 794 1110 868 1164; x_wconf 91' lang='lat' dir='ltr'>tres</span> <span class='ocrx_word' id='word_1_42' title='bbox 879 1102 989 1164; x_wconf 90' lang='lat' dir='ltr'>etiam</span> <span class='ocrx_word' id='word_1_43' title='bbox 1000 1101 1218 1164; x_wconf 83' lang='lat' dir='ltr'>catechistae</span> <span class='ocrx_word' id='word_1_44' title='bbox 1230 1098 1387 1181; x_wconf 88' lang='lat' dir='ltr'>quotidie</span> <span class='ocrx_word' id='word_1_45' title='bbox 1398 1099 1435 1162; x_wconf 93' lang='lat' dir='ltr'>in</span> <span class='ocrx_word' id='word_1_46' title='bbox 1446 1097 1584 1179; x_wconf 88' lang='lat' dir='ltr'>oppido</span> 
     </span>
     <span class='ocr_line' id='line_1_8' title="bbox 347 1204 1582 1289; baseline -0.004 -17"><span class='ocrx_word' id='word_1_47' title='bbox 347 1206 579 1287; x_wconf 89' lang='lat' dir='ltr'>Montisregii;</span> <span class='ocrx_word' id='word_1_48' title='bbox 596 1207 782 1272; x_wconf 90' lang='lat' dir='ltr'>dominicis</span> <span class='ocrx_word' id='word_1_49' title='bbox 797 1217 916 1272; x_wconf 86' lang='lat' dir='ltr'>autem</span> <span class='ocrx_word' id='word_1_50' title='bbox 930 1206 1054 1271; x_wconf 89' lang='lat' dir='ltr'>diebus</span> <span class='ocrx_word' id='word_1_51' title='bbox 1070 1225 1089 1270; x_wconf 93' lang='lat' dir='ltr'>a</span> <span class='ocrx_word' id='word_1_52' title='bbox 1106 1207 1255 1289; x_wconf 89' lang='lat' dir='ltr'>prandio</span> <span class='ocrx_word' id='word_1_53' title='bbox 1271 1207 1307 1270; x_wconf 92' lang='lat' dir='ltr'>in</span> <span class='ocrx_word' id='word_1_54' title='bbox 1327 1207 1431 1288; x_wconf 83' lang='lat' dir='ltr'>pagis</span> <span class='ocrx_word' id='word_1_55' title='bbox 1449 1204 1582 1270; x_wconf 87' lang='lat' dir='ltr'>vicinis</span> 
     </span>
     <span class='ocr_line' id='line_1_9' title="bbox 347 1312 1585 1393; baseline -0.003 -14"><span class='ocrx_word' id='word_1_56' title='bbox 347 1313 579 1379; x_wconf 85' lang='lat' dir='ltr'>christianam</span> <span class='ocrx_word' id='word_1_57' title='bbox 594 1314 794 1379; x_wconf 86' lang='lat' dir='ltr'>doctrinam</span> <span class='ocrx_word' id='word_1_58' title='bbox 814 1313 1002 1393; x_wconf 89' lang='lat' dir='ltr'>docebant;</span> <span class='ocrx_word' id='word_1_59' title='bbox 1020 1322 1054 1376; x_wconf 90' lang='lat' dir='ltr'>et</span> <span class='ocrx_word' id='word_1_60' title='bbox 1078 1322 1177 1378; x_wconf 92' lang='lat' dir='ltr'>tanto</span> <span class='ocrx_word' id='word_1_61' title='bbox 1200 1331 1281 1378; x_wconf 91' lang='lat' dir='ltr'>cum</span> <span class='ocrx_word' id='word_1_62' title='bbox 1303 1312 1445 1376; x_wconf 81' lang='lat' dir='ltr'>fervore</span> <span class='ocrx_word' id='word_1_63' title='bbox 1464 1313 1585 1376; x_wconf 82' lang='lat' dir='ltr'>nostri</span> 
     </span>
     <span class='ocr_line' id='line_1_10' title="bbox 347 1417 1588 1502; baseline -0.003 -17"><span class='ocrx_word' id='word_1_64' title='bbox 347 1423 514 1502; x_wconf 87' lang='lat' dir='ltr'>copiosae</span> <span class='ocrx_word' id='word_1_65' title='bbox 532 1421 582 1484; x_wconf 92' lang='lat' dir='ltr'>illi</span> <span class='ocrx_word' id='word_1_66' title='bbox 603 1421 709 1485; x_wconf 90' lang='lat' dir='ltr'>messi</span> <span class='ocrx_word' id='word_1_67' title='bbox 729 1437 873 1484; x_wconf 91' lang='lat' dir='ltr'>manum</span> <span class='ocrx_word' id='word_1_68' title='bbox 893 1421 1145 1499; x_wconf 87' lang='lat' dir='ltr'>admovebant,</span> <span class='ocrx_word' id='word_1_69' title='bbox 1166 1429 1205 1484; x_wconf 89' lang='lat' dir='ltr'>ut</span> <span class='ocrx_word' id='word_1_70' title='bbox 1225 1419 1326 1484; x_wconf 85' lang='lat' dir='ltr'>freno</span> <span class='ocrx_word' id='word_1_71' title='bbox 1345 1435 1493 1501; x_wconf 90' lang='lat' dir='ltr'>prorsus</span> <span class='ocrx_word' id='word_1_72' title='bbox 1511 1417 1588 1482; x_wconf 87' lang='lat' dir='ltr'>illis.</span> 
     </span>
     <span class='ocr_line' id='line_1_11' title="bbox 347 1527 1216 1608; baseline -0.002 -16"><span class='ocrx_word' id='word_1_73' title='bbox 347 1545 437 1608; x_wconf 92' lang='lat' dir='ltr'>opus</span> <span class='ocrx_word' id='word_1_74' title='bbox 451 1535 556 1606; x_wconf 89' lang='lat' dir='ltr'>esset,</span> <span class='ocrx_word' id='word_1_75' title='bbox 569 1536 609 1591; x_wconf 91' lang='lat' dir='ltr'>ut</span> <span class='ocrx_word' id='word_1_76' title='bbox 622 1545 702 1591; x_wconf 89' lang='lat' dir='ltr'>sese</span> <span class='ocrx_word' id='word_1_77' title='bbox 716 1528 753 1591; x_wconf 90' lang='lat' dir='ltr'>in</span> <span class='ocrx_word' id='word_1_78' title='bbox 766 1527 949 1591; x_wconf 88' lang='lat' dir='ltr'>laboribus</span> <span class='ocrx_word' id='word_1_79' title='bbox 964 1536 1216 1607; x_wconf 87' lang='lat' dir='ltr'>temperarent.</span> 
     </span>
    </p>

    <p class='ocr_par' dir='ltr' id='par_1_4' title="bbox 348 1632 1587 2020">
     <span class='ocr_line' id='line_1_12' title="bbox 407 1632 1580 1716; baseline -0.002 -19"><span class='ocrx_word' id='word_1_80' title='bbox 407 1634 498 1699; x_wconf 83' lang='grc'><strong>2649.</strong></span> <span class='ocrx_word' id='word_1_81' title='bbox 540 1634 695 1699; x_wconf 88' lang='lat' dir='ltr'>Fructus</span> <span class='ocrx_word' id='word_1_82' title='bbox 721 1636 841 1715; x_wconf 90' lang='lat' dir='ltr'>itaque</span> <span class='ocrx_word' id='word_1_83' title='bbox 866 1635 1034 1714; x_wconf 86' lang='lat' dir='ltr'>egregius</span> <span class='ocrx_word' id='word_1_84' title='bbox 1059 1633 1195 1716; x_wconf 90' lang='lat' dir='ltr'>percipi</span> <span class='ocrx_word' id='word_1_85' title='bbox 1215 1634 1418 1716; x_wconf 86' lang='lat' dir='ltr'>incipiebat.</span> <span class='ocrx_word' id='word_1_86' title='bbox 1444 1632 1580 1696; x_wconf 84' lang='lat' dir='ltr'>Conve-</span> 
     </span>
     <span class='ocr_line' id='line_1_13' title="bbox 348 1739 1587 1821; baseline -0.003 -15"><span class='ocrx_word' id='word_1_87' title='bbox 348 1743 493 1807; x_wconf 88' lang='lat' dir='ltr'>niebant</span> <span class='ocrx_word' id='word_1_88' title='bbox 508 1751 663 1806; x_wconf 89' lang='lat' dir='ltr'>autema</span> <span class='ocrx_word' id='word_1_89' title='bbox 678 1741 818 1806; x_wconf 91' lang='lat' dir='ltr'>duabus</span> <span class='ocrx_word' id='word_1_90' title='bbox 831 1741 942 1805; x_wconf 90' lang='lat' dir='ltr'>leucis</span> <span class='ocrx_word' id='word_1_91' title='bbox 957 1741 1117 1805; x_wconf 90' lang='lat' dir='ltr'>homines</span> <span class='ocrx_word' id='word_1_92' title='bbox 1132 1741 1226 1805; x_wconf 90' lang='lat' dir='ltr'>illius</span> <span class='ocrx_word' id='word_1_93' title='bbox 1241 1741 1398 1821; x_wconf 90' lang='lat' dir='ltr'>regionis</span> <span class='ocrx_word' id='word_1_94' title='bbox 1412 1739 1587 1804; x_wconf 82' lang='lat' dir='ltr'>Montem-</span> 
     </span>
     <span class='ocr_line' id='line_1_14' title="bbox 349 1845 1585 1929; baseline -0.002 -17"><span class='ocrx_word' id='word_1_95' title='bbox 349 1850 488 1929; x_wconf 90' lang='lat' dir='ltr'>regium</span> <span class='ocrx_word' id='word_1_96' title='bbox 516 1848 693 1912; x_wconf 90' lang='lat' dir='ltr'>adunam</span> <span class='ocrx_word' id='word_1_97' title='bbox 719 1849 926 1912; x_wconf 89' lang='lat' dir='ltr'>concionem</span> <span class='ocrx_word' id='word_1_98' title='bbox 952 1846 1187 1925; x_wconf 88' lang='lat' dir='ltr'>audiendam,</span> <span class='ocrx_word' id='word_1_99' title='bbox 1217 1847 1312 1929; x_wconf 92' lang='lat' dir='ltr'>quod</span> <span class='ocrx_word' id='word_1_100' title='bbox 1337 1845 1585 1911; x_wconf 88' lang='lat' dir='ltr'>concionatori</span> 
     </span>
     <span class='ocr_line' id='line_1_15' title="bbox 348 1953 1427 2020; baseline -0.002 0"><span class='ocrx_word' id='word_1_101' title='bbox 348 1955 387 2020; x_wconf 91' lang='lat' dir='ltr'>P.</span> <span class='ocrx_word' id='word_1_102' title='bbox 404 1955 676 2020; x_wconf 90' lang='lat' dir='ltr'>Valderrabano</span> <span class='ocrx_word' id='word_1_103' title='bbox 691 1973 763 2019; x_wconf 93' lang='lat' dir='ltr'>non</span> <span class='ocrx_word' id='word_1_104' title='bbox 777 1955 967 2019; x_wconf 90' lang='lat' dir='ltr'>mediocris</span> <span class='ocrx_word' id='word_1_105' title='bbox 982 1953 1199 2019; x_wconf 80' lang='lat' dir='ltr'>confusionis</span> <span class='ocrx_word' id='word_1_106' title='bbox 1215 1971 1325 2018; x_wconf 89' lang='lat' dir='ltr'>causa</span> <span class='ocrx_word' id='word_1_107' title='bbox 1340 1963 1427 2018; x_wconf 91' lang='lat' dir='ltr'>erat.</span> 
     </span>
    </p>

    <p class='ocr_par' dir='ltr' id='par_1_5' title="bbox 350 2060 1591 2679">
     <span class='ocr_line' id='line_1_16' title="bbox 409 2060 1587 2144; baseline -0.002 -20"><span class='ocrx_word' id='word_1_108' title='bbox 409 2061 501 2125; x_wconf 81' lang='grc'><strong>2650.</strong></span> <span class='ocrx_word' id='word_1_109' title='bbox 544 2061 634 2126; x_wconf 90' lang='lat' dir='ltr'>Cum</span> <span class='ocrx_word' id='word_1_110' title='bbox 648 2072 768 2126; x_wconf 87' lang='lat' dir='ltr'>autem</span> <span class='ocrx_word' id='word_1_111' title='bbox 781 2063 900 2142; x_wconf 89' lang='lat' dir='ltr'>gratia</span> <span class='ocrx_word' id='word_1_112' title='bbox 913 2061 1056 2142; x_wconf 83' lang='lat' dir='ltr'>jubilaei</span> <span class='ocrx_word' id='word_1_113' title='bbox 1072 2080 1114 2126; x_wconf 91' lang='lat' dir='ltr'>eo</span> <span class='ocrx_word' id='word_1_114' title='bbox 1130 2061 1363 2144; x_wconf 86' lang='lat' dir='ltr'>pervenisset,</span> <span class='ocrx_word' id='word_1_115' title='bbox 1380 2076 1453 2124; x_wconf 90' lang='lat' dir='ltr'>non</span> <span class='ocrx_word' id='word_1_116' title='bbox 1468 2060 1587 2123; x_wconf 89' lang='lat' dir='ltr'>solum</span> 
     </span>
     <span class='ocr_line' id='line_1_17' title="bbox 350 2169 1589 2250; baseline -0.002 -17"><span class='ocrx_word' id='word_1_117' title='bbox 350 2170 566 2250; x_wconf 81' lang='lat' dir='ltr'>oppidanos,</span> <span class='ocrx_word' id='word_1_118' title='bbox 588 2170 651 2233; x_wconf 93' lang='lat' dir='ltr'>sed</span> <span class='ocrx_word' id='word_1_119' title='bbox 676 2187 722 2234; x_wconf 81' lang='lat' dir='ltr'>ex</span> <span class='ocrx_word' id='word_1_120' title='bbox 747 2170 826 2232; x_wconf 91' lang='lat' dir='ltr'>aliis</span> <span class='ocrx_word' id='word_1_121' title='bbox 850 2170 962 2232; x_wconf 90' lang='lat' dir='ltr'>variis</span> <span class='ocrx_word' id='word_1_122' title='bbox 987 2171 1075 2233; x_wconf 92' lang='lat' dir='ltr'>locis</span> <span class='ocrx_word' id='word_1_123' title='bbox 1100 2169 1331 2246; x_wconf 86' lang='lat' dir='ltr'>confluentes,</span> <span class='ocrx_word' id='word_1_124' title='bbox 1359 2176 1589 2231; x_wconf 87' lang='lat' dir='ltr'>sacramento</span> 
     </span>
     <span class='ocr_line' id='line_1_18' title="bbox 351 2274 1590 2356; baseline -0.001 -17"><span class='ocrx_word' id='word_1_125' title='bbox 351 2277 588 2341; x_wconf 83' lang='lat' dir='ltr'>consessionis</span> <span class='ocrx_word' id='word_1_126' title='bbox 599 2275 728 2356; x_wconf 89' lang='lat' dir='ltr'>juvare</span> <span class='ocrx_word' id='word_1_127' title='bbox 748 2277 957 2352; x_wconf 86' lang='lat' dir='ltr'>debuerunt,</span> <span class='ocrx_word' id='word_1_128' title='bbox 980 2286 1014 2340; x_wconf 89' lang='lat' dir='ltr'>et</span> <span class='ocrx_word' id='word_1_129' title='bbox 1034 2293 1140 2345; x_wconf 84' lang='lat' dir='ltr'>casus</span> <span class='ocrx_word' id='word_1_130' title='bbox 1161 2275 1402 2348; x_wconf 78' lang='lat' dir='ltr'>admirandos,</span> <span class='ocrx_word' id='word_1_131' title='bbox 1422 2274 1530 2339; x_wconf 92' lang='lat' dir='ltr'>immo</span> <span class='ocrx_word' id='word_1_132' title='bbox 1549 2283 1590 2338; x_wconf 86' lang='lat' dir='ltr'>et</span> 
     </span>
     <span class='ocr_line' id='line_1_19' title="bbox 352 2383 1589 2465; baseline -0.002 -18"><span class='ocrx_word' id='word_1_133' title='bbox 352 2384 561 2460; x_wconf 75' lang='lat' dir='ltr'>horrendos</span> <span class='ocrx_word' id='word_1_134' title='bbox 577 2385 637 2464; x_wconf 92' lang='lat' dir='ltr'>qui</span> <span class='ocrx_word' id='word_1_135' title='bbox 651 2396 797 2465; x_wconf 89' lang='lat' dir='ltr'>propter</span> <span class='ocrx_word' id='word_1_136' title='bbox 816 2383 1044 2448; x_wconf 89' lang='lat' dir='ltr'>sacerdotum</span> <span class='ocrx_word' id='word_1_137' title='bbox 1062 2383 1305 2461; x_wconf 84' lang='lat' dir='ltr'>ignorantiam</span> <span class='ocrx_word' id='word_1_138' title='bbox 1324 2383 1415 2446; x_wconf 90' lang='lat' dir='ltr'>inter</span> <span class='ocrx_word' id='word_1_139' title='bbox 1436 2389 1589 2464; x_wconf 87' lang='lat' dir='ltr'>peccata</span> 
     </span>
     <span class='ocr_line' id='line_1_20' title="bbox 352 2476 1591 2571; baseline -0.003 -17"><span class='ocrx_word' id='word_1_140' title='bbox 352 2509 424 2554; x_wconf 93' lang='lat' dir='ltr'>non</span> <span class='ocrx_word' id='word_1_141' title='bbox 438 2491 729 2568; x_wconf 89' lang='lat' dir='ltr'>numerabantur,</span> <span class='ocrx_word' id='word_1_142' title='bbox 745 2490 1068 2571; x_wconf 88' lang='lat' dir='ltr'>deprehendebant.</span> <span class='ocrx_word' id='word_1_143' title='bbox 1084 2491 1127 2554; x_wconf 90' lang='lat' dir='ltr'>Et</span> <span class='ocrx_word' id='word_1_144' title='bbox 1143 2492 1192 2554; x_wconf 90' lang='lat' dir='ltr'>ita</span> <span class='ocrx_word' id='word_1_145' title='bbox 1207 2491 1244 2553; x_wconf 93' lang='lat' dir='ltr'>in</span> <span class='ocrx_word' id='word_1_146' title='bbox 1259 2489 1346 2568; x_wconf 89' lang='lat' dir='ltr'>dies,</span> <span class='ocrx_word' id='word_1_147' title='bbox 1359 2476 1591 2571; x_wconf 63' lang='lat' dir='ltr'>quemadmo-v</span> 
     </span>
     <span class='ocr_line' id='line_1_21' title="bbox 354 2593 1590 2679; baseline -0.003 -17"><span class='ocrx_word' id='word_1_148' title='bbox 354 2598 438 2662; x_wconf 92' lang='lat' dir='ltr'>dum</span> <span class='ocrx_word' id='word_1_149' title='bbox 463 2607 498 2662; x_wconf 89' lang='lat' dir='ltr'>et</span> <span class='ocrx_word' id='word_1_150' title='bbox 523 2599 717 2662; x_wconf 89' lang='lat' dir='ltr'>necessitas</span> <span class='ocrx_word' id='word_1_151' title='bbox 739 2597 851 2679; x_wconf 90' lang='lat' dir='ltr'>major</span> <span class='ocrx_word' id='word_1_152' title='bbox 869 2599 1097 2678; x_wconf 87' lang='lat' dir='ltr'>cernebatur,</span> <span class='ocrx_word' id='word_1_153' title='bbox 1119 2599 1223 2662; x_wconf 89' lang='lat' dir='ltr'>itaet</span> <span class='ocrx_word' id='word_1_154' title='bbox 1245 2607 1462 2661; x_wconf 90' lang='lat' dir='ltr'>momentum</span> <span class='ocrx_word' id='word_1_155' title='bbox 1482 2593 1590 2676; x_wconf 85' lang='lat' dir='ltr'>hujus·</span> 
     </span>
    </p>
   </div>
   <div class='ocr_carea' id='block_1_3' title="bbox 352 2703 1591 2984">
    <p class='ocr_par' dir='ltr' id='par_1_6' title="bbox 352 2703 1591 2984">
     <span class='ocr_line' id='line_1_22' title="bbox 352 2703 1585 2786; baseline -0.004 -15"><span class='ocrx_word' id='word_1_156' title='bbox 352 2705 502 2784; x_wconf 89' lang='lat' dir='ltr'>Collegii</span> <span class='ocrx_word' id='word_1_157' title='bbox 517 2705 631 2786; x_wconf 86' lang='lat' dir='ltr'>majus</span> <span class='ocrx_word' id='word_1_158' title='bbox 645 2706 691 2769; x_wconf 93' lang='lat' dir='ltr'>ad</span> <span class='ocrx_word' id='word_1_159' title='bbox 705 2708 808 2786; x_wconf 90' lang='lat' dir='ltr'>regni</span> <span class='ocrx_word' id='word_1_160' title='bbox 827 2707 994 2771; x_wconf 88' lang='lat' dir='ltr'>Gallitiae</span> <span class='ocrx_word' id='word_1_161' title='bbox 1013 2706 1185 2769; x_wconf 87' lang='lat' dir='ltr'>auxilium</span> <span class='ocrx_word' id='word_1_162' title='bbox 1205 2706 1428 2783; x_wconf 88' lang='lat' dir='ltr'>cernebatur,</span> <span class='ocrx_word' id='word_1_163' title='bbox 1453 2721 1534 2768; x_wconf 88' lang='lat' dir='ltr'>cum</span> <span class='ocrx_word' id='word_1_164' title='bbox 1548 2703 1585 2766; x_wconf 92' lang='lat' dir='ltr'>in</span> 
     </span>
     <span class='ocr_line' id='line_1_23' title="bbox 354 2811 1591 2893; baseline -0.002 -16"><span class='ocrx_word' id='word_1_165' title='bbox 354 2830 492 2877; x_wconf 91' lang='lat' dir='ltr'>summa</span> <span class='ocrx_word' id='word_1_166' title='bbox 507 2814 710 2893; x_wconf 86' lang='lat' dir='ltr'>ignorantia</span> <span class='ocrx_word' id='word_1_167' title='bbox 729 2814 915 2877; x_wconf 90' lang='lat' dir='ltr'>doctrinae</span> <span class='ocrx_word' id='word_1_168' title='bbox 933 2813 1150 2877; x_wconf 89' lang='lat' dir='ltr'>christianae</span> <span class='ocrx_word' id='word_1_169' title='bbox 1169 2822 1203 2876; x_wconf 90' lang='lat' dir='ltr'>et</span> <span class='ocrx_word' id='word_1_170' title='bbox 1224 2829 1342 2875; x_wconf 90' lang='lat' dir='ltr'>rerum</span> <span class='ocrx_word' id='word_1_171' title='bbox 1366 2811 1413 2875; x_wconf 90' lang='lat' dir='ltr'>ad</span> <span class='ocrx_word' id='word_1_172' title='bbox 1434 2813 1591 2875; x_wconf 90' lang='lat' dir='ltr'>salutem</span> 
     </span>
     <span class='ocr_line' id='line_1_24' title="bbox 357 2920 900 2984; baseline 0.002 -1"><span class='ocrx_word' id='word_1_173' title='bbox 357 2920 642 2983; x_wconf 87' lang='lat' dir='ltr'>necessariarum</span> <span class='ocrx_word' id='word_1_174' title='bbox 656 2932 900 2984; x_wconf 88' lang='lat' dir='ltr'>versarentur.</span> 
     </span>
    </p>
   </div>
   <div class='ocr_carea' id='block_1_4' title="bbox 322 3024 1605 4393">
    <p class='ocr_par' dir='ltr' id='par_1_7' title="bbox 322 3024 1598 3857">
     <span class='ocr_line' id='line_1_25' title="bbox 415 3024 1595 3107; baseline -0.002 -18"><span class='ocrx_word' id='word_1_175' title='bbox 415 3026 507 3089; x_wconf 84' lang='lat'>2651.</span> <span class='ocrx_word' id='word_1_176' title='bbox 551 3025 618 3090; x_wconf 89' lang='lat' dir='ltr'>Per</span> <span class='ocrx_word' id='word_1_177' title='bbox 631 3037 770 3091; x_wconf 91' lang='lat' dir='ltr'>montes</span> <span class='ocrx_word' id='word_1_178' title='bbox 785 3042 872 3106; x_wconf 92' lang='lat' dir='ltr'>ergo</span> <span class='ocrx_word' id='word_1_179' title='bbox 887 3028 978 3102; x_wconf 86' lang='lat' dir='ltr'>illos,</span> <span class='ocrx_word' id='word_1_180' title='bbox 995 3028 1030 3090; x_wconf 93' lang='lat' dir='ltr'>in</span> <span class='ocrx_word' id='word_1_181' title='bbox 1046 3026 1172 3107; x_wconf 91' lang='lat' dir='ltr'>quibus</span> <span class='ocrx_word' id='word_1_182' title='bbox 1187 3028 1308 3107; x_wconf 90' lang='lat' dir='ltr'>populi</span> <span class='ocrx_word' id='word_1_183' title='bbox 1319 3027 1378 3090; x_wconf 91' lang='lat' dir='ltr'>siti</span> <span class='ocrx_word' id='word_1_184' title='bbox 1389 3036 1503 3103; x_wconf 90' lang='lat' dir='ltr'>erant,</span> <span class='ocrx_word' id='word_1_185' title='bbox 1517 3024 1595 3088; x_wconf 88' lang='lat' dir='ltr'>duo</span> 
     </span>
     <span class='ocr_line' id='line_1_26' title="bbox 356 3130 1597 3215; baseline 0 -20"><span class='ocrx_word' id='word_1_186' title='bbox 356 3150 402 3196; x_wconf 89' lang='lat' dir='ltr'>ex</span> <span class='ocrx_word' id='word_1_187' title='bbox 416 3131 548 3197; x_wconf 89' lang='lat' dir='ltr'>nostris</span> <span class='ocrx_word' id='word_1_188' title='bbox 563 3132 808 3197; x_wconf 90' lang='lat' dir='ltr'>sacerdotibus</span> <span class='ocrx_word' id='word_1_189' title='bbox 822 3133 1088 3215; x_wconf 90' lang='lat' dir='ltr'>praedicatione</span> <span class='ocrx_word' id='word_1_190' title='bbox 1103 3134 1203 3197; x_wconf 88' lang='lat' dir='ltr'>verbi</span> <span class='ocrx_word' id='word_1_191' title='bbox 1226 3130 1293 3197; x_wconf 91' lang='lat' dir='ltr'>Dei</span> <span class='ocrx_word' id='word_1_192' title='bbox 1314 3134 1477 3198; x_wconf 90' lang='lat' dir='ltr'>homines</span> <span class='ocrx_word' id='word_1_193' title='bbox 1496 3134 1597 3197; x_wconf 82' lang='lat' dir='ltr'>illius·</span> 
     </span>
     <span class='ocr_line' id='line_1_27' title="bbox 357 3240 1598 3325; baseline 0.001 -22"><span class='ocrx_word' id='word_1_194' title='bbox 357 3240 515 3319; x_wconf 85' lang='lat' dir='ltr'>regionis</span> <span class='ocrx_word' id='word_1_195' title='bbox 529 3240 762 3319; x_wconf 91' lang='lat' dir='ltr'>instruebant,</span> <span class='ocrx_word' id='word_1_196' title='bbox 779 3250 814 3305; x_wconf 92' lang='lat' dir='ltr'>et</span> <span class='ocrx_word' id='word_1_197' title='bbox 829 3241 963 3305; x_wconf 89' lang='lat' dir='ltr'>eisdem</span> <span class='ocrx_word' id='word_1_198' title='bbox 978 3242 1111 3305; x_wconf 89' lang='lat' dir='ltr'>monita</span> <span class='ocrx_word' id='word_1_199' title='bbox 1131 3242 1255 3305; x_wconf 90' lang='lat' dir='ltr'>salutis</span> <span class='ocrx_word' id='word_1_200' title='bbox 1274 3240 1423 3325; x_wconf 86' lang='lat' dir='ltr'>dabant;</span> <span class='ocrx_word' id='word_1_201' title='bbox 1444 3250 1479 3305; x_wconf 90' lang='lat' dir='ltr'>et</span> <span class='ocrx_word' id='word_1_202' title='bbox 1501 3243 1598 3305; x_wconf 88' lang='lat' dir='ltr'>alter</span> 
     </span>
     <span class='ocr_line' id='line_1_28' title="bbox 357 3330 1589 3429; baseline -0.002 -16"><span class='ocrx_word' id='word_1_203' title='bbox 357 3364 492 3425; x_wconf 89' lang='lat' dir='ltr'>eorum,</span> <span class='ocrx_word' id='word_1_204' title='bbox 510 3348 569 3429; x_wconf 92' lang='lat' dir='ltr'>qui</span> <span class='ocrx_word' id='word_1_205' title='bbox 583 3348 839 3412; x_wconf 91' lang='lat' dir='ltr'>catechismum</span> <span class='ocrx_word' id='word_1_206' title='bbox 854 3348 892 3412; x_wconf 92' lang='lat' dir='ltr'>in</span> <span class='ocrx_word' id='word_1_207' title='bbox 907 3330 1038 3429; x_wconf 87' lang='lat' dir='ltr'>oppido</span> <span class='ocrx_word' id='word_1_208' title='bbox 1054 3348 1275 3429; x_wconf 89' lang='lat' dir='ltr'>Montisregii</span> <span class='ocrx_word' id='word_1_209' title='bbox 1288 3366 1417 3429; x_wconf 91' lang='lat' dir='ltr'>pueros</span> <span class='ocrx_word' id='word_1_210' title='bbox 1428 3348 1589 3427; x_wconf 90' lang='lat' dir='ltr'>docebat,</span> 
     </span>
     <span class='ocr_line' id='line_1_29' title="bbox 357 3454 1596 3535; baseline -0.002 -16"><span class='ocrx_word' id='word_1_211' title='bbox 357 3455 459 3519; x_wconf 88' lang='lat' dir='ltr'>festis</span> <span class='ocrx_word' id='word_1_212' title='bbox 483 3473 527 3519; x_wconf 91' lang='lat' dir='ltr'>ac</span> <span class='ocrx_word' id='word_1_213' title='bbox 551 3454 739 3520; x_wconf 90' lang='lat' dir='ltr'>dominicis</span> <span class='ocrx_word' id='word_1_214' title='bbox 759 3455 883 3519; x_wconf 90' lang='lat' dir='ltr'>diebus</span> <span class='ocrx_word' id='word_1_215' title='bbox 906 3456 1078 3521; x_wconf 91' lang='lat' dir='ltr'>cumillis</span> <span class='ocrx_word' id='word_1_216' title='bbox 1099 3456 1364 3535; x_wconf 91' lang='lat' dir='ltr'>processionem</span> <span class='ocrx_word' id='word_1_217' title='bbox 1386 3455 1596 3520; x_wconf 90' lang='lat' dir='ltr'>instituebat·</span> 
     </span>
     <span class='ocr_line' id='line_1_30' title="bbox 322 3561 1595 3645; baseline 0 -20"><span class='ocrx_word' id='word_1_218' title='bbox 322 3634 325 3638; x_wconf 20' lang='lat'>¹</span> <span class='ocrx_word' id='word_1_219' title='bbox 357 3571 439 3645; x_wconf 90' lang='lat' dir='ltr'>post</span> <span class='ocrx_word' id='word_1_220' title='bbox 454 3563 648 3642; x_wconf 88' lang='lat' dir='ltr'>meridiem;</span> <span class='ocrx_word' id='word_1_221' title='bbox 661 3573 696 3627; x_wconf 91' lang='lat' dir='ltr'>et</span> <span class='ocrx_word' id='word_1_222' title='bbox 709 3562 754 3626; x_wconf 92' lang='lat' dir='ltr'>ad</span> <span class='ocrx_word' id='word_1_223' title='bbox 766 3561 957 3644; x_wconf 90' lang='lat' dir='ltr'>quamdam</span> <span class='ocrx_word' id='word_1_224' title='bbox 969 3562 1170 3641; x_wconf 90' lang='lat' dir='ltr'>ecclesiam,</span> <span class='ocrx_word' id='word_1_225' title='bbox 1185 3563 1315 3644; x_wconf 92' lang='lat' dir='ltr'>oppido</span> <span class='ocrx_word' id='word_1_226' title='bbox 1328 3564 1495 3641; x_wconf 90' lang='lat' dir='ltr'>vicinam,</span> <span class='ocrx_word' id='word_1_227' title='bbox 1509 3579 1595 3626; x_wconf 83' lang='lat' dir='ltr'>cum</span> 
     </span>
     <span class='ocr_line' id='line_1_31' title="bbox 358 3669 1593 3750; baseline -0.002 -16"><span class='ocrx_word' id='word_1_228' title='bbox 358 3670 621 3750; x_wconf 88' lang='lat' dir='ltr'>convenissent,</span> <span class='ocrx_word' id='word_1_229' title='bbox 637 3687 756 3734; x_wconf 86' lang='lat' dir='ltr'>sermo</span> <span class='ocrx_word' id='word_1_230' title='bbox 770 3670 816 3733; x_wconf 91' lang='lat' dir='ltr'>ad</span> <span class='ocrx_word' id='word_1_231' title='bbox 836 3669 997 3734; x_wconf 89' lang='lat' dir='ltr'>eamdem</span> <span class='ocrx_word' id='word_1_232' title='bbox 1018 3670 1250 3734; x_wconf 87' lang='lat' dir='ltr'>christianam</span> <span class='ocrx_word' id='word_1_233' title='bbox 1270 3671 1468 3734; x_wconf 89' lang='lat' dir='ltr'>doctrinam</span> <span class='ocrx_word' id='word_1_234' title='bbox 1487 3670 1593 3750; x_wconf 89' lang='lat' dir='ltr'>perti·</span> 
     </span>
     <span class='ocr_line' id='line_1_32' title="bbox 359 3776 1367 3857; baseline -0.002 -15"><span class='ocrx_word' id='word_1_235' title='bbox 359 3796 459 3857; x_wconf 90' lang='lat' dir='ltr'>nens,</span> <span class='ocrx_word' id='word_1_236' title='bbox 476 3796 558 3842; x_wconf 89' lang='lat' dir='ltr'>curn</span> <span class='ocrx_word' id='word_1_237' title='bbox 572 3795 710 3841; x_wconf 91' lang='lat' dir='ltr'>summa</span> <span class='ocrx_word' id='word_1_238' title='bbox 727 3778 884 3841; x_wconf 90' lang='lat' dir='ltr'>omnium</span> <span class='ocrx_word' id='word_1_239' title='bbox 899 3776 1146 3841; x_wconf 86' lang='lat' dir='ltr'>aedificatione</span> <span class='ocrx_word' id='word_1_240' title='bbox 1160 3776 1367 3840; x_wconf 91' lang='lat' dir='ltr'>habebatur.</span> 
     </span>
    </p>

    <p class='ocr_par' dir='ltr' id='par_1_8' title="bbox 361 3882 1605 4393">
     <span class='ocr_line' id='line_1_33' title="bbox 418 3882 1596 3965; baseline -0.003 -16"><span class='ocrx_word' id='word_1_241' title='bbox 418 3884 511 3949; x_wconf 86' lang='grc'><strong>2652.</strong></span> <span class='ocrx_word' id='word_1_242' title='bbox 554 3884 623 3965; x_wconf 87' lang='lat' dir='ltr'>Qui</span> <span class='ocrx_word' id='word_1_243' title='bbox 638 3886 675 3949; x_wconf 90' lang='lat' dir='ltr'>P.</span> <span class='ocrx_word' id='word_1_244' title='bbox 694 3883 1014 3963; x_wconf 90' lang='lat' dir='ltr'>Valderrabanum,</span> <span class='ocrx_word' id='word_1_245' title='bbox 1032 3901 1114 3947; x_wconf 91' lang='lat' dir='ltr'>cum</span> <span class='ocrx_word' id='word_1_246' title='bbox 1128 3882 1424 3963; x_wconf 90' lang='lat' dir='ltr'>Montemregium</span> <span class='ocrx_word' id='word_1_247' title='bbox 1442 3884 1596 3961; x_wconf 84' lang='lat' dir='ltr'>veniret,</span> 
     </span>
     <span class='ocr_line' id='line_1_34' title="bbox 361 3990 1601 4071; baseline -0.002 -15"><span class='ocrx_word' id='word_1_248' title='bbox 361 3995 550 4058; x_wconf 88' lang='lat' dir='ltr'>comitatus</span> <span class='ocrx_word' id='word_1_249' title='bbox 575 4002 646 4071; x_wconf 91' lang='lat' dir='ltr'>est,</span> <span class='ocrx_word' id='word_1_250' title='bbox 667 3992 783 4057; x_wconf 89' lang='lat' dir='ltr'>medio</span> <span class='ocrx_word' id='word_1_251' title='bbox 804 3991 878 4055; x_wconf 85' lang='lat' dir='ltr'>sere</span> <span class='ocrx_word' id='word_1_252' title='bbox 900 4008 1021 4055; x_wconf 91' lang='lat' dir='ltr'>mense</span> <span class='ocrx_word' id='word_1_253' title='bbox 1042 3990 1158 4071; x_wconf 92' lang='lat' dir='ltr'>Aprili</span> <span class='ocrx_word' id='word_1_254' title='bbox 1179 3993 1450 4071; x_wconf 89' lang='lat' dir='ltr'>grammaticam</span> <span class='ocrx_word' id='word_1_255' title='bbox 1465 3992 1601 4056; x_wconf 87' lang='lat' dir='ltr'>docere</span> 
     </span>
     <span class='ocr_line' id='line_1_35' title="bbox 361 4098 1600 4182; baseline -0.004 -19"><span class='ocrx_word' id='word_1_256' title='bbox 361 4118 491 4181; x_wconf 90' lang='lat' dir='ltr'>pueros</span> <span class='ocrx_word' id='word_1_257' title='bbox 507 4102 637 4182; x_wconf 91' lang='lat' dir='ltr'>coepit,</span> <span class='ocrx_word' id='word_1_258' title='bbox 653 4109 688 4164; x_wconf 90' lang='lat' dir='ltr'>et</span> <span class='ocrx_word' id='word_1_259' title='bbox 703 4101 825 4181; x_wconf 91' lang='lat' dir='ltr'>plures</span> <span class='ocrx_word' id='word_1_260' title='bbox 839 4116 948 4180; x_wconf 91' lang='lat' dir='ltr'>quam</span> <span class='ocrx_word' id='word_1_261' title='bbox 959 4099 1219 4179; x_wconf 88' lang='lat' dir='ltr'>quinquaginta</span> <span class='ocrx_word' id='word_1_262' title='bbox 1231 4098 1425 4179; x_wconf 91' lang='lat' dir='ltr'>discipulos</span> <span class='ocrx_word' id='word_1_263' title='bbox 1436 4098 1560 4164; x_wconf 91' lang='lat' dir='ltr'>habuit</span> <span class='ocrx_word' id='word_1_264' title='bbox 1571 4104 1600 4158; x_wconf 79' lang='lat'>¹.</span> 
     </span>
     <span class='ocr_line' id='line_1_36' title="bbox 362 4204 1596 4289; baseline -0.001 -19"><span class='ocrx_word' id='word_1_265' title='bbox 362 4207 463 4271; x_wconf 90' lang='lat' dir='ltr'>Multi</span> <span class='ocrx_word' id='word_1_266' title='bbox 479 4209 597 4289; x_wconf 91' lang='lat' dir='ltr'>plures</span> <span class='ocrx_word' id='word_1_267' title='bbox 613 4207 754 4270; x_wconf 89' lang='lat' dir='ltr'>venturi</span> <span class='ocrx_word' id='word_1_268' title='bbox 769 4216 871 4269; x_wconf 90' lang='lat' dir='ltr'>erant</span> <span class='ocrx_word' id='word_1_269' title='bbox 886 4223 981 4270; x_wconf 91' lang='lat' dir='ltr'>auno</span> <span class='ocrx_word' id='word_1_270' title='bbox 996 4205 1168 4286; x_wconf 89' lang='lat' dir='ltr'>sequenti,</span> <span class='ocrx_word' id='word_1_271' title='bbox 1185 4204 1287 4287; x_wconf 85' lang='lat' dir='ltr'>cujus</span> <span class='ocrx_word' id='word_1_272' title='bbox 1301 4206 1402 4270; x_wconf 93' lang='lat' dir='ltr'>initio</span> <span class='ocrx_word' id='word_1_273' title='bbox 1417 4205 1534 4270; x_wconf 90' lang='lat' dir='ltr'>studia</span> <span class='ocrx_word' id='word_1_274' title='bbox 1546 4205 1596 4269; x_wconf 90' lang='lat' dir='ltr'>in·</span> 
     </span>
     <span class='ocr_line' id='line_1_37' title="bbox 361 4312 1605 4393; baseline -0.001 -15"><span class='ocrx_word' id='word_1_275' title='bbox 361 4316 493 4378; x_wconf 89' lang='lat' dir='ltr'>choare</span> <span class='ocrx_word' id='word_1_276' title='bbox 508 4315 778 4378; x_wconf 89' lang='lat' dir='ltr'>constituerant.</span> <span class='ocrx_word' id='word_1_277' title='bbox 796 4312 956 4393; x_wconf 90' lang='lat' dir='ltr'>Regulae</span> <span class='ocrx_word' id='word_1_278' title='bbox 977 4323 1095 4377; x_wconf 90' lang='lat' dir='ltr'>autem</span> <span class='ocrx_word' id='word_1_279' title='bbox 1115 4313 1421 4393; x_wconf 88' lang='lat' dir='ltr'>scholasticorum,</span> <span class='ocrx_word' id='word_1_280' title='bbox 1444 4330 1524 4377; x_wconf 89' lang='lat' dir='ltr'>curn</span> <span class='ocrx_word' id='word_1_281' title='bbox 1544 4314 1605 4377; x_wconf 86' lang='lat' dir='ltr'>eis</span> 
     </span>
    </p>
   </div>
   <div class='ocr_carea' id='block_1_5' title="bbox 407 4516 1600 4575">
    <p class='ocr_par' dir='ltr' id='par_1_9' title="bbox 407 4516 1600 4575">
     <span class='ocr_line' id='line_1_38' title="bbox 407 4516 1600 4575; baseline 0.001 -13"><span class='ocrx_word' id='word_1_282' title='bbox 407 4519 416 4550; x_wconf 85' lang='lat'><strong>¹</strong></span> <span class='ocrx_word' id='word_1_283' title='bbox 444 4516 490 4563; x_wconf 80' lang='lat' dir='ltr'>“El</span> <span class='ocrx_word' id='word_1_284' title='bbox 501 4519 626 4564; x_wconf 80' lang='lat' dir='ltr'>hermano</span> <span class='ocrx_word' id='word_1_285' title='bbox 637 4530 685 4573; x_wconf 89' lang='lat' dir='ltr'>qne</span> <span class='ocrx_word' id='word_1_286' title='bbox 695 4520 757 4564; x_wconf 86' lang='lat' dir='ltr'>vino</span> <span class='ocrx_word' id='word_1_287' title='bbox 767 4518 886 4572; x_wconf 77' lang='lat' dir='ltr'>conmlgo</span> <span class='ocrx_word' id='word_1_288' title='bbox 896 4518 931 4561; x_wconf 83' lang='lat' dir='ltr'>ha</span> <span class='ocrx_word' id='word_1_289' title='bbox 941 4518 1097 4561; x_wconf 80' lang='lat' dir='ltr'>comenzado</span> <span class='ocrx_word' id='word_1_290' title='bbox 1108 4519 1186 4561; x_wconf 72' lang='lat' dir='ltr'>dicer</span> <span class='ocrx_word' id='word_1_291' title='bbox 1195 4517 1342 4572; x_wconf 67' lang='lat' dir='ltr'>gramatice</span> <span class='ocrx_word' id='word_1_292' title='bbox 1351 4522 1419 4563; x_wconf 66' lang='grc' dir='ltr'>αντα</span> <span class='ocrx_word' id='word_1_293' title='bbox 1428 4519 1520 4575; x_wconf 86' lang='lat' dir='ltr'>quince</span> <span class='ocrx_word' id='word_1_294' title='bbox 1529 4518 1600 4563; x_wconf 69' lang='lat' dir='ltr'>diae:</span> 
     </span>
    </p>
   </div>
   <div class='ocr_carea' id='block_1_6' title="bbox 360 4588 1604 4717">
    <p class='ocr_par' dir='ltr' id='par_1_10' title="bbox 360 4588 1604 4717">
     <span class='ocr_line' id='line_1_39' title="bbox 362 4588 1604 4647; baseline -0.001 -13"><span class='ocrx_word' id='word_1_295' title='bbox 362 4602 398 4647; x_wconf 78' lang='lat' dir='ltr'>ay</span> <span class='ocrx_word' id='word_1_296' title='bbox 408 4592 547 4647; x_wconf 73' lang='lat' dir='ltr'>cinquanta</span> <span class='ocrx_word' id='word_1_297' title='bbox 563 4604 581 4647; x_wconf 77' lang='lat' dir='ltr'>y</span> <span class='ocrx_word' id='word_1_298' title='bbox 592 4597 680 4635; x_wconf 81' lang='lat' dir='ltr'>tantos</span> <span class='ocrx_word' id='word_1_299' title='bbox 690 4591 850 4643; x_wconf 74' lang='lat' dir='ltr'>studiantes,</span> <span class='ocrx_word' id='word_1_300' title='bbox 860 4590 922 4645; x_wconf 75' lang='lat' dir='ltr'>dlgo</span> <span class='ocrx_word' id='word_1_301' title='bbox 937 4590 1076 4645; x_wconf 70' lang='lat' dir='ltr'>eloquente</span> <span class='ocrx_word' id='word_1_302' title='bbox 1091 4596 1217 4646; x_wconf 53' lang='grc' dir='ltr'>κνοω,</span> <span class='ocrx_word' id='word_1_303' title='bbox 1229 4588 1350 4635; x_wconf 77' lang='lat' dir='ltr'>Litterae</span> <span class='ocrx_word' id='word_1_304' title='bbox 1364 4590 1604 4644; x_wconf 74' lang='lat' dir='ltr'>Quadrimesms„</span> 
     </span>
     <span class='ocr_line' id='line_1_40' title="bbox 360 4662 558 4717; baseline 0.005 -12"><span class='ocrx_word' id='word_1_305' title='bbox 360 4669 381 4706; x_wconf 80' lang='lat' dir='ltr'>a.</span> <span class='ocrx_word' id='word_1_306' title='bbox 393 4673 429 4717; x_wconf 84' lang='lat' dir='ltr'>rv,</span> <span class='ocrx_word' id='word_1_307' title='bbox 439 4673 499 4717; x_wconf 74' lang='lat' dir='ltr'>pag.</span> <span class='ocrx_word' id='word_1_308' title='bbox 509 4662 558 4706; x_wconf 76' lang='grc'>254.</span> 
     </span>
    </p>
   </div>
   <div class='ocr_carea' id='block_1_7' title="bbox 0 0 1852 5350">
    <p class='ocr_par' dir='ltr' id='par_1_11' title="bbox 0 0 1852 5350">
     <span class='ocr_line' id='line_1_41' title="bbox 0 0 1852 5350; baseline 0 0"><span class='ocrx_word' id='word_1_309' title='bbox 0 0 1852 5350; x_wconf 95' lang='lat' dir='ltr'> </span> 
     </span>
    </p>
   </div>
  </div>
 </body>
</html>
