3642 5350
760 433 824 494 Au.
845 432 915 493 1556
1396 432 1448 494 241

285 580 357 645 913.
401 580 491 645 Cum
502 589 622 645 autem
634 581 761 663 paucis
772 589 852 660 post
862 580 1042 644 mensibus
1053 587 1196 643 secutus
1206 569 1475 661 essetPJgna'

224 689 262 752 tii
284 688 400 753 obitus
424 697 459 752 et
484 688 611 751 litteris
636 696 710 751 tam
734 686 908 751 Ducissae
934 687 1117 752 Parmensi
1143 703 1250 767 quam
1270 687 1452 753 Cardinali

221 796 250 860 F
252 795 404 873 arnesio,
421 794 481 877 qui
496 804 580 859 tunc
594 793 746 859 Parmae
760 793 987 873 versabatur,
1008 792 1206 873 significata
1221 793 1362 875 fuisset,
1379 794 1451 859 offi-

223 904 319 968 ciose
338 901 376 967 P.
393 902 541 967 Vicario
561 902 820 983 responderunt
846 899 855 933 ¹
881 910 918 966 et
941 918 1086 983 operam
1112 918 1212 966 suam
1239 902 1450 967 obtulerunt:

223 1010 422 1075 Cardinalis
436 1010 544 1073 etiam
559 1009 604 1074 ad
617 1009 825 1073 electionem
839 1008 1053 1073 unanimiter
1067 1008 1267 1073 faciendam
1291 1018 1452 1075 amanter

224 1127 278 1182 est
293 1118 467 1183 hortatus.
1437 1136 1446 1171 .-

284 1223 356 1288 914.
397 1222 471 1290 Nec
486 1225 647 1289 omittam
662 1225 756 1307 quod
770 1226 891 1291 clerici
910 1226 1094 1306 regulares
1113 1223 1174 1290 gu
1193 1225 1294 1289 Pauli
1315 1233 1349 1289 et
1368 1224 1452 1289 Bar·

223 1333 338 1396 nahae
352 1350 399 1395 ex
412 1349 477 1397 suo
491 1333 709 1397 monasterio
729 1333 987 1397 Mediolanensi
1011 1343 1171 1398 amantes
1192 1331 1381 1398 admodum
1400 1334 1453 1397 lit·

224 1450 320 1505 teras
334 1448 368 1503 et
383 1440 642 1504 consolatorias
655 1438 824 1506 Societati
843 1441 1016 1505 miserunt
1035 1449 1141 1522 atque
1164 1440 1269 1505 officii
1290 1438 1440 1521 plenas¹

286 1547 330 1611 Et
345 1546 517 1611 hactenus
531 1546 576 1611 de
590 1546 779 1612 Provincia
794 1548 917 1613 Italiae
932 1548 977 1613 sit
992 1548 1136 1613 dictum.

507 2003 571 2069 DE
590 2004 823 2070 COLLEGIO
844 2004 1179 2071 NEAPOLITANO

279 2408 356 2497 ¹915.
400 2408 439 2473 P.
454 2410 731 2491 christophorus
745 2409 789 2474 de
804 2410 977 2475 Mendoza
997 2410 1064 2475 hoc
1080 2426 1174 2473 anno
1189 2408 1348 2490 collegio
1364 2407 1455 2474 Nea·

228 2518 385 2599 politano
396 2518 549 2599 praefuit
559 2515 582 2579 ³.
596 2516 668 2581 Sub
680 2518 818 2581 initium
829 2516 916 2597 ejus,
930 2517 1068 2598 viginti,
1081 2516 1118 2581 in
1129 2533 1320 2597 progressu
1335 2518 1456 2597 plures

229 2624 410 2708 aliquanto
428 2625 580 2691 luerunt.

290 2731 363 2795 916.
406 2730 558 2798 Servata
586 2742 738 2798 estnon
771 2733 847 2798 sine
880 2734 997 2799 fructu
1026 2733 1255 2814 consuetud0‚
1282 2734 1456 2816 superiori

229 2857 324 2904 anno
339 2840 512 2920 instituta,
527 2840 691 2906 tradendi
705 2840 829 2906 diebus
843 2842 943 2906 lestis
957 2842 1086 2922 populo
1101 2841 1316 2906 christianae
1328 2841 1456 2906 doctri·

228 2965 298 3012 nae
317 2956 523 3029 praecepta
544 2947 668 3012 diebus
687 2959 806 3013 autem
824 2949 966 3013 veneris
987 2947 1209 3012 scholasticis
1228 2947 1271 3011 de
1293 2965 1392 3013 more
1414 2957 1456 3012 ea

229 3055 485 3136 explicabatur,
500 3063 536 3119 et
550 3055 639 3119 satis
650 3055 853 3136 frequentes
867 3055 1048 3120 auditores
1064 3054 1293 3119 accedebant.

263 3218 267 3230 ι
285 3162 360 3252 ‚9¹7-
402 3163 465 3226 Illa
478 3179 566 3226 vero
581 3162 707 3227 crebro
722 3162 1057 3228 communicantium
1079 3161 1243 3243 societas,
1260 3161 1303 3226 de
1318 3179 1388 3244 qua
1403 3158 1458 3227 suss

228 3271 347 3350 petius
361 3271 492 3334 mentio
507 3270 602 3334 lacta
616 3267 629 3300 ⁴
642 3279 707 3348 est,
723 3271 855 3334 virtute
870 3280 905 3334 et
926 3286 1073 3334 numero
1094 3269 1131 3333 in
1150 3271 1225 3335 dies
1248 3271 1457 3350 augebatur.-

288 3377 373 3443 918..
402 3376 601 3442 Conciones
615 3386 732 3441 autem
747 3374 934 3442 dominicis
953 3395 995 3442 ac
1017 3377 1116 3441 lestis
1131 3377 1253 3441 diebus
1273 3377 1309 3442 in
1328 3380 1459 3459 templo
1519 3431 1524 3443 .

230 3495 354 3554 nostro
372 3502 512 3566 semper
530 3484 672 3548 habitae
691 3494 789 3564 sunt;
813 3484 874 3549 sed
894 3485 931 3547 in
950 3485 1131 3565 virginum
1150 3501 1333 3550 sacrarum
1355 3486 1463 3550 etiam

232 3763 401 3821 rinqaecenm
411 3763 493 3809 hebbe
502 3763 556 3807 alla
564 3773 648 3817 meum
657 3773 698 3806 ma
708 3761 724 3806 il
732 3763 799 3806 buon
809 3761 903 3807 huomo
913 3773 959 3817 per
968 3773 1054 3806 essere
1062 3761 1196 3816 obbligalo
1205 3761 1273 3806 disee
1282 3763 1370 3807 volere
1378 3761 1464 3815 prlmn

232 3840 350 3882 rlcevere
360 3847 395 3880 nn
404 3835 499 3888 Breve,
514 3835 581 3878 dove
590 3835 610 3879 11
619 3835 692 3889 Papa
707 3833 823 3878 ratihchl
837 3835 922 3888 quello
938 3835 986 3878 che
1001 3833 1075 3879 Ntro.
1092 3833 1177 3878 Padre
1192 3833 1226 3878 he
1241 3834 1317 3879 letto.
1333 3833 1401 3877 Pare
1416 3821 1463 3876 che'

231 3909 329 3954 habbia
342 3919 409 3963 poca
424 3906 572 3952 confidenzrt
587 3906 657 3950 nella
672 3905 834 3961 Compaznla
848 3911 949 3960 nostra,
965 3917 980 3950 o
995 3917 1059 3950 vero
1072 3907 1098 3950 la
1113 3915 1209 3950 natura
1223 3916 1270 3954 sua
1285 3909 1299 3950 e
1315 3908 1369 3950 coel
1386 3905 1464 3950 latta.

233 3980 298 4034 Quel
311 3979 395 4024 Breve
406 3978 512 4024 insieme
519 3989 567 4023 eon
577 3980 646 4023 altre
656 3989 715 4022 cnse
726 3978 916 4022 desiderrmmo
928 3978 1050 4033 spedlrlo.·
1061 3989 1103 4023 nra
1116 3989 1166 4022 non
1179 3978 1310 4033 poeslemo
1326 3988 1373 4032 per
1387 3977 1414 4021 la
1424 3989 1465 4028 ιιι,

230 4051 366 4106 epenelone
381 4051 422 4095 del
439 4051 537 4106 negotll
552 4051 579 4095 ln
595 4058 688 4106 questa
703 4056 786 4095 corte.
800 4049 862 4094 Coei
875 4056 965 4105 presto
982 4049 1016 4094 V.
1036 4049 1068 4094 R.
1084 4051 1101 4094 ll
1117 4052 1195 4105 porra
1209 4049 1271 4093 dare
1282 4049 1381 4103 salmo,
1393 4047 1465 4092 aceio

233 4123 319 4168 mandi
330 4123 409 4178 quelli
417 4123 508 4168 denari
518 4134 595 4168 senze
605 4123 734 4168 dubitare.
745 4122 819 4167 Delle
831 4124 900 4166 altre
916 4133 975 4167 cose
990 4123 1037 4168 che
1051 4133 1113 4167 sono
1123 4134 1140 4168 a
1149 4121 1270 4175 vendere,
1282 4132 1354 4166 come
1363 4121 1387 4167 ul
1397 4120 1465 4177 trus-l

229 4195 256 4240 ln
266 4191 363 4240 Parnm
372 4196 399 4240 le
408 4195 440 4240 R.
450 4194 493 4250 V„
503 4197 581 4261 potr&
590 4195 653 4240 dare
665 4195 763 4249 ordine,
774 4201 800 4238 et
810 4196 829 4239 ll
843 4205 941 4239 ancora
951 4198 1029 4250 porra
1044 4195 1156 4251 plrllare
1170 4204 1218 4249 per
1232 4204 1260 4237 se
1277 4193 1295 4236 ll
1311 4191 1409 4237 vlutico
1425 4203 1467 4236 ne·

231 4267 347 4312 cessario
361 4277 410 4322 per
423 4267 522 4312 andare
537 4259 564 4311 in
579 4265 692 4312 Franclu
708 4268 733 4311 dl
748 4267 834 4332 quello
850 4268 947 4311 donaro
962 4267 1009 4310 che
1025 4267 1044 4310 ll
1059 4267 1081 4310 sl
1097 4268 1214 4319 trorara,
1226 4277 1240 4308 o
1250 4275 1315 4308 vero
1325 4265 1350 4308 lo
1365 4253 1466 4318 pltglte‘

231 4339 333 4385 cambio
343 4349 421 4394 sopra
432 4339 458 4384 dl
467 4339 519 4393 nol,
529 4351 544 4384 o
555 4346 673 4394 prestare
683 4339 767 4384 inslno
778 4351 795 4385 a
804 4344 878 4384 tanto
890 4339 939 4382 che
953 4339 995 4384 nol
1010 4339 1148 4384 hebblamo
1158 4341 1183 4382 lo
1193 4338 1267 4384 uulso
1280 4336 1466 4393 emulano„

233 4401 371 4465 Polancna
379 4421 413 4455 ex
420 4422 496 4464 com„
507 4411 582 4455 Petri
594 4410 681 4466 viola,
690 4411 725 4455 5.·
735 4410 831 4456 Martii.

274 4481 285 4516 ¹
312 4481 360 4527 ils.
369 4483 553 4538 respondisse.

275 4554 287 4586 ¹
313 4553 380 4600 Vide
392 4553 488 4599 cartas
497 4555 530 4598 de
541 4555 597 4598 San
606 4553 726 4609 rgnacto,
736 4561 754 4599 t.
765 4565 800 4610 vr,
810 4565 871 4610 pag.
883 4555 926 4598 512
937 4561 963 4600 et
974 4555 1022 4600 412.

276 4625 288 4658 ³
315 4625 382 4672 Vide
392 4638 480 4682 snpra,
492 4633 512 4672 t.
522 4640 549 4682 v,
560 4639 622 4684 pag.
633 4628 680 4684 173,
691 4640 717 4673 n.
726 4627 778 4673 498.

277 4700 290 4733 ⁴
315 4697 383 4744 Vide
392 4711 481 4755 snpra,
491 4705 512 4745 t.
521 4709 557 4754 tv,
567 4711 628 4756 pag.
640 4699 738 4756 itt-175,
748 4711 791 4744 na.
800 4699 901 4746 565567.

393 4787 433 4852 T.
447 4807 495 4849 ur.
