3642 5350
338 398 393 456 618
800 395 929 459 Canon.
949 396 1027 458 Soc.
1046 397 1117 471 Jtts.

342 553 399 607 rat
416 549 436 607 ¹.
452 541 537 608 Inde
552 544 647 608 enim
662 553 861 608 recesserat
877 543 914 606 P.
932 543 1123 624 Gonzalez,
1140 545 1177 608 in
1191 543 1327 610 Indiam
1341 545 1468 609 eodem
1481 563 1577 610 anno

341 652 471 714 missus
486 650 509 730 ¹,
522 651 583 733 qui
598 668 690 715 unus
705 660 783 714 erat
794 669 840 715 ex
850 651 921 715 illis
933 651 1046 716 tribus
1056 652 1128 732 qni,
1144 670 1189 716 ne
1199 650 1404 716 desererent
1418 652 1573 716 multitu-

342 757 461 821 dinem
474 767 555 837 post
568 758 797 838 naufragium
811 758 848 821 in
859 759 1014 838 quadam
1030 759 1146 822 insula
1158 759 1466 838 commorantium,
1481 775 1574 823 mor·

341 875 413 929 tem
437 865 568 929 obiisse
591 865 746 929 diximus
766 862 789 929 ¹.
815 865 862 928 Hi
887 875 1054 946 quatuor,
1077 883 1122 929 ex
1142 865 1316 930 fructibus
1338 867 1572 947 quorumdam

341 971 605 1051 beneficiorum,
622 989 685 1035 seu
700 972 1037 1051 praestimoniorum
1052 972 1090 1036 P.
1107 971 1287 1037 Fernandi
1304 972 1472 1047 Alvarez,
1488 972 1572 1036 dum

343 1079 503 1160 Collegio
524 1078 738 1143 auctoritate
763 1077 974 1159 Apostolica
998 1079 1221 1158 uniebantur,
1250 1096 1288 1143 se
1313 1081 1572 1144 sustentabant.

342 1185 464 1266 Aliqui
478 1186 586 1250 etiam
601 1185 706 1249 amici
721 1185 796 1249 suis
809 1186 1046 1267 eleemosynis
1061 1202 1122 1250 eos
1134 1183 1363 1267 adjuvabant.

402 1292 494 1357 2664.
537 1293 735 1358 Ecclesiam
760 1293 940 1357 habebant
969 1294 1057 1358 satis
1085 1295 1305 1375 elegantem,
1332 1310 1438 1376 quam
1467 1276 1575 1358 et'iam

343 1401 495 1481 picturis
517 1400 713 1464 illustribus
740 1401 969 1465 decorarunt.
996 1400 1133 1465 Domus
1157 1399 1300 1481 quidem
1321 1419 1457 1483 pauper
1482 1412 1574 1479 erat,

344 1507 407 1571 sed
417 1508 582 1573 salubris:
595 1509 676 1587 situ,
688 1517 725 1570 et
735 1507 781 1571 ad
793 1509 914 1588 populi
926 1506 1219 1587 aedificationem,
1230 1509 1429 1572 commoda.
1443 1507 1577 1589 Magna

344 1624 463 1678 autem
482 1616 538 1678 vis
556 1616 750 1696 lignorum,
767 1615 894 1695 lapidis
916 1625 951 1679 et
971 1616 1081 1679 calcis
1099 1625 1134 1678 et
1153 1615 1387 1696 reliquorum,
1414 1616 1509 1696 quod
1530 1617 1576 1680 ad

345 1721 545 1787 aedificium
559 1734 661 1786 erant
675 1723 895 1801 necessaria,
920 1731 1038 1803 empta
1058 1719 1133 1801 iam
1153 1731 1267 1802 erant,
1288 1731 1327 1787 ut
1347 1722 1473 1786 domus
1491 1739 1577 1814 pars

346 1831 521 1912 quaedam
535 1829 795 1908 aedificaretur,
812 1830 858 1893 ad
873 1847 980 1910 quam
995 1830 1215 1910 migraturus
1230 1839 1308 1893 erat
1319 1827 1495 1894 Dominus
1508 1829 1577 1894 Lu·

345 1937 495 2001 dovicus
509 1937 552 2000 de
566 1934 720 2015 Medina,
744 1937 900 2018 quicum
920 1935 958 1998 Ρ.
978 1936 1172 2018 Francisco
1191 1946 1314 2017 egerat
1330 1936 1374 2000 de
1389 1955 1508 2001 annuo
1523 1955 1574 2001 re·

344 2044 420 2109 ditu
434 2052 673 2108 trecentorum
687 2045 910 2123 ducatorum,
925 2043 1083 2124 Collegio
1100 2053 1180 2125 post
1191 2059 1292 2108 suam
1304 2054 1455 2108 mortem
1467 2045 1577 2125 appli-

345 2151 473 2215 cando.
486 2148 702 2214 Societatem
716 2161 835 2216 tamen
854 2153 961 2231 paulo
976 2161 1058 2232 post
1077 2152 1272 2232 ingressus,
1293 2151 1422 2214 vivens
1437 2152 1503 2216 hos
1524 2169 1577 2216 re·

342 2258 441 2321 'ditus
456 2256 614 2337 Collegio
629 2258 800 2323 fruendos
815 2259 923 2338 dedit,
939 2268 977 2322 ut
993 2276 1058 2323 suo
1073 2260 1152 2323 loco
1167 2259 1307 2322 dicetur
1320 2256 1343 2320 ⁴.

406 2365 497 2428 2665.
541 2365 684 2430 Interim
701 2365 738 2428 P.
755 2365 942 2430 Pradanus
962 2365 1244 2430 confessionibus
1266 2365 1451 2428 audiendis
1472 2383 1577 2429 vaca·

347 2474 419 2552 bat,
436 2482 470 2536 et
484 2473 564 2536 aliis
578 2473 721 2554 pietatis
736 2473 919 2554 operibus,
934 2473 992 2553 qui
1008 2473 1102 2536 enim
1117 2473 1201 2536 alibi
1221 2472 1464 2553 spiritualibus
1485 2489 1574 2538 mor·

345 2581 399 2644 bis
409 2580 604 2644 remedium
616 2598 686 2643 non
698 2580 940 2659 inveniebant,
953 2581 1049 2644 domi
1060 2591 1204 2643 nostrae
1217 2597 1255 2642 se
1269 2580 1353 2646 illud
1365 2582 1580 2644 inventuros

348 2689 551 2769 sperabant;
568 2698 603 2752 et
618 2687 694 2750 Deo
711 2686 919 2767 adJuvante,
936 2687 1175 2752 inveniebant.
1245 2716 1252 2729 ·

408 2795 500 2859 2666.
543 2795 669 2859 Mulier
695 2795 869 2874 quaedam
883 2793 950 2857 fuit
971 2795 1063 2857 inter
1088 2794 1189 2871 alias,
1205 2812 1296 2875 quae
1321 2794 1582 2859 molestissimis

326 2988 329 2994 .
350 2903 603 2968 tentationibus
618 2902 762 2981 afflicta,
775 2901 849 2982 jam
865 2903 957 2965 collo
973 2903 1136 2982 laqueum
1156 2903 1202 2966 ad
1224 2900 1456 2983 suspendium
1470 2902 1578 2983 impo-
1600 2957 1605 2971 .

350 3021 481 3074 suerat.
498 3008 579 3089 Sed,
604 3009 758 3073 Domino
771 3020 857 3073 tunc
873 3010 924 3072 illi
943 3008 1167 3090 impediente,
1190 3008 1235 3073 ad
1258 3010 1403 3075 domum
1416 3018 1578 3073 nostram

349 3118 509 3196 veniens,
526 3117 698 3181 auxilium
712 3127 747 3181 et
761 3116 957 3180 remedium
973 3115 1126 3180 adivina
1143 3117 1300 3180 bonitate
1315 3117 1480 3182 obtinuit.

393 3360 402 3390 ¹
432 3358 471 3403 ct.
479 3358 623 3413 Virorum,
636 3360 754 3413 colegros
763 3360 797 3403 de
808 3360 931 3403 Casfilla:
943 3358 1044 3412 colegno
1054 3359 1088 3402 de
1099 3358 1189 3411 Avila,
1198 3364 1216 3402 t.
1227 3370 1244 3412 t,
1255 3360 1298 3403 fol.
1309 3360 1350 3402 239
1358 3364 1384 3402 et
1396 3370 1450 3413 seq.

392 3430 405 3462 ¹
431 3430 490 3474 “En
506 3436 561 3475 erte
578 3434 629 3475 ano
644 3443 672 3475 ne
689 3433 714 3476 le
731 3431 890 3485 cumplieron
907 3433 934 3475 el
951 3431 980 3474 P.
997 3432 1098 3475 Andres
1116 3430 1244 3475 Gonzulcz
1261 3442 1306 3475 sus
1322 3431 1444 3484 antignos
1458 3443 1475 3487 y
1489 3434 1581 3473 santos

351 3503 467 3545 deseos...
478 3503 510 3545 de
520 3514 600 3557 paser
610 3507 626 3546 11
636 3505 676 3546 las
686 3502 783 3557 ludius,
794 3506 809 3546 a
821 3504 847 3546 la
857 3502 1013 3547 conversion
1023 3503 1054 3545 dc
1066 3503 1104 3546 los
1114 3502 1212 3549 infieler
1227 3514 1244 3559 y
1258 3504 1274 3546 tl
1288 3503 1401 3558 padecer
1418 3504 1478 3556 algo
1493 3512 1541 3555 por
1551 3512 1582 3545 su

350 3584 433 3628 amon
445 3585 542 3629 porque
553 3574 595 3618 lue
605 3575 716 3619 enviado
725 3586 774 3629 por
784 3574 936 3619 obediencia
947 3575 998 3618 ala
1008 3572 1082 3619 ludia
1093 3574 1205 3618 orientel
1215 3586 1246 3618 en
1257 3578 1392 3629 compabla
1403 3574 1444 3618 del
1455 3574 1580 3617 hermano

351 3648 450 3691 Alonso
460 3644 555 3701 Lopez,
567 3658 681 3691 navarro
691 3646 723 3690 de
733 3647 835 3697 nacion.
846 3648 912 3691 alos
922 3647 1012 3691 curies
1022 3646 1158 3701 guardabn
1168 3644 1232 3691 Dlos
1242 3658 1274 3690 en
1284 3654 1342 3691 este
1358 3645 1520 3701 navegnclon
1530 3655 1582 3690 nna

351 3717 584 3773 gloriosnmuerte,
595 3730 645 3773 qne
654 3719 808 3773 padecieron
819 3730 867 3773 por
878 3721 904 3762 la
920 3718 1028 3762 caridad
1045 3730 1062 3775 y
1079 3729 1152 3762 amor
1168 3718 1259 3761 desua
1276 3718 1422 3773 projlmos.„
1441 3716 1582 3771 Vntnrvtn,

351 3790 521 3842 fmmw.

390 3862 403 3894 θ
428 3862 496 3906 Vide
505 3873 594 3917 supra,
605 3870 624 3907 r.
635 3875 661 3917 v,
671 3874 734 3918 pag.
751 3862 805 3915 old,
821 3874 846 3908 n.
864 3864 929 3917 1752,
948 3868 1036 3906 annot.
1049 3863 1073 3917 1,
1091 3874 1151 3918 pap.
1169 3862 1221 3915 646,
1238 3873 1263 3906 n.
1283 3862 1411 3914 17731775,
1428 3867 1455 3905 et
1472 3864 1531 3907 loca
1547 3860 1583 3906 lbi

350 3936 464 3987 sigma.

392 4008 403 4038 ⁴
430 4008 442 4028 ¹·
452 4006 576 4049 Tamblen
587 4018 615 4050 se
626 4007 668 4050 lbe
679 4006 846 4062 proveyendo
857 4008 918 4051 bien
928 4012 984 4051 este
993 4006 1100 4063 Colegio
1109 4018 1140 4051 en
1148 4009 1173 4051 lo
1181 4007 1320 4062 temporal,
1328 4018 1345 4063 y
1353 4005 1493 4061 particular
1499 4012 1586 4050 mente

353 4087 401 4121 con
412 4076 438 4120 la
449 4077 560 4119 entrade
570 4088 602 4120 en
612 4078 639 4121 la
650 4076 846 4132 comprendet
858 4078 887 4121 P.
899 4078 962 4123 Luls
973 4080 1005 4123 de
1015 4079 1126 4131 Medion,
1138 4080 1270 4122 caballero
1280 4078 1381 4129 ilustre,
1392 4078 1423 4121 de
1435 4088 1500 4131 gran
1511 4078 1588 4123 valor

353 4161 370 4206 y
381 4160 447 4202 seso,
458 4160 476 4205 y
487 4149 574 4192 tenido
584 4160 600 4203 y
611 4150 737 4193 estimado
748 4161 796 4204 por
806 4151 845 4193 tal
855 4162 888 4193 en
898 4152 993 4201 Avila,
1009 4152 1039 4194 de
1051 4150 1133 4194 nonde
1148 4162 1194 4193 ern
1209 4150 1328 4203 nutural;
1344 4160 1362 4205 y
1379 4150 1460 4193 bebla
1473 4150 1588 4202 servido,

353 4219 570 4274 stendosoldedo,
581 4220 781 4276 nlEmperador
791 4220 883 4265 Curios
894 4222 918 4265 V
929 4226 973 4278 yn
990 4234 1020 4266 su
1036 4222 1090 4278 bilo
1107 4234 1138 4266 en
1154 4224 1178 4265 el
1194 4222 1398 4265 levantamlento
1413 4221 1455 4265 del
1472 4220 1553 4274 Perti,
1571 4232 1588 4277 y

353 4292 442 4336 volrld
456 4304 516 4348 muy
527 4292 581 4336 rlco
591 4294 755 4347 antipatris.
768 4293 793 4336 Y
803 4304 836 4337 no
852 4304 898 4337 ern
908 4295 935 4337 al
945 4295 1072 4349 principio
1089 4294 1175 4337 alecto
1194 4296 1209 4337 n
1227 4300 1333 4337 nuestrn
1350 4291 1508 4348 Compellltt3
1524 4302 1589 4347 pero

354 4364 464 4417 despnes
474 4374 502 4406 se
513 4364 622 4409 aficlono
632 4365 663 4408 de
674 4365 756 4416 modo,
767 4376 817 4421 que
828 4374 874 4409 nos
884 4365 927 4409 dio
935 4367 950 4407 a
958 4366 980 4409 sl
992 4367 1082 4409 mismo
1092 4378 1109 4423 y
1120 4378 1149 4409 su
1160 4365 1295 4409 hacicnda.
1306 4363 1389 4408 Entrd
1400 4376 1432 4407 en
1442 4364 1468 4407 ln
1478 4364 1588 4419 Compa-

355 4438 399 4478 bla
411 4445 443 4478 en
453 4436 477 4479 el
488 4433 595 4491 Coleglo
605 4436 637 4479 de
647 4435 749 4481 bledlne
765 4438 789 4481 el
804 4438 854 4480 atto
870 4437 901 4481 de
918 4436 978 4489 1558,
996 4449 1013 4493 y
1031 4448 1078 4481 con
1096 4437 1205 4481 licencia
1223 4436 1264 4479 del
1283 4434 1310 4479 P.
1328 4434 1382 4481 San
1396 4434 1538 4480 Frencleco
1555 4436 1589 4479 de

355 4506 470 4561 Bostare
479 4508 566 4561 epllcd
577 4519 609 4551 en
619 4517 773 4563 prnnparte
783 4512 865 4553 ateste
876 4507 983 4563 Coleglo
997 4510 1037 4563 [de
1049 4509 1146 4563 Avlla],
1157 4518 1224 4563 cuyo
1234 4508 1334 4562 insigne
1346 4506 1497 4552 benefactor
1511 4507 1554 4551 ine
1568 4519 1587 4564 y

354 4578 409 4621 casl
419 4578 568 4632 fundanos,
578 4579 720 4634 virmvn,
731 4579 749 4623 l.
760 4592 791 4631 c..
801 4579 845 4623 fol.
855 4580 904 4625 w.
914 4579 1080 4633 -Snccnnrr,
1093 4580 1164 4624 Hist.
1176 4580 1232 4623 Soc.
1242 4578 1310 4635 Jes„
1319 4591 1344 4633 p.
1355 4590 1387 4631 n,
1398 4579 1442 4623 lib.
1456 4590 1488 4634 rt,
1507 4590 1531 4623 n.
1547 4577 1589 4621 1⁵⁹

352 4648 437 4694 etlbd.
553 4648 558 4656 '
