3642 5350
762 367 826 424 Ax.
849 366 919 425 1556
1418 368 1455 427 55

221 508 288 588 dit;
315 509 394 588 scd,
416 509 493 574 Deo
516 512 681 593 propitio,
708 512 947 576 valetudinem
971 513 1206 593 recuperavit.
1234 512 1367 591 Nullus,
1392 514 1452 593 qui

220 634 262 680 eo
275 617 412 696 gratior
427 616 572 682 Summo
587 618 748 682 Pontifici
767 629 872 694 esset,
894 620 977 698 eligi
997 620 1177 700 potuisset;
1200 621 1317 683 nullus
1333 630 1452 682 tamen

219 733 293 788 tam
306 733 432 802 gratus
447 725 515 807 ipsi
530 744 607 790 esse
631 727 753 808 potuit,
776 737 813 790 ut
832 737 992 790 nostrum
1010 726 1213 790 institutum
1232 727 1334 790 nobis
1356 727 1450 790 illae·

220 847 299 896 sum
312 833 464 912 relinqui
477 833 667 914 impetrare
682 845 814 914 posset.

282 937 349 1003 160.
393 939 471 1004 Hoc
486 950 655 1021 tempore,
672 959 741 1022 quo
762 941 807 1004 ad
827 940 1151 1021 Congregationem
1170 941 1285 1004 nostri
1304 941 1451 1004 accede·

219 1045 315 1124 bant,
346 1045 622 1112 Constitutiones
652 1067 697 1112 ex
727 1049 894 1112 idiomate
915 1049 1067 1128 hispano
1092 1048 1128 1111 in
1153 1049 1301 1112 latinum
1323 1065 1450 1112 versae

218 1161 298 1218 sunt
315 1153 336 1228 ¹;
353 1164 388 1216 et
403 1155 484 1234 alia,
502 1171 744 1236 quaecumque
759 1156 916 1220 adimere
930 1164 1095 1236 poterant
1113 1155 1272 1218 laborem
1292 1154 1447 1234 Congre·

216 1259 366 1339 gationi,
383 1261 570 1341 diiigenter
586 1272 711 1326 curata
726 1263 878 1326 suerunt.

277 1367 345 1430 161.
389 1367 562 1449 Quamvis
581 1355 700 1433 autem
720 1379 880 1450 tempora
901 1370 1101 1450 periculosa
1121 1377 1250 1445 essent,
1272 1377 1307 1430 et
1326 1369 1445 1431 omnia

216 1473 316 1536 bellis
329 1475 510 1539 ferverent
525 1485 560 1538 et
575 1475 707 1540 Romae
723 1487 757 1540 et
777 1478 813 1541 in
831 1477 959 1540 vicinis
978 1477 1077 1554 locis,
1097 1493 1170 1538 non
1189 1476 1308 1539 omisit
1327 1473 1445 1538 Socie-

216 1591 272 1644 tas
286 1591 457 1646 consueta
476 1583 685 1664 ministeria;
706 1584 813 1646 immo
833 1599 914 1647 cum
937 1583 1055 1646 studia
1079 1592 1197 1646 essent
1223 1583 1443 1657 renovanda,

214 1687 408 1768 positiones
422 1691 582 1770 publicas
597 1693 633 1754 in
655 1691 817 1754 omnibus
836 1689 1064 1753 facultatibus
1083 1689 1195 1753 nostri
1213 1689 1444 1752 defenderunt

214 1795 348 1875 aliquot
364 1796 497 1877 diebns;
513 1808 548 1861 et
563 1799 741 1862 orationes
763 1799 922 1878 publicas
942 1808 976 1860 et
1002 1797 1161 1860 carmina
1185 1813 1249 1876 pro
1270 1813 1368 1859 more
1383 1795 1441 1858 ha·

213 1901 377 1983 buerunt;
404 1914 438 1966 et
461 1921 534 1966 non
560 1922 684 1984 parum
707 1905 962 1969 aedificationis
986 1903 1079 1973 Urbi
1099 1903 1271 1983 praebuit,
1292 1903 1386 1983 quod
1406 1903 1441 1965 in

212 2009 329 2072 medio
344 2012 495 2074 tumultu
515 2027 695 2076 armorum
716 2013 805 2076 haec
824 2013 924 2092 pacis
939 2022 973 2075 et
988 2011 1251 2091 tranquillitatis
1271 2011 1440 2073 exercitia

212 2133 284 2178 non
298 2117 551 2182 omitteremus.
568 2117 641 2182 Nec
653 2117 852 2198 hujusmodi
867 2117 1124 2198 disputationes
1140 2133 1220 2180 cum
1232 2117 1363 2196 exigua
1375 2116 1440 2180 ire·

212 2223 356 2302 quentia
381 2223 523 2288 habitae
543 2224 694 2288 luerunt.
718 2225 762 2288 Et
787 2242 832 2288 ex
856 2233 1009 2304 quatuor
1033 2224 1215 2287 ordinibus
1240 2224 1439 2286 mendican-

211 2330 300 2392 tium
315 2329 553 2410 disputatores
569 2332 677 2412 aliqui
702 2332 902 2396 adiuerunt.
919 2331 962 2394 Et
977 2331 1073 2409 hiag.
1096 2329 1282 2394 Generalis
1297 2328 1440 2393 Ordinis

141 2479 144 2484 -
209 2433 271 2499 S.¹¹
290 2437 470 2502 Dominici
484 2443 496 2476 ’
509 2438 560 2501 eis
574 2438 743 2517 interfuit,
767 2447 801 2502 et
815 2453 983 2517 magnam
1008 2454 1095 2517 erga
1110 2435 1323 2500 Societatem
1337 2436 1439 2498 bene·

210 2545 405 2608 volentiam
419 2561 506 2624 prae
521 2561 558 2608 se
578 2546 666 2609 tulit.

274 2651 341 2715 162.
386 2649 574 2716 Lectiones
598 2653 704 2717 etiam
728 2662 763 2716 et
785 2662 948 2717 caeterae
963 2651 1198 2717 scholasticae
1216 2650 1437 2714 exercitatio·

210 2776 276 2823 nes
291 2769 371 2838 post
385 2758 514 2824 festum
529 2761 694 2824 Omnium
709 2759 922 2824 Sanctorum
937 2771 1130 2823 renovatae
1145 2759 1297 2823 fuerunt.

274 2866 342 2929 163.
386 2865 594 2931 Sublevavit
610 2867 837 2931 nihilominus
853 2866 890 2929 P.
913 2866 1081 2930 Vicarius
1101 2864 1256 2929 Domum
1274 2877 1308 2929 et
1328 2864 1437 2929 Colle-

209 2973 308 3051 gium
320 2972 531 3053 Romanum,
553 2976 684 3039 multos
704 2975 750 3037 ad
770 2974 839 3037 alia
861 2974 1023 3052 collegia,
1045 2972 1162 3053 quoad
1186 2972 1259 3052 ejus
1281 2972 1356 3035 iieri
1377 2989 1436 3052 po-

208 3081 285 3157 tuit,
303 3080 489 3145 mittendo:
506 3091 713 3145 manserunt
729 3081 958 3145 nihilominus
971 3079 1168 3159 nonaginta
1182 3064 1385 3159 collegiales
1404 3089 1438 3142 et

207 3186 268 3249 alii
283 3188 540 3269 quinquaginta
555 3188 663 3251 Domi
677 3197 833 3251 nostrae.
1251 3205 1255 3213 ’

272 3293 339 3357 164.
384 3293 1436 3375 OmnibusPrincipibuschristianistamsaecularibusquam

206 3401 474 3480 ecclesiasticis
491 3402 618 3482 quibus
637 3400 799 3465 Societas
819 3412 904 3465 nota
927 3412 1015 3479 erat,
1038 3402 1175 3464 litterae
1194 3401 1349 3481 scriptae
1366 3402 1437 3465 iue-

210 3518 303 3585 runt,
319 3508 447 3589 quibus
468 3508 511 3571 de
531 3507 648 3572 Patris
668 3507 796 3589 ignatii
819 3509 1032 3587 migratione
1051 3508 1193 3571 inerunt
1215 3508 1383 3571 admoniti
1404 3516 1438 3571 et

208 3612 372 3679 Societas
396 3616 447 3678 eis
467 3616 533 3679 fuit
552 3614 798 3679 commendata
821 3613 843 3679 ³.
870 3615 1004 3681 Eodem
1025 3625 1194 3694 tempore,
1221 3614 1257 3677 id
1282 3623 1346 3692 est,
1373 3615 1438 3677 sub

211 3722 426 3801 annifinem,
444 3724 504 3804 qui
519 3722 613 3803 apud
628 3722 868 3785 Romanorum
882 3722 1017 3801 Regem
1031 3721 1190 3785 Nuncius
1210 3722 1438 3801 Apostolicus

208 3828 337 3905 iuerat,
355 3828 504 3892 Romam
518 3830 675 3907 veniens
689 3829 859 3909 optimum
872 3830 1015 3892 odorem
1028 3828 1215 3893 Societatis
1227 3830 1264 3893 in
1276 3828 1437 3891 Romana

245 4031 255 4065 Ι
284 4030 487 4079 constitutiones
501 4034 528 4077 in
545 4034 652 4079 latinum
667 4034 798 4077 convertit
812 4032 866 4089 ipae
883 4038 975 4077 auctor
990 4033 1067 4088 hujus
1085 4031 1206 4103 chronici
1220 4032 1333 4085 joannes
1342 4032 1373 4075 de
1389 4031 1438 4075 Po·

203 4105 290 4148 tanco.

243 4175 256 4209 ¹
282 4174 443 4231 'Stephanus
458 4176 617 4235 Usnemaris,
631 4175 784 4222 Genuenais.
797 4188 830 4221 ex
845 4176 985 4221 Provincia
999 4175 1181 4231 Lombardlae,
1192 4177 1217 4220 in
1230 4176 1317 4231 patria
1327 4174 1434 4231 Inquisi-

203 4253 255 4301 tor,
265 4247 357 4291 deinde
368 4247 528 4292 Procurator
538 4247 683 4297 Generalis.
694 4248 736 4291 vir
748 4248 909 4302 integritate,
925 4250 1071 4304 prudentia,
1088 4255 1167 4304 atque
1182 4250 1302 4296 doctrina
1316 4248 1433 4299 illustris,

202 4329 271 4362 anno
282 4318 335 4363 1553
342 4320 449 4375 eiigitur
460 4320 586 4374 Magister
597 4320 699 4364 Ordinis
708 4319 852 4373 Generalis,
867 4332 974 4364 nurnero
988 4322 1201 4376 quadragesimus
1215 4328 1314 4365 sextus.
1324 4320 1435 4372 Religio·

203 4400 261 4434 nem
272 4391 340 4435 rexit
350 4402 409 4436 cunr
419 4392 503 4437 lande.
515 4390 582 4435 Fato
592 4392 670 4436 cessit
678 4404 744 4436 anno
756 4392 806 4435 1557
816 4400 906 4447 quinto
916 4392 1004 4436 Nonas
1011 4391 1094 4448 Mali...
1104 4394 1255 4446 Anrauuaa,
1267 4391 1434 4435 Bibliotheca

203 4460 392 4513 Dominicana,
401 4463 428 4506 in
438 4464 589 4517 appendice,
599 4464 632 4507 ad
643 4474 684 4509 an.
696 4464 755 4513 1557.
765 4476 824 4519 pag.
834 4462 883 4516 otu.
895 4465 943 4508 cul.
954 4463 975 4507 2

241 4532 255 4565 ⁸
281 4532 334 4578 Eas
344 4535 489 4589 descriptas
503 4536 584 4580 habes
595 4536 620 4579 in
632 4537 726 4579 Curias
740 4541 772 4581 aa
789 4536 844 4579 San
859 4534 979 4589 Ignacio,
988 4542 1008 4581 t.
1022 4548 1059 4591 vu
1073 4538 1161 4590 plnres
1175 4537 1243 4581 enirn
1257 4542 1326 4590 sunt,
1341 4536 1437 4591 quibus

200 4612 327 4659 responsa
336 4618 451 4651 amorem
461 4605 486 4650 in
496 4606 626 4661 ignatium
637 4608 741 4662 ejusque
752 4606 909 4653 Societatem
920 4608 1049 4663 spirantia
1059 4608 1240 4661 subjiciuntur.
