3642 5350
367 381 408 440 od
834 379 963 441 Canon.
982 378 1059 440 Soc.
1079 381 1149 454 Jns.

398 555 405 560 ·
436 527 503 590 179.
547 526 745 607 Episcopus
756 526 976 607 Tyburtinus
987 543 1118 607 magna
1131 526 1377 590 benevolentia
1389 524 1605 591 Societatem

371 634 663 715 prosequebatur,
680 642 715 696 et
729 633 820 697 duae
836 650 978 697 sorores
990 633 1147 697 defuncti
1162 633 1341 714 Episcopi,
1356 634 1475 714 patrui
1489 633 1565 714 ejus
1583 641 1602 713 ',

370 749 502 804 octavo
518 757 657 821 quoque
672 740 728 803 die
742 749 970 804 sacramenta
985 739 1022 802 in
1037 740 1168 820 templo
1181 749 1304 803 nostro
1318 740 1603 820 frequentabant.

435 844 502 910 180.
546 844 771 910 Gubernator
791 847 897 910 etiam
916 847 1014 910 urbis
1034 857 1256 910 constantem
1277 863 1316 910 se
1340 846 1515 909 fautorem
1539 865 1602 910 no-

369 963 485 1017 strum
499 954 662 1034 praebuit
675 953 700 1032 ⁸,
717 953 809 1018 sicut
825 962 860 1016 et
875 953 938 1016 alii
950 953 1114 1034 primarii
1138 951 1215 1033 ejus
1233 953 1332 1016 urbis
1352 953 1433 1029 viri,
1454 971 1605 1033 quorum

367 1061 606 1141 eleemosynis
621 1058 816 1139 Collegium
832 1060 918 1123 illud
932 1060 1198 1124 sustentabatur
1212 1058 1235 1139 ⁸,
1252 1061 1416 1141 quamvis
1430 1041 1498 1123 hoc
1510 1077 1604 1123 anno

367 1167 499 1246 gravia
515 1166 726 1230 detrimenta
740 1176 887 1247 propter
903 1167 1124 1247 praedictum
1143 1167 1272 1230 bellum
1291 1168 1390 1247 passi
1408 1176 1507 1246 sunt;
1528 1185 1604 1248 per-

370 1275 478 1354 pauci
502 1283 622 1337 tamen
641 1282 742 1337 erant
767 1274 891 1352 nostri,
915 1273 946 1336 si
969 1274 1128 1355 hospites
1152 1291 1411 1353 removeamus;
1438 1275 1604 1354 quinque,

368 1381 516 1460 scilicet,
543 1397 690 1444 numero
713 1377 736 1458 ⁴,
765 1397 845 1443 cum
870 1390 990 1444 tamen
1015 1382 1207 1444 multorum
1230 1381 1344 1444 instar
1358 1381 1395 1443 in
1419 1381 1605 1444 Societatis

368 1486 608 1550 functionibus
623 1495 751 1564 essent,
770 1495 804 1550 et
819 1487 1061 1568 unusquisque
1075 1487 1234 1568 pluribus
1249 1486 1373 1551 officiis
1388 1487 1488 1568 fungi
1503 1487 1605 1574 debef

369 1604 436 1670 ret;
453 1594 536 1675 quia
551 1602 669 1656 tamen
686 1593 964 1657 valetudinarios
981 1610 1023 1657 eo
1038 1594 1130 1658 mitti
1145 1602 1291 1675 propter
1310 1595 1404 1658 atris
1420 1595 1605 1658 salubrita-

368 1711 443 1765 tem
462 1699 644 1765 Romanae
670 1699 800 1765 Domui
823 1718 866 1765 ac
885 1700 1044 1782 Collegio
1064 1701 1213 1781 perutile
1239 1701 1439 1780 videbatur,
1466 1702 1604 1766 etiamsi

372 1809 477 1888 pauci
493 1809 529 1872 id
548 1810 718 1890 temporis
738 1817 1037 1887 sustentarentur,
1060 1807 1258 1887 Collegium
1277 1809 1363 1872 illud
1382 1808 1530 1872 charum
1544 1809 1605 1872 ha·

371 1915 533 1980 bebatur.

436 2021 505 2085 181.
548 2023 634 2086 Post
653 2032 802 2086 mortem
823 2021 1035 2102 fundatoris
1058 2021 1203 2086 Domini
1219 2022 1404 2086 Laurentii
1420 2022 1463 2085 de
1485 2021 1605 2086 Virili·

368 2129 447 2208 bus,
460 2129 528 2193 frui
543 2132 658 2211 coepit
670 2130 794 2210 paucis
806 2130 1019 2211 quibusdam
1033 2131 1177 2209 relictis,
1195 2147 1286 2210 quae
1298 2129 1356 2192 ille
1368 2130 1404 2193 in
1419 2147 1485 2193 suo
1502 2139 1607 2194 testa·

369 2246 489 2300 mento
503 2238 688 2316 legaverat
706 2238 742 2300 in
757 2236 875 2300 Monte
890 2235 989 2300 Fidei
1005 2233 1028 2316 ⁸,
1045 2236 1105 2300 ubi
1126 2236 1201 2299 fere
1217 2235 1457 2317 quadraginta
1478 2254 1605 2301 aureos

366 2343 519 2424 singulis
534 2343 636 2407 annis
651 2360 862 2423 recuperare
877 2353 1081 2424 coeperunt;
1109 2343 1172 2407 sed
1191 2344 1274 2407 licet
1296 2345 1425 2407 multos
1444 2345 1605 2425 reliquis-

368 2461 426 2514 set
440 2460 500 2515 aut
521 2453 717 2531 pauciores¹
745 2462 936 2532 postquam
961 2450 1105 2514 domum
1134 2453 1267 2515 nostris
1291 2451 1386 2528 emit,
1408 2450 1606 2514 fundatoris

364 2559 539 2621 honorem
553 2568 586 2621 et
602 2558 771 2638 suffragia
787 2575 828 2622 eo
844 2570 1004 2638 ternpore
1019 2568 1054 2621 et
1067 2559 1147 2620 loco
1162 2556 1343 2621 offerenda
1358 2575 1438 2621 esse
1456 2568 1602 2639 propter

370 2665 544 2729 rationem
560 2664 759 2729 donationis
773 2661 785 2696 ⁰
801 2665 1022 2745 praedictam
1037 2663 1075 2727 P.
1093 2663 1232 2745 ignatio
1249 2665 1329 2729 visa
1344 2677 1438 2728 sunt.

434 2771 501 2835 182.
545 2772 707 2836 Habebat
733 2774 839 2837 etiam
870 2775 1042 2852 pauculos
1071 2773 1244 2852 quosdam
1273 2773 1407 2836 reditus
1431 2792 1476 2837 ex
1501 2774 1604 2837 horto

368 2880 525 2960 quodam
540 2877 623 2943 Sile
638 2880 784 2959 Mariae,
800 2897 908 2961 quam
923 2878 981 2943 del
995 2880 1117 2943 Passa
1132 2887 1275 2957 vocant,
1301 2878 1401 2959 quus
1420 2882 1504 2943 unio
1524 2897 1604 2943 cum

368 2986 528 3067 Collegio
542 2986 741 3067 Tyburtino
755 2986 851 3051 facta
866 2986 993 3065 luerat3
1008 2987 1071 3050 sed
1087 2988 1154 3050 hoc
1169 3003 1262 3050 anno
1278 2988 1323 3049 ab
1338 2986 1516 3067 Episcopo
1535 3004 1606 3051 me·

372 3094 496 3157 liorem
511 3096 548 3157 in
563 3094 715 3157 formam
730 3095 877 3157 redacta
893 3104 947 3157 est
959 3092 982 3153 ².

434 3198 502 3263 183.
547 3198 749 3280 Reliquerat
764 3200 870 3263 etiam
885 3199 1043 3263 Domina
1054 3198 1165 3263 Lucia
1178 3200 1321 3264 Cinthia
1333 3200 1477 3263 hortum
1489 3208 1523 3263 et
1535 3200 1606 3263 alia

368 3306 546 3387 quaedam
559 3307 651 3369 bona
668 3306 825 3385 Collegio
841 3317 976 3384 nostro;
989 3306 1051 3370 sed
1066 3323 1177 3386 nepos
1191 3305 1267 3387 ejus
1286 3324 1358 3370 non
1378 3308 1446 3387 ipsi
1462 3307 1605 3371 licuisse

371 3420 582 3476 testamento
597 3413 686 3476 haec
711 3413 844 3476 donare
869 3412 1078 3476 affirmabat.
1105 3412 1175 3477 Sed
1199 3423 1361 3477 curatum
1381 3423 1434 3476 est
1457 3424 1495 3476 ut
1511 3430 1605 3477 com·

370 3520 638 3600 promitteretur
656 3519 725 3582 boe
746 3520 928 3599 negotium
948 3530 983 3583 et
1002 3520 1078 3582 sine
1093 3520 1212 3584 litibus
1232 3520 1466 3584 decideretur.
1489 3519 1603 3584 Recu·

370 3772 397 3805 n.
415 3761 451 3807 19.
466 3760 532 3806 Vide
549 3761 670 3806 Litterae
687 3762 918 3815 Quadrtmesfres,
935 3766 954 3805 t.
971 3772 1007 3815 nv,
1024 3772 1085 3816 pag.
1100 3760 1148 3814 493;
1166 3761 1261 3805 cartas
1286 3762 1320 3805 de
1336 3761 1391 3805 San
1407 3762 1526 3816 lgnacto,
1536 3769 1555 3808 t.
1567 3774 1605 3817 rr,

370 3844 433 3887 pag.
443 3832 484 3877 163
493 3840 520 3876 et
531 3840 619 3878 annot.
630 3834 651 3889 2,
662 3845 720 3887 pag.
732 3832 773 3876 207
782 3833 940 3877 adeamdem
949 3834 1087 3888 epistolam
1096 3834 1230 3887 blapanice
1239 3834 1377 3878 redditam.

413 3904 421 3936 ¹
451 3903 499 3957 Qui
511 3906 566 3961 elus
577 3905 662 3949 fuerat
671 3906 697 3949 ln
708 3904 855 3961 Tyburtlna
866 3903 932 3949 Sede
941 3906 1136 3961 praedeceesor‚
1146 3908 1342 3960 vocabaturque
1352 3905 1456 3950 Marcus
1466 3906 1606 3951 Antonine.

371 3976 439 4019 Vide
450 3986 537 4030 supra,
546 3984 564 4021 t.
575 3990 601 4031 v,
611 3988 669 4032 pag.
682 3976 717 4028 55,
728 3982 816 4020 annot.
828 3976 851 4019 1,

412 4048 424 4079 ¹
451 4046 518 4092 Vide
529 4060 616 4103 supra,
627 4056 646 4091 t.
658 4060 683 4102 v,
696 4058 756 4103 pag.
765 4048 801 4101 59,
813 4060 838 4092 n.
849 4048 896 4102 121,
908 4055 996 4092 annot.
1011 4048 1032 4102 2;
1048 4055 1075 4091 et
1088 4059 1148 4103 pag.
1163 4048 1198 4101 52,
1213 4060 1238 4091 n.
1255 4046 1302 4100 10⁶,
1317 4052 1405 4092 annot.
1420 4047 1445 4092 2.
1461 4046 1607 4104 Praecipue

371 4131 436 4164 vero
446 4119 568 4165 Litterae
576 4120 807 4175 Quadrimestres,
818 4128 837 4164 t.
848 4132 884 4172 rr,
893 4132 954 4175 pag.
966 4120 1012 4176 tot,
1024 4126 1111 4165 annot.
1121 4120 1142 4173 3,
1154 4128 1179 4163 et
1190 4131 1249 4175 pag.
1260 4120 1311 4164 499.

413 4190 425 4223 ³
452 4190 519 4235 Vide
530 4203 617 4247 supra,
628 4199 646 4236 t.
655 4204 681 4247 v,
692 4204 751 4247 pag.
762 4192 797 4247 ot,
808 4203 833 4237 n.
843 4194 889 4237 lll.

413 4264 425 4295 ⁴
453 4262 483 4306 P.
493 4262 651 4307 Laurentiue
662 4264 803 4315 Caralierl.
815 4264 843 4308 P.
855 4264 948 4310 Petrus
959 4264 1085 4319 Pradene‚
1095 4264 1163 4319 Mag.
1175 4264 1323 4320 stephanae
1336 4264 1485 4319 cannova,
1493 4264 1540 4310 Fr.
1550 4264 1605 4307 Au·

371 4334 477 4378 tonitrus
488 4334 519 4377 de
530 4333 648 4380 Henrlcis
659 4342 684 4379 et
694 4335 739 4380 Fr.
751 4336 880 4381 Antonius
891 4337 922 4380 de
932 4336 1044 4381 Robore.

415 4402 427 4437 ⁸
452 4404 519 4449 Vlde
530 4416 617 4460 supra.
629 4414 648 4450 t.
658 4420 684 4460 v,
695 4418 755 4461 pag.
766 4408 800 4461 54,
813 4420 836 4452 n.
849 4408 894 4453 109.

412 4473 426 4509 ⁸
452 4475 501 4522 Hic
512 4488 560 4522 ms.
570 4479 649 4523 habet
660 4479 836 4529 valetudinis,
845 4480 991 4533 culusloco.
1001 4482 1063 4535 qula
1078 4482 1199 4525 mendose
1214 4482 1327 4535 positum
1344 4480 1455 4533 videtur,
1469 4480 1608 4525 scribimus

370 4551 536 4603 donationis,
542 4550 607 4603 scil,
618 4551 714 4601 domus.
723 4562 800 4606 quam
810 4551 871 4596 emit
880 4559 905 4596 et
916 4550 1041 4597 Societatl
1051 4554 1169 4598 donavit.
1176 4553 1244 4597 Vide
1252 4564 1339 4608 supra,
1350 4559 1369 4597 t.
1380 4563 1416 4607 tv,
1424 4564 1486 4608 pag.
1494 4550 1608 4608 aaran.
1632 4564 1640 4579 ·

413 4620 424 4653 ἵ
452 4621 519 4667 Vide
529 4632 617 4676 supra,
628 4631 649 4665 t.
661 4634 686 4675 v,
697 4634 756 4677 pag.
767 4624 802 4677 55,
814 4636 837 4667 n.
850 4624 898 4668 113.
