3642 5350
361 474 414 535 75t
473 508 479 521 .
820 466 947 527 Canon.
968 464 1045 525 Soc.
1065 463 1136 539 Jrs.

422 618 514 684 3262.
557 618 617 683 Ille
632 624 750 682 autem
764 616 904 696 legatus
920 612 942 694 ¹,
959 630 1064 696 quem
1082 630 1105 677 a
1118 612 1217 693 Rege
1237 611 1330 676 mitti
1350 609 1515 690 diximus,
1532 626 1593 675 no·

362 728 442 792 bilis
456 735 544 807 erat,
560 725 619 790 cui
633 722 711 789 Rex
724 723 803 789 dari
819 721 924 803 jussit
937 724 975 787 in
988 721 1088 787 India
1107 721 1178 785 duo
1197 719 1307 784 millia
1326 728 1361 783 et
1379 718 1593 800 quingentos

362 850 502 914 aureos,
519 842 554 899 et
569 831 736 915 quamdiu
751 830 787 895 in
802 830 981 910 legatione
994 828 1196 908 mansisset,
1212 827 1362 908 singulis
1380 827 1484 891 annis
1497 826 1594 892 mille

362 958 503 1020 aureos,
518 949 553 1004 et
567 938 643 1020 eJus
656 937 760 1003 uxori
775 935 948 1019 quosdam
959 935 1094 1003 reditus
1104 936 1141 1000 in
1151 934 1373 1016 Portugallia
1384 934 1592 1016 assignave-

362 1058 430 1129 rat,
443 1045 612 1130 quamdiu
623 1046 772 1111 maritus
783 1030 936 1124 abesset,
946 1044 1003 1108 cui
1013 1043 1122 1109 etiam
1132 1041 1394 1125 praefecturam
1407 1040 1591 1123 cuiusdam

363 1156 459 1222 arcis
470 1154 549 1220 Rex
563 1154 599 1218 in
615 1151 714 1218 India
729 1150 836 1216 dedit.

423 1262 517 1327 3263.
560 1259 668 1325 Dedit
682 1258 790 1324 etiam
805 1258 882 1323 Rex
896 1260 1035 1324 litteras
1050 1260 1096 1324 ad
1110 1258 1317 1341 Pro-regem
1330 1257 1359 1339 ',
1379 1258 1508 1340 quibus
1520 1274 1596 1322 ma·

363 1386 521 1453 gnopere
537 1368 666 1447 omnia,
684 1384 774 1449 quae
790 1366 835 1431 ad
850 1363 1064 1455 Societatem
1079 1368 1314 1448 pertinebant,
1327 1367 1360 1430 ei
1370 1364 1594 1432 commenda·

364 1480 438 1559 bat,
453 1486 489 1541 et
502 1476 641 1557 Regina
656 1473 876 1539 tantumdem
890 1473 1017 1541 effecit.

424 1583 514 1649 3264.
558 1582 638 1648 Fuit
650 1591 768 1646 autem
782 1582 875 1645 inter
888 1592 1031 1647 nostros
1046 1583 1243 1648 dubitatum
1258 1600 1318 1661 an,
1330 1583 1388 1665 qui
1401 1600 1447 1649 ex
1461 1580 1596 1646 nostris

365 1693 401 1757 in
418 1691 643 1772 Aethiopiam
657 1687 818 1754 mittendi
831 1699 944 1769 erant,
960 1690 1163 1755 immediate
1177 1692 1243 1756 sub
1263 1689 1463 1756 obedientia
1482 1687 1595 1754 Patri·

366 1800 498 1864 archae
512 1795 673 1862 mittendi
686 1804 817 1876 essent,
833 1814 880 1861 an
894 1814 998 1861 suum
1011 1794 1238 1880 Superiorem
1252 1816 1360 1863 unum
1375 1798 1419 1862 do
1438 1794 1596 1862 Societa-

366 1920 401 1973 te
416 1907 547 1971 habere
561 1922 624 1969 eos
638 1903 832 1986 expediret3
852 1912 888 1969 et
908 1904 1051 1986 quidem
1070 1904 1259 1971 videbatur
1279 1906 1423 1985 nostris,
1444 1920 1595 1988 quorum

367 2013 480 2096 major
506 2022 583 2078 erat
606 2012 643 2076 in
667 2011 885 2091 Portugallia
912 2013 1118 2094 auctoritas,
1143 2014 1337 2079 sitantum
1364 2012 1596 2078 Patriarchae

366 2121 499 2188 subditi
507 2129 639 2200 essent,
652 2119 753 2183 brevi
764 2129 924 2201 tempore
933 2120 1115 2202 proprium
1130 2118 1320 2187 Societatis
1333 2132 1480 2185 nostrae
1493 2120 1595 2202 spiri·

368 2240 443 2295 tum
458 2229 495 2294 in
510 2228 561 2293 eis
576 2227 854 2309 extinguendum
869 2245 960 2310 esse;
974 2246 1059 2294 nam
1074 2228 1282 2295 Patriarcha
1301 2229 1427 2311 spiritu
1445 2228 1599 2310 patriar·

368 2337 463 2402 ehali
477 2335 559 2400 duci
573 2334 735 2414 debebat;
751 2345 786 2398 et
800 2335 850 2399 ita
868 2336 994 2416 paucis
1007 2335 1133 2401 diebus
1151 2337 1285 2401 nullam
1302 2336 1519 2401 mentionem
1530 2333 1599 2399 Re·

368 2446 532 2527 gularum
560 2451 595 2507 et
622 2441 778 2506 instituti
805 2440 995 2507 Societatis
1020 2442 1200 2523 futuram,
1228 2461 1294 2508 nec
1323 2442 1465 2508 dilatari
1491 2458 1598 2525 posse

368 2550 529 2618 Societas
544 2567 607 2631 per
620 2566 683 2613 eos
698 2548 902 2629 videbatur,
918 2560 954 2613 et
968 2550 1029 2631 ita,
1043 2551 1095 2615 eis
1109 2532 1291 2631 ext‘inctis,
1307 2551 1368 2633 qui
1382 2559 1466 2616 tunc
1480 2550 1598 2615 ntitte·

370 2661 512 2738 bantur,
529 2657 618 2723 alios
633 2656 782 2722 subinde
797 2656 987 2722 mittendos
1001 2657 1090 2723 fore.

429 2765 519 2832 3265.
563 2763 751 2830 Multitudo
775 2765 882 2830 etiam
907 2767 1150 2846 negotiorum,
1176 2784 1267 2848 quae
1292 2765 1502 2832 Patriarcha
1520 2774 1599 2829 erat

370 2873 566 2951 habiturus,
593 2880 730 2936 tantum
755 2871 999 2953 occupationis
1023 2872 1149 2937 datura
1175 2876 1308 2938 nostris
1334 2873 1531 2949 videbatur,
1556 2880 1599 2934 ut

371 2981 561 3061 religiosae
575 2977 782 3061 disciplinae
797 2995 972 3043 memores
986 2982 1050 3044 vix
1064 2996 1143 3044 esse
1158 2990 1314 3062 possent;
1334 2989 1370 3046 et
1387 2982 1438 3044 ita
1456 2979 1598 3045 videba-

371 3099 428 3154 tur
442 3103 604 3152 seorsum
618 3084 865 3150 Patriarcham
876 3103 958 3151 cum
968 3088 1127 3152 externis
1140 3087 1312 3152 ministris
1322 3087 1359 3152 in
1370 3088 1599 3170 Aethiopiam

372 3193 512 3276 ingredi
526 3193 667 3274 debere,
684 3209 727 3258 ac
741 3209 902 3258 seorsum
914 3194 1122 3275 religionem
1133 3192 1334 3275 Societatis,
1347 3207 1385 3261 ut
1398 3194 1446 3278 [et
1459 3193 1550 3278 ipsa]
1563 3196 1601 3258 in

373 3300 565 3383 Aethiopia
577 3309 852 3364 conservaretur
863 3317 907 3364 ac
918 3299 1139 3383 dilataretur,
1151 3310 1187 3366 et
1197 3301 1445 3368 Patriarcham
1456 3300 1602 3382 adjuva·

373 3416 439 3474 ret.
454 3407 499 3473 Et
513 3425 557 3472 ne
573 3407 692 3490 aliqua
707 3407 850 3471 occasio
865 3407 1096 3473 dissensionis
1110 3409 1203 3474 inter
1216 3407 1464 3475 Patriarcham
1485 3418 1520 3474 et
1538 3406 1602 3474 So·

373 3517 539 3580 cietatem
552 3512 710 3593 daretur,
726 3514 894 3578 censebat
907 3512 947 3578 P.
967 3513 1182 3580 Franciscus
1200 3516 1404 3596 Rodriguez
1422 3534 1519 3597 eum,
1541 3516 1603 3597 qui

372 3623 544 3689 Societati
557 3630 750 3705 praeesset,
768 3620 998 3686 patriarchae
1012 3623 1157 3688 subesse
1172 3624 1311 3705 debere,
1328 3642 1372 3689 ac
1385 3623 1424 3688 P.
1447 3624 1520 3689 [eo
1534 3641 1603 3689 nec

373 3731 442 3796 hoc
456 3728 598 3812 quidem
612 3728 877 3794 concedendum
892 3730 1070 3811 censebat;
1085 3748 1168 3795 nam
1183 3731 1252 3795 hac
1265 3733 1404 3798 ratione
1414 3749 1479 3814 per
1492 3728 1600 3814 Supe-

372 3839 504 3904 riorem
515 3847 550 3902 et
565 3837 654 3901 alios
668 3835 736 3901 sibi
750 3833 969 3916 subjecisset,
981 3846 1017 3901 et
1032 3838 1115 3919 quia
1130 3837 1263 3902 actioni
1273 3839 1361 3904 satis
1373 3839 1513 3904 deditus
1523 3848 1602 3903 erat

374 3945 595 4026 Patriarcha,
612 3945 649 4008 in
659 3944 766 4008 rebus
777 3943 926 4024 agendis
938 3953 1079 4010 nostros
1089 3945 1194 4011 valde
1208 3955 1448 4028 occupaturus
1458 3947 1603 4012 videba-

374 4065 443 4118 tur.
460 4051 531 4118 Sed
545 4052 639 4116 hanc
654 4051 898 4132 quaestionem
917 4050 955 4115 P.
977 4051 1138 4131 Ignatius
1151 4053 1304 4134 diremit,
1325 4054 1386 4136 qui
1404 4071 1528 4121 omnes
1542 4071 1604 4119 no·

374 4160 552 4241 atros,qui
562 4159 599 4223 in
606 4156 836 4238 Aethiopiam
846 4158 1069 4240 transissent,
1078 4159 1191 4223 voluit
1204 4158 1434 4226 Patriarchae
1444 4161 1603 4226 subesse.

434 4266 525 4334 3266.
565 4264 647 4331 Fuit
674 4274 794 4330 tamen
821 4265 1036 4330 constitutus
1068 4265 1304 4332 Prouincialis
1336 4277 1542 4336 nostrorum
1568 4269 1607 4333 in

416 4584 425 4620 t
455 4578 635 4626 Ferdlnandus
659 4577 751 4634 Soura,
768 4579 841 4635 culos
855 4580 995 4626 meminere
1011 4581 1134 4628 Litterae
1148 4584 1380 4638 Quarimestreo,
1396 4593 1417 4631 t.
1434 4597 1470 4639 tv,
1489 4587 1608 4643 pomi,

376 4661 462 4702 annot.
473 4651 496 4708 7,
506 4657 533 4696 et
542 4661 603 4706 pag.
612 4649 661 4702 ³⁵7,
672 4657 759 4696 annot.
771 4652 791 4706 l,
801 4651 895 4706 quique
906 4653 963 4707 ipso
973 4654 999 4698 ln
1009 4653 1103 4699 itinere
1113 4657 1205 4702 obivit.

416 4727 427 4760 1
454 4722 609 4770 Notissima
618 4721 660 4766 hic
671 4727 729 4766 erat
740 4721 834 4766 Petrus
843 4720 1036 4781 ldarcarenhu,
1046 4728 1092 4771 aed
1102 4728 1161 4772 vide
1171 4740 1238 4784 quae
1248 4729 1316 4774 inira
1326 4731 1455 4786 dicuutur,
1466 4741 1491 4775 n.
1501 4729 1566 4776 m.
