3642 5350
348 411 410 472 616
812 419 941 480 Canon.
962 419 1039 480 Soc.
1058 419 1127 496 Jns.

347 557 430 622 dam
459 560 585 623 exsui
613 561 766 626 cubiculi
794 564 980 643 ministris
1011 565 1069 647 qui
1099 574 1388 646 conquereretur,
1416 565 1510 646 quod
1535 567 1580 630 ad

346 666 459 747 ipsius
474 666 618 731 domum
633 667 765 733 Rector
785 687 856 734 non
877 672 1043 749 misisset,
1064 682 1102 736 ut
1124 670 1294 753 quidquid
1310 671 1347 736 in
1365 689 1408 736 ea
1423 681 1512 749 erat,
1537 672 1581 734 ad

347 774 473 837 melius
487 775 713 839 tractandum
730 776 918 857 infirmum,
936 780 1145 858 postularet.

407 881 498 944 2657.
542 880 712 962 Religiosi
737 886 845 948 etiam
870 887 1044 966 praedicti
1067 885 1126 950 SV
1147 885 1333 950 Francisci
1357 903 1421 966 pro
1441 885 1580 952 infirmo

346 988 563 1068 peculiarem
576 990 776 1054 orationem
789 991 979 1056 iaciebant.
997 993 1149 1056 Demum
1167 1002 1267 1056 tanta
1288 1010 1370 1057 cum
1390 993 1581 1057 devotione

345 1092 534 1159 Societatis
559 1095 722 1162 doctrina
746 1097 791 1160 ab
817 1098 980 1162 omnibus
1003 1099 1266 1177 admittebatur,
1291 1108 1329 1163 ut
1352 1099 1493 1179 Comes,
1522 1101 1582 1181 qui

346 1218 528 1283 nunquam
554 1201 589 1267 id
613 1213 880 1285 expectaverat,
901 1206 1040 1284 gratias
1060 1205 1137 1269 Deo
1156 1205 1297 1285 dignas,
1319 1223 1357 1270 se
1377 1223 1486 1285 agere
1512 1224 1580 1270 non

346 1325 452 1388 posse
466 1319 690 1389 agnosceret.
706 1311 750 1374 Et
766 1329 889 1376 omnes
904 1321 1004 1376 tanta
1019 1313 1251 1376 veneratione
1272 1313 1435 1394 quemvis
1456 1314 1500 1377 de
1521 1311 1582 1377 So·

345 1417 475 1480 cietate
489 1418 811 1498 prosequebantur,
833 1430 867 1482 et
889 1419 942 1482 sic
964 1419 1188 1499 excipiebant
1209 1436 1301 1500 quae
1322 1419 1366 1482 ab
1381 1420 1469 1500 ipsis
1489 1419 1581 1483 dice·

346 1524 494 1603 bantur,
510 1535 549 1588 ut
566 1524 785 1589 confusionis
800 1526 932 1589 nostris
956 1543 1065 1590 causa
1086 1537 1215 1590 essent.
1239 1526 1284 1589 Et
1306 1543 1388 1590 cum
1410 1517 1520 1608 aliqui
1539 1545 1583 1590 ex

346 1631 479 1693 nostris
494 1633 539 1696 ad
555 1632 710 1712 aliquam
725 1633 915 1696 ecclesiam
930 1633 1207 1697 concionaturus
1222 1651 1261 1696 se
1281 1632 1504 1713 conserebat;
1522 1634 1584 1714 qui

346 1738 383 1801 id
397 1740 653 1818 postulaverat,
671 1749 706 1802 et
721 1749 816 1803 totus
831 1742 998 1820 populuS,
1021 1757 1086 1820 pro
1108 1755 1240 1818 magno
1262 1741 1397 1804 honore
1419 1738 1454 1803 id
1477 1741 1582 1804 duce·

285 1921 298 1942 '
346 1844 447 1923 bant,
463 1857 497 1908 et
512 1863 556 1908 ne
572 1846 631 1909 alii
647 1848 913 1926 praevenirent,
931 1863 1089 1910 mensem
1104 1865 1213 1910 unum
1229 1856 1421 1928 antequam
1442 1849 1581 1912 concio·

346 1952 503 2015 nandum
528 1962 632 2030 esset,
656 1971 856 2018 sermonem
878 1953 916 2018 in
936 1955 1047 2017 variis
1074 1955 1162 2018 locis
1188 1955 1427 2035 postulabant;
1452 1964 1582 2019 ettam

347 2062 478 2122 multae
497 2069 599 2122 erant
620 2059 821 2141 hujusmodi
838 2061 1106 2141 postulationes
1126 2071 1164 2124 ut
1182 2079 1247 2125 sex
1270 2061 1585 2126 concionatoribus

353 2168 537 2245 negotium
551 2166 718 2232 exhibere
738 2180 893 2248 possent.

407 2273 499 2337 2658.
543 2274 634 2338 Cum
647 2275 776 2340 Comes
798 2287 915 2340 aetate
935 2295 1045 2340 senex
1060 2287 1165 2351 esset,
1183 2287 1217 2340 et
1233 2277 1316 2340 dum
1332 2277 1484 2354 viveret,
1501 2274 1581 2340 Col·

314 2406 316 2409 ·
346 2383 479 2463 legium
494 2391 655 2446 nostrum
669 2384 828 2448 stabilire
842 2394 1002 2464 cuperet,
1020 2385 1169 2449 sollicite
1185 2385 1252 2448 hoc
1272 2385 1455 2463 negotium
1478 2399 1581 2463 urge·

346 2489 419 2552 bat.
441 2488 547 2554 Dedit
562 2501 680 2554 autem
696 2508 826 2554 nomen
841 2491 1000 2571 Collegio
1019 2491 1079 2554 gu
1100 2491 1224 2574 Jacobi
1244 2489 1407 2570 majoris,
1432 2502 1468 2553 ut
1489 2505 1582 2553 eum·

347 2596 427 2661 dem
441 2607 632 2677 patronum
647 2599 810 2677 haberet,
832 2617 937 2681 quem
960 2609 1033 2662 tota
1054 2599 1227 2680 Hispania
1250 2617 1292 2662 ac
1312 2600 1504 2680 praecipue
1527 2615 1578 2661 re·

345 2721 457 2785 gnum
479 2705 645 2770 Gallitiae
667 2707 838 2786 habebat;
865 2706 928 2770 sed
950 2717 984 2769 et
1004 2706 1043 2770 B.
1062 2706 1246 2785 Virginem
1267 2715 1457 2786 patronam
1477 2722 1579 2786 pecu·

347 2811 427 2876 liari
451 2814 590 2877 ratione
615 2815 804 2878 habebant.
831 2814 920 2878 Cum
947 2815 1042 2877 enim
1068 2814 1156 2877 nihil
1180 2814 1295 2876 nostri
1313 2813 1581 2888 intellexissent,

347 2918 622 3001 Proeptscopus,
638 2919 682 2984 de
697 2938 767 3000 quo
785 2923 893 3000 paulo
916 2932 998 2985 ante
1017 2921 1188 2998 diximus,
1204 2930 1355 2983 nostros
1374 2920 1521 2983 deduxit
1537 2920 1584 2983 ad

344 3028 526 3108 quoddam
540 3028 778 3091 eremitorium
794 3028 833 3090 B.
853 3026 992 3107 Virgini
1008 3044 1161 3103 sacrum,
1180 3041 1283 3089 extra
1298 3042 1421 3089 muros
1438 3024 1583 3089 Montis-

347 3135 448 3213 regii,
462 3145 589 3199 etcum
601 3152 728 3199 manus
739 3134 777 3198 P.
791 3135 1053 3199 Valderrabani
1063 3144 1097 3198 et
1109 3134 1147 3197 P.
1161 3134 1262 3198 Pauli
1272 3134 1580 3214 apprehendisset,

347 3242 489 3305 cuidam
504 3244 655 3321 notario,
673 3243 732 3322 qui
744 3242 880 3317 aderat,
894 3241 1058 3323 injunxit,
1075 3250 1112 3304 ut
1124 3240 1364 3304 testimoninm
1377 3239 1580 3320 conficeret,

344 3349 443 3430 quod
458 3350 671 3413 auctoritate
686 3349 853 3430 Episcopi
868 3358 1010 3412 nostros
1026 3350 1062 3411 in
1077 3348 1339 3428 possessionem
1354 3348 1447 3411 illius
1459 3346 1585 3412 domus

347 3466 384 3520 et
399 3458 572 3520 ecclesiae
591 3456 631 3519 B.
653 3456 815 3535 Virginis
834 3456 1085 3519 Remediorum
1105 3455 1169 3534 (sic
1190 3455 1283 3519 enim
1303 3454 1510 3534 dicebatur),
1531 3455 1581 3517 in·

343 3564 510 3628 ducebat.
527 3564 668 3627 Etcum
682 3564 795 3627 nostri
816 3562 993 3640 dicerent,
1016 3580 1054 3625 se
1077 3562 1294 3642 particulare
1309 3562 1518 3625 mandatum
1537 3562 1584 3625 ad

348 3672 442 3734 hanc
460 3671 724 3751 possessionem
744 3670 972 3751 capiendam,
998 3686 1068 3731 non
1089 3669 1232 3747 habere,
1256 3668 1306 3732 ait
1320 3667 1489 3731 Vicarius
1509 3684 1582 3731 non

348 3779 385 3842 id
399 3778 554 3842 referre:
580 3778 670 3841 satis
683 3778 760 3841 fore
775 3777 869 3856 quod
884 3777 928 3839 de
943 3774 1121 3839 Societate
1135 3776 1220 3857 Jesu
1235 3783 1368 3852 essent,
1387 3775 1445 3838 cui
1459 3774 1583 3838 eremi·

345 3886 476 3949 torium
492 3886 576 3949 illud
591 3885 714 3954 dabat;
736 3883 831 3964 quod
847 3883 951 3946 valde
966 3882 1098 3945 bonum
1113 3893 1207 3959 erat,
1225 3893 1260 3945 et
1275 3880 1320 3945 ad
1336 3881 1431 3962 quod
1447 3899 1492 3945 ex
1507 3890 1581 3944 toto

345 4009 457 4072 regno
470 3993 635 4057 Gallitiae
647 4002 682 4055 et
694 3990 934 4069 Portngalliae
946 3990 1058 4067 multi,
1073 3989 1274 4052 devotionis
1289 3989 1419 4067 gratia,
1435 4004 1582 4052 concur·

344 4101 483 4164 rebant.
499 4100 662 4163 Habebat
677 4110 797 4163 autem
809 4099 954 4162 domum
965 4116 1035 4160 non
1048 4097 1162 4161 solum
1174 4096 1220 4160 ad
1231 4095 1502 4175 recreationem,
1519 4094 1584 4158 sed

342 4208 391 4271 ad
405 4209 603 4287 spiritualia
619 4209 726 4270 etiam
741 4208 910 4270 exercitia
920 4205 1093 4268 tradenda
1106 4203 1209 4266 valde
1222 4204 1398 4282 idoneam,
1407 4213 1441 4266 et
1454 4215 1584 4284 quarta

345 4325 447 4395 parte
462 4318 584 4379 leucae
600 4326 739 4377 tantum
753 4316 797 4377 ab
814 4313 945 4391 oppido
964 4311 1189 4391 Montisregii
1204 4310 1370 4375 distabat.

406 4422 497 4485 2659.
541 4422 630 4485 Cum
650 4434 770 4484 autem
793 4440 813 4483 a
834 4419 981 4483 Vicario
1007 4418 1186 4499 quandam
1210 4416 1416 4480 facultatem
1440 4417 1477 4480 in
1501 4434 1584 4497 gra·

345 4530 433 4594 tiam
453 4528 674 4610 quarundam
699 4544 933 4607 personarum
955 4527 1186 4605 postulasset,
1211 4532 1323 4587 totam
1341 4524 1399 4586 ille
1416 4540 1516 4587 suam
1530 4523 1581 4587 ia·

343 4639 530 4716 cultatem,
547 4653 654 4716 quam
670 4634 932 4715 Proepiscopus
948 4632 1118 4710 habebat,
1135 4630 1180 4694 ad
1200 4630 1458 4694 absolvendum
1473 4640 1508 4695 et
1525 4646 1581 4693 sa·
