3642 5350
321 380 377 447 220
772 386 898 450 Cuaou.
919 387 995 451 Soc.
1016 389 1086 466 Jus

321 544 395 614 est;
411 550 535 599 omnes
551 532 645 601 enim
661 536 931 601 concionatores
946 538 990 601 ab
1006 538 1076 618 nis,
1102 538 1162 620 qui
1183 538 1327 605 sanitati
1347 534 1551 621 praeerant,

323 634 412 722 jussi
427 651 508 706 sunt
527 642 670 723 publica
692 644 904 708 auctoritate
931 663 952 709 a
976 646 1207 711 concionibus
1228 663 1386 727 cessare,
1409 665 1454 712 ne
1475 665 1554 729 pro·

326 760 405 831 pter
421 750 720 830 congregationes
733 750 915 816 hominum
930 754 1007 816 lues
1021 752 1194 834 pestilera
1205 762 1408 835 augeretur.

383 856 455 923 813.
499 857 594 923 Idem
610 857 650 922 Ρ.
667 858 896 924 Caesareum
912 860 950 925 Ρ.
965 861 1111 926 Alberto
1126 859 1135 892 ¹
1148 878 1213 943 pro
1225 880 1323 926 more
1339 880 1403 926 suo
1418 862 1553 928 conses-

323 966 482 1031 sionibus
503 966 689 1031 audiendis
707 968 876 1046 vacabat,
899 968 993 1032 inter
1012 985 1100 1050 quas
1120 970 1251 1033 multae
1275 969 1462 1049 generales
1480 971 1552 1035 iue-

323 1081 416 1150 runt,
433 1089 513 1137 cum
528 1090 660 1153 magua
677 1074 932 1155 poenitentium
944 1074 1156 1140 contritione
1170 1074 1300 1155 sactae;
1317 1085 1351 1140 et
1363 1086 1463 1141 tanta
1474 1088 1551 1142 erat

322 1179 782 1257 multitudoconfitentium,
801 1191 839 1245 ut
858 1182 922 1246 vix
939 1199 1095 1263 unquam
1114 1183 1228 1247 nostri
1249 1182 1453 1247 sacerdotes
1472 1200 1553 1249 con·

324 1288 435 1352 suetis
461 1288 560 1352 horis
587 1290 705 1353 cibum
734 1306 864 1370 capere
893 1276 1050 1369 possent.
1082 1288 1150 1369 Qui
1179 1299 1296 1354 autem
1324 1291 1475 1371 singulis
1497 1292 1555 1356 he·

324 1394 510 1460 bdomadis
530 1395 690 1461 confiteri
708 1397 803 1460 soliti
823 1406 936 1475 erant,
964 1397 1001 1461 in
1025 1397 1170 1479 spiritus
1193 1397 1333 1461 fervore
1358 1407 1393 1461 et
1420 1400 1555 1463 sanctis

326 1503 493 1585 operibus
517 1504 807 1585 perseverabant,
834 1511 869 1567 et
884 1504 1015 1585 partim
1031 1507 1192 1585 exemplo
1205 1506 1413 1570 humilitatis
1428 1514 1463 1570 et
1475 1507 1556 1570 cha·
1653 1492 1657 1499 ’

326 1610 454 1690 ritatis,
469 1611 601 1692 partim
613 1610 863 1675 exhortatione
872 1612 961 1676 alios
971 1612 1015 1675 ad
1028 1612 1281 1693 poenitentiam
1293 1622 1327 1676 et
1338 1612 1556 1693 frequentem

326 1736 429 1782 usum
443 1729 748 1782 sacramentorum
764 1718 979 1782 alliciebant.
997 1720 1042 1783 Et
1058 1727 1095 1783 ut
1109 1718 1179 1783 duo
1194 1729 1297 1783 erant
1310 1719 1424 1784 nostri
1440 1736 1555 1801 sacer·

328 1826 441 1906 dotes,
457 1826 487 1889 si
502 1826 625 1889 decem
641 1825 803 1904 fuissent,
819 1842 890 1890 non
906 1826 1102 1906 potuissent
1123 1827 1175 1890 eis
1190 1826 1404 1891 instruendis
1419 1826 1555 1891 satisfa-

329 1950 423 2008 cere,
439 1932 499 2014 qui
514 1931 559 1995 ad
574 1949 637 1997 eos
655 1932 889 1997 confluebant.

383 2038 454 2130 814.
498 2040 542 2103 Et
556 2040 691 2104 nobiles
705 2040 811 2122 aliqui
828 2042 898 2105 viri
914 2042 1041 2105 mirum
1061 2043 1096 2106 in
1112 2040 1255 2105 modum
1274 2040 1497 2108 devotionem
1513 2058 1556 2105 ac

324 2146 502 2212 servorem
521 2146 721 2227 hujusmodi
736 2148 919 2212 hominum
939 2148 1148 2227 laudabant,
1167 2165 1267 2228 quos,
1287 2149 1384 2214 velut
1406 2158 1554 2225 statuaS,

326 2255 525 2325 immobiles
539 2254 576 2318 in
591 2255 752 2319 oratione
769 2273 914 2320 manere
928 2257 1129 2337 stupebant.
1147 2256 1236 2321 Fere
1250 2272 1373 2321 omnes
1387 2257 1424 2322 hi
1438 2256 1474 2321 in
1489 2256 1556 2337 spi·

326 2362 514 2427 ritualibus
525 2362 707 2427 exercitiis
718 2363 854 2444 primae
868 2364 994 2428 saltem
1007 2364 1248 2429 hebdomadae
1259 2366 1392 2429 versati
1403 2364 1555 2437 fuerant,

325 2480 361 2534 et
374 2469 615 2534 meditationis
630 2488 673 2534 ac
689 2471 862 2535 orationis
877 2472 1041 2536 mentalis
1059 2482 1203 2552 gustum
1222 2472 1439 2552 retinebant;
1462 2481 1497 2534 et
1520 2470 1555 2533 in

325 2578 463 2659 aliquas
477 2576 644 2641 decurias
660 2595 699 2641 se
715 2578 813 2657 ipsos
828 2577 1043 2659 dividentes,
1060 2580 1233 2661 quosdam
1251 2579 1341 2643 inter
1357 2595 1418 2642 eos
1440 2578 1556 2659 magis

324 2695 489 2750 versatos
502 2684 539 2749 in
554 2686 660 2750 rebus
680 2687 923 2767 spiritualibus
941 2689 1159 2767 selegerunt,
1181 2697 1219 2751 ut
1239 2688 1387 2768 quisque
1406 2688 1558 2752 aliorum

326 2803 407 2858 octo
421 2794 479 2856 vel
493 2792 617 2857 decem
635 2810 760 2858 curam
776 2793 986 2875 susciperet,
1008 2805 1042 2858 et
1063 2796 1098 2858 in
1119 2794 1338 2858 orationibus
1359 2801 1558 2871 exerceret;

326 2917 369 2963 ac
385 2901 558 2965 absolutis
572 2901 737 2982 precibus
751 2901 904 2966 horariis
921 2902 959 2966 B.
975 2901 1148 2982 Virginis
1165 2911 1240 2965 tum
1254 2902 1394 2966 demum
1409 2901 1455 2964 ad
1476 2918 1558 2964 con·

325 3007 515 3072 sessionem
529 3026 590 3072 eos
605 3007 839 3088 adducebant,
854 3018 889 3073 et
904 3025 1047 3072 sacram
1072 3009 1355 3072 communionem
1375 3007 1478 3072 simul
1500 3007 1559 3071 do-

326 3113 464 3179 minicis
480 3133 522 3178 ac
536 3114 636 3179 sestis
651 3114 774 3179 diebus
785 3115 983 3192 sumebant,
1000 3125 1034 3179 et
1047 3115 1139 3196 quod
1154 3133 1277 3178 eorum
1289 3115 1424 3179 dierum
1440 3131 1558 3195 super·

327 3232 416 3301 erat,
425 3222 571 3302 psalmis
582 3222 688 3286 etiam
699 3233 734 3287 et
748 3222 967 3286 orationibus
979 3233 1013 3286 et
1023 3223 1091 3303 piis
1103 3221 1312 3287 lectionibus
1324 3222 1558 3303 occupabant.

385 3327 458 3392 815.
502 3329 592 3392 Tam
617 3331 745 3394 multos
772 3338 890 3393 autem
913 3330 1073 3394 homines
1093 3327 1282 3393 confitendi
1302 3329 1418 3409 gratia
1438 3329 1484 3393 ad
1503 3344 1557 3391 ec·

328 3436 476 3501 clesiam·
488 3445 647 3500 nostram
662 3435 896 3514 adducebant,
909 3445 949 3500 ut
961 3436 1073 3500 nostri
1090 3436 1212 3500 dolore
1229 3435 1463 3513 afficerentur,
1479 3435 1560 3514 quia

327 3562 390 3609 eos
405 3545 582 3608 instruere
597 3553 631 3608 et
645 3543 822 3609 consolari
841 3545 985 3608 minime
1006 3554 1169 3625 possent;
1191 3560 1274 3607 nam
1293 3542 1367 3607 fere
1384 3558 1506 3606 omnes
1526 3541 1563 3604 hi

328 3651 505 3732 generalis
520 3649 755 3715 consessionis
765 3650 1002 3715 instituendae
1017 3649 1194 3714 rationem
1205 3648 1346 3713 edoceri
1361 3647 1559 3728 cupiebant,

329 3767 365 3821 et
377 3756 451 3822 fere
472 3757 510 3821 ni
532 3758 692 3821 homines
707 3774 881 3839 pauperes
900 3767 1018 3837 erant,
1037 3757 1099 3839 qui
1119 3757 1285 3838 profestis
1304 3754 1426 3822 diebus
1442 3757 1562 3822 labore

330 3873 366 3928 et
381 3863 557 3930 industria
572 3865 707 3929 victum
723 3865 951 3946 quaerebant.
1183 3851 1186 3858 ’

390 3971 463 4036 816.
508 3971 660 4052 Quidam
675 3991 720 4036 ex
734 3972 1007 4054 poenitentibus,
1024 3971 1195 4037 admoniti
1209 3981 1247 4036 ut
1263 3972 1377 4036 aliena
1389 3971 1564 4053 quaedam

332 4081 558 4146 restituerent
575 4090 766 4160 antequam
781 4079 1012 4143 absolutionis
1025 4077 1234 4143 beneficium
1253 4083 1563 4160 consequerentur,

332 4187 522 4268 diligenter
537 4186 759 4268 obediebant,
776 4197 811 4251 et
825 4203 907 4250 cum
921 4186 1151 4251 absolutionis
1162 4186 1279 4267 gratia
1293 4185 1460 4266 redirent,
1474 4185 1564 4250 ailit-

332 4294 478 4358 mabant
503 4295 609 4376 quod,
635 4295 666 4359 si
692 4295 752 4359 alii
781 4293 990 4359 confessarii
1015 4311 1092 4373 eos,
1120 4291 1416 4375 quemadmodum
1440 4292 1564 4373 nostri,

333 4401 594 4479 astrinxissent,
612 4401 712 4483 prius
727 4401 848 4483 utique
863 4417 950 4466 suae
966 4400 1204 4465 conscientiae
1219 4398 1483 4464 satisfecissent.

373 4641 383 4675 ¹
411 4639 441 4685 Ρ.
452 4641 576 4686 Albertus
586 4640 766 4687 Ferrariensis
780 4642 822 4687 hic
834 4646 884 4696 est,
896 4643 927 4686 de
940 4653 989 4698 quo
1000 4641 1058 4686 ride
1069 4651 1156 4699 supra,
1166 4645 1184 4685 t.
1194 4651 1230 4696 tv,
1240 4638 1379 4696 pandi-bd,
1390 4639 1491 4686 mibi&
