3642 5350
341 427 378 488 28
799 427 927 490 Cuaou.
947 427 1025 489 Soc.
1048 429 1120 502 Jns.

339 583 413 652 tur,
441 574 525 638 dum
550 574 694 637 evocari
719 591 741 636 a
763 573 928 655 Principe
951 574 1129 638 Bavariae
1153 575 1343 654 collegium
1364 575 1527 640 viderent
1545 575 1568 638 ¹.

339 679 492 746 Deducti
519 681 660 745 fuerunt
685 681 738 745 ad.
754 679 938 745 Summum
960 679 1183 757 Pontificem,
1210 682 1271 762 qui
1293 683 1397 762 larga
1426 684 1566 748 benedi-

340 791 457 854 ctione
470 789 678 870 Apostolica
693 806 755 852 eos
769 798 980 869 prosecutus
994 798 1060 862 est;
1077 800 1112 851 et
1131 790 1241 852 multa
1256 800 1508 868 percunctatus
1523 791 1566 855 de

338 898 405 976 his,
426 897 487 978 qui
507 896 747 974 mittebantur,
768 907 803 958 et
825 905 993 976 paternas
1015 884 1281 960 exhortationes
1304 896 1485 976 adhibenS,
1509 898 1566 962 de·

235 994 239 1002 '
338 1021 435 1068 mum
449 1003 619 1067 viaticum
633 1002 685 1065 eis
699 1001 777 1066 dari
787 999 903 1081 jussit.
921 1001 991 1066 Sed
1005 1017 1218 1082 responsum
1229 1003 1297 1083 ipsi
1308 1002 1372 1067 suit
1384 1005 1480 1068 nullo
1495 1007 1566 1069 alio

338 1111 468 1176 viatico
492 1127 599 1191 quam
617 1109 729 1190 ipsius
747 1108 992 1172 benedictione
1013 1126 1103 1190 opus
1123 1109 1268 1190 habere,
1296 1127 1379 1173 nam
1399 1109 1442 1174 de
1461 1129 1565 1191 pecu·

337 1218 450 1282 niario
462 1215 537 1297 jam
552 1214 636 1306 Dux
650 1216 825 1280 Bavariae
840 1215 1067 1297 providerat.

395 1324 445 1387 73.
489 1323 638 1388 Multum
652 1323 807 1386 laetitiae
822 1332 857 1386 et
872 1321 1132 1386 aedificationis
1146 1339 1228 1387 cum
1240 1325 1402 1389 omnibus
1414 1325 1562 1390 circum·

336 1433 510 1496 stantibus
524 1425 1000 1522 ostendit‚'quemadm0dum
1014 1438 1050 1493 et
1064 1429 1173 1511 aliqui
1190 1449 1235 1494 ex
1249 1431 1464 1512 primoribus
1478 1433 1563 1497 Car-

336 1539 522 1616 dinalibuS,
539 1553 628 1617 quos
641 1536 691 1600 illi
706 1545 789 1600 ante
803 1553 983 1599 recessum
998 1538 1256 1616 salutaverunt;
1274 1547 1309 1601 et
1323 1539 1373 1602 ita
1389 1556 1484 1602 nona
1506 1538 1563 1603 die

335 1647 440 1729 Junii,
455 1645 586 1726 partim
600 1643 747 1724 pediteS,
762 1642 892 1724 partim
912 1643 1059 1723 equites,
1080 1643 1199 1707 itineri
1219 1663 1258 1708 se
1279 1645 1463 1725 dederuut;
1479 1664 1562 1710 nam

335 1761 513 1818 trecentos
531 1768 659 1815 aureos
677 1748 714 1813 in
733 1749 904 1813 viaticum
930 1748 1087 1828 miserat,
1112 1767 1158 1814 ex
1180 1751 1308 1831 quibus
1329 1752 1463 1834 aliquot
1481 1753 1562 1835 equi

335 1859 481 1924 adhibiti
494 1858 635 1922 suerunt
649 1873 714 1938 pro
729 1871 839 1936 more,
862 1872 933 1936 quo
954 1867 1038 1920 tunc
1058 1854 1218 1921 Societas
1240 1858 1416 1942 utebatur,
1433 1860 1480 1928 ita
1496 1857 1559 1941 [ut]

333 1985 397 2050 per
411 1967 510 2030 vices
525 1966 682 2046 equitare
696 1973 851 2045 possent,
868 1972 903 2026 et
918 1963 955 2027 in
969 1964 1071 2044 equis
1086 1965 1251 2029 sarcinae
1265 1964 1498 2029 deferrentur.

392 2075 443 2137 74.
486 2072 658 2152 Quartum
670 2070 869 2150 collegium,
883 2069 1018 2134 scilicet
1028 2069 1251 2148 Amerinum,
1264 2072 1332 2135 hoc
1346 2072 1454 2135 etiam
1465 2090 1560 2135 anno

332 2182 537 2246 inchoatum
550 2188 615 2241 est.
632 2177 762 2242 Missus
780 2176 900 2240 suerat
918 2175 958 2240 P.
974 2175 1127 2240 Michael
1145 2176 1303 2241 Botellus
1318 2176 1330 2208 ¹
1344 2178 1560 2242 valetudinis

331 2289 448 2368 gratia
463 2285 645 2376 Ameriam
664 2293 710 2363 et,
731 2283 923 2346 conciones
945 2283 1084 2363 aliquas
1102 2283 1250 2362 habens,
1270 2286 1440 2365 populum
1460 2285 1558 2349 illum

331 2379 558 2459 vehementer
581 2389 829 2465 inflammavit;
858 2399 893 2452 et
921 2388 970 2451 ita
997 2389 1133 2454 amicus
1154 2387 1355 2469 Societatis,
1384 2390 1560 2455 Dominus

330 2501 478 2566 Doimus
492 2497 644 2563 Nascius
658 2495 681 2577 ⁸,
698 2496 905 2560 facultatem
920 2513 941 2558 a
956 2495 995 2559 Ρ.
1013 2495 1150 2576 Ignatio
1165 2499 1358 2576 postulavit
1373 2498 1419 2561 ad
1434 2515 1556 2578 quam·

329 2609 413 2672 dam
426 2607 613 2671 ecclesiam
627 2613 662 2668 et
677 2604 820 2667 domum
835 2602 1094 2685 accipiendam,
1115 2603 1175 2666 ubi
1196 2604 1385 2685 collegium
1399 2606 1555 2669 institue·
1622 2665 1627 2675 ,

330 2728 426 2781 retur
441 2713 464 2792 ⁴,
486 2714 580 2795 quod
603 2708 708 2791 hujus
729 2710 880 2774 Romani
902 2711 1007 2791 quasi
1031 2712 1227 2775 membrum
1251 2722 1356 2791 esset,
1383 2712 1460 2777 sine
1484 2714 1555 2777 ulla

329 2822 555 2903 obligatione:
584 2831 620 2882 et
643 2819 693 2882 ita
717 2835 775 2882 res
801 2826 984 2881 transacta
1016 2815 1094 2881 fuit.
1123 2818 1168 2881 Et
1196 2827 1316 2882 tamen
1344 2820 1558 2883 succedente

328 2930 433 3011 paulo
449 2938 528 3009 post
550 2926 761 3007 migratione
782 2923 820 2989 P.
838 2924 978 3003 Ignatii,
999 2924 1069 2987 duo
1090 2934 1228 2989 tantum
1244 2943 1290 2989 ex
1303 2928 1435 2989 nostris
1450 2926 1555 2991 Ame-

328 3038 402 3101 riae
415 3036 484 3099 hoc
499 3052 592 3098 anno
605 3032 737 3095 versati
753 3038 845 3094 sunt.

388 3142 438 3205 75.
483 3124 655 3219 Quamvis
670 3138 777 3216 aliqui
792 3155 837 3200 ex
851 3137 983 3200 nostris
994 3135 1069 3217 jam
1085 3138 1215 3200 multos
1230 3154 1345 3201 annos
1360 3136 1554 3220 [Coloniae]

329 3251 535 3323 residerent,
562 3249 677 3310 nullus
701 3256 821 3309 tamen
843 3262 889 3307 ex
918 3244 1050 3307 nostris
1073 3245 1211 3324 publice
1240 3245 1400 3324 docebat,
1427 3248 1552 3311 necin

327 3358 415 3422 locis
439 3354 691 3419 celebrioribus
720 3350 1009 3415 concionabatur.
1039 3349 1195 3431 Optabat
1222 3360 1340 3415 autem
1365 3352 1403 3417 P.
1424 3354 1552 3418 Gerar·

326 3467 406 3542 dua,
433 3462 534 3526 Prior
559 3460 780 3537 Carthasiae,
808 3467 842 3521 et
868 3458 932 3521 Dr.
955 3456 1170 3537 Groperus³
1195 3459 1392 3539 Collegium
1416 3462 1551 3525 institui

324 3571 492 3637 Coloniae
507 3584 607 3631 more
622 3567 772 3629 aliorum
787 3564 1017 3645 collegiorum
1036 3564 1237 3648 Societatis,
1261 3570 1317 3633 cui
1338 3570 1381 3632 de
1397 3569 1501 3633 domo
1516 3580 1551 3631 et

362 3813 370 3844 ¹
400 3812 467 3855 Vide
479 3810 574 3853 Carens
584 3808 617 3852 de
628 3806 683 3851 San
694 3806 812 3859 lauacro,
823 3812 841 3849 t.
854 3816 891 3859 vr,
903 3816 964 3859 pag.
974 3806 1064 3849 493-512
1074 3814 1099 3851 et
1113 3808 1212 3863 tal-318,
1228 3811 1272 3853 ubi
1287 3822 1337 3853 non
1352 3811 1427 3854 modo
1440 3812 1550 3855 consilia

323 3884 409 3928 Sancti
421 3882 543 3927 Parentis
553 3881 584 3924 de
594 3886 735 3935 properata
746 3880 837 3922 horum
847 3878 975 3921 sodalium
983 3879 1103 3923 mlssione
1111 3882 1243 3934 explicata
1251 3882 1366 3925 invenies
1373 3885 1552 3936 ‹sasplcaban-

322 3965 364 4001 tur
374 3957 441 4001 enim
450 3954 563 3998 nonnulli
575 3950 713 3995 haereticis
725 3950 821 3993 Ducem
829 3949 939 4000 favere„
948 3950 993 3992 sed
1009 3951 1089 3995 etiarn
1101 3952 1170 3995 illius
1179 3952 1388 3997 Instructionem
1403 3955 1458 3997 sive
1474 3956 1549 3999 docu-

321 4036 408 4072 menta
418 4028 450 4071 ud
461 4036 621 4071 communem
631 4022 771 4067 utilitatem
786 4034 818 4064 ex
829 4021 945 4074 collegio
960 4024 1236 4075 promovendam—De
1250 4025 1382 4069 Pontificis
1395 4037 1483 4071 autem
1499 4030 1548 4071 sol·

319 4099 459 4150 llcitudlue,
472 4110 501 4141 ne
517 4096 662 4142 lutheranis
672 4094 777 4138 nimium
787 4092 845 4136 Dux
855 4091 986 4137 Bavarlae
996 4094 1107 4146 faveret,
1122 4096 1182 4139 vide
1194 4096 1365 4146 Rhamnai.
1376 4110 1407 4152 c.,
1418 4109 1476 4142 ann.
1487 4099 1548 4150 1556,

319 4184 336 4217 a
347 4184 370 4215 n.
383 4182 426 4213 xlx
437 4170 469 4213 ad
481 4180 533 4213 xxa.

359 4242 371 4275 ¹
398 4240 522 4292 Botellus,
531 4238 685 4294 Bottegllus,
696 4238 815 4289 Botelho.
825 4241 950 4295 scriptum
963 4238 1102 4294 reperitur.
1111 4238 1209 4282 Gratus
1222 4239 1263 4283 hic
1274 4240 1437 4284 auditoribus
1447 4243 1548 4287 concio·

318 4320 402 4360 nator:
413 4314 498 4357 iactus
508 4318 547 4355 est
560 4310 687 4355 Sacerdos
702 4322 768 4355 anno
783 4312 844 4356 1551.
859 4312 927 4355 Vlde
940 4322 1028 4365 supra,
1039 4318 1058 4355 t.
1069 4321 1105 4363 tv,
1121 4322 1181 4364 pag.
1194 4311 1242 4359 2ll.
1252 4323 1276 4354 n.
1292 4311 1341 4362 tto,
1351 4319 1377 4355 et
1388 4312 1464 4367 inira,
1474 4326 1498 4358 n.
1510 4314 1550 4358 1⁹3

319 4394 345 4431 et
355 4396 463 4498 :aalide
473 4464 559 4507 supra.
573 4460 591 4497 t.
602 4464 627 4503 v,
638 4464 691 4507 pag
709 4453 743 4507 43,
754 4465 781 4497 ιι.
789 4452 824 4507 at;
835 4460 861 4496 et
873 4453 949 4502 inira,
959 4453 1002 4496 ubl
1013 4454 1101 4506 agitur
1112 4454 1143 4497 de
1153 4452 1269 4506 Colleglo
1284 4454 1417 4510 Amerino,
1433 4465 1449 4500 ι
1464 4467 1489 4501 ιι.
1500 4455 1547 4500 193.

357 4530 369 4562 ⁴
397 4526 519 4570 Clausala
531 4524 595 4569 haec
606 4525 709 4579 adlecta
719 4532 758 4568 est
769 4536 830 4569 orae
841 4524 953 4578 paginae
963 4525 996 4567 ab
1008 4525 1118 4579 ipsomet
1129 4524 1249 4569 Polanco.

357 4600 368 4631 ⁵
396 4598 479 4641 Erant
499 4596 526 4640 hi
546 4594 684 4639 Societails
699 4597 858 4649 amicissimi,
873 4604 902 4640 ut
917 4596 1007 4640 uidere
1022 4602 1062 4640 est
1082 4598 1106 4641 in
1121 4596 1259 4641 Cartasde
1274 4598 1330 4641 San
1340 4598 1461 4652 Ignacio,
1474 4604 1494 4642 t.
1508 4609 1546 4652 vr,

316 4682 375 4727 pag.
385 4668 433 4721 218,
443 4674 531 4712 annot.
541 4668 562 4711 l.
575 4666 670 4712 Eorum
680 4668 769 4713 laudes
779 4669 982 4713 cumulatissime
992 4671 1157 4724 prosequitur
1170 4669 1297 4714 Polancas
1306 4670 1383 4726 inira,
1394 4682 1409 4714 a
1420 4682 1444 4714 n.
1456 4669 1518 4714 17³).
