3642 5350
765 435 831 496 Au.
851 433 920 493 1550
1422 439 1461 498 83

224 581 365 644 ratione
387 588 529 645 nostros
548 580 864 661 prosequebantur,
886 590 924 645 ut
944 582 1061 646 clerus
1075 580 1192 644 omnis
1205 581 1315 660 longo
1332 582 1457 646 ordine

227 687 272 752 ad
289 696 499 768 suggestum
512 688 800 752 concionatorem
815 687 1005 752 deduceret
1020 697 1055 752 et
1066 689 1110 751 ab
1122 688 1247 752 eodem
1258 688 1456 768 reduceret,

228 804 263 859 et
278 813 323 858 ex
337 795 519 858 canonicis
533 795 716 875 praecipui
731 795 859 876 quique
878 795 1022 872 nostris,
1044 811 1149 858 sacra
1167 794 1391 873 facientibus,
1407 797 1456 858 iu·

229 900 445 978 serviebant,
462 900 566 981 idque
581 910 681 964 tanto
696 900 824 981 studi0,
844 913 881 964 ut
901 902 983 966 licet
1004 901 1129 978 nostri,
1152 911 1191 964 ut
1210 919 1275 982 par
1290 911 1379 980 erat,
1397 903 1458 965 ob·

228 1009 310 1072 nixe
324 1008 571 1087 reniterentur,
588 1025 661 1072 non
676 1018 795 1072 tamen
810 1009 846 1072 id
860 1018 1006 1089 possent
1025 1009 1163 1071 evitare
1177 1012 1200 1068 ¹.

286 1113 357 1179 270.
401 1114 638 1195 Quatriduum
666 1115 714 1179 ibi
742 1116 972 1193 commorati,
1008 1114 1234 1180 Camerinum
1263 1126 1344 1179 sunt
1373 1133 1454 1196 pro·

227 1223 353 1303 gressu
371 1239 454 1286 nam
470 1221 668 1303 Episcopus
683 1239 814 1302 magno
831 1241 913 1286 cum
923 1221 1099 1287 desiderio
1112 1239 1173 1285 eos
1184 1230 1452 1302 expectaverat,

226 1329 334 1393 immo
353 1330 609 1410 postulaverat,
631 1347 698 1393 nec
718 1330 847 1393 minori
862 1346 943 1392 cum
961 1329 1097 1393 laetitia
1114 1346 1176 1392 eos
1195 1329 1334 1409 excepit
1348 1329 1371 1392 ¹.
1392 1328 1456 1393 Co·

227 1437 418 1501 mitabatur
432 1435 469 1500 P.
487 1437 753 1500 Emmanuelem
768 1437 913 1517 quidam
928 1435 966 1499 P.
982 1435 1133 1499 Carolus
1150 1452 1193 1498 ac
1207 1433 1319 1499 frater
1335 1446 1457 1499 noster

226 1542 437 1607 Hortensius
458 1541 655 1606 Androtius
677 1541 699 1606 ³.
724 1542 950 1606 Gubernator
975 1540 1081 1606 etiam
1105 1543 1180 1623 ipse
1200 1533 1374 1621 civitatiS,
1397 1544 1457 1624 qui

228 1667 309 1713 cum
337 1649 514 1730 Episcopo
539 1649 785 1714 benevolentia
811 1659 845 1713 et
869 1650 1131 1713 existimatione
1152 1649 1196 1712 de
1220 1649 1352 1713 nostris
1376 1666 1456 1712 con·

227 1767 330 1838 cepta
350 1758 523 1834 certabat,
541 1767 730 1838 antequam
746 1775 767 1820 a
787 1757 918 1820 nostris
932 1757 1159 1835 salutaretur,
1175 1766 1378 1820 nostrorum
1398 1755 1457 1820 ad·

228 1874 384 1940 ventum,
401 1874 477 1928 tota
490 1865 578 1928 urbe
593 1866 677 1929 tuba
691 1865 931 1945 praecinente,
948 1864 1111 1928 nunciari
1117 1862 1234 1955 jussit,
1259 1864 1305 1927 ad
1319 1865 1456 1928 concio·

228 1989 291 2036 nes
305 1981 340 2035 et
355 1971 568 2034 christianae
584 1971 767 2035 doctrinae
788 1971 960 2034 lectiones
980 1970 1151 2034 excitavit
1171 1978 1206 2033 et
1229 1971 1454 2035 convocavit.

226 2077 399 2158 Exemplo
421 2086 539 2140 autem
565 2094 629 2141 suo
654 2086 727 2140 tam
749 2077 947 2157 Episcopus
968 2093 1075 2156 quam
1099 2076 1327 2140 Gubernator
1345 2086 1380 2139 et
1398 2076 1459 2140 alii

227 2185 414 2266 optimates
438 2183 605 2263 civitatis,
633 2183 716 2248 dum
745 2184 900 2264 quotidie
930 2181 1132 2262 hujusmodi
1158 2183 1388 2247 concionibus
1415 2201 1457 2247 ac

224 2292 434 2356 lectionibus
448 2291 633 2370 intersunt,
655 2291 877 2370 negligentes
896 2299 931 2354 et
955 2291 1129 2354 adversos
1150 2291 1194 2353 ab
1216 2288 1284 2353 hac
1305 2290 1362 2370 pia
1381 2289 1457 2354 fun-

225 2400 354 2476 ctione,
371 2398 402 2461 si
417 2397 476 2479 qui
491 2398 580 2460 tales
594 2406 705 2475 erant,
723 2397 926 2460 alliciebant
941 2407 976 2460 et
991 2396 1203 2460 invitabant.

285 2505 356 2568 271.
399 2503 678 2569 Existimaverat
702 2503 843 2585 quidem
861 2503 898 2567 P.
920 2504 1130 2568 Emmanuel
1149 2521 1231 2566 cum
1249 2504 1368 2583 pueris
1390 2504 1457 2566 sibi

228 2611 405 2693 agendum
420 2627 509 2691 esse;
525 2611 587 2675 sed
603 2628 685 2675 eum
699 2610 834 2692 primus
849 2610 905 2675 ille
916 2609 1002 2689 dies,
1016 2627 1085 2691 quo
1101 2610 1294 2689 inchoavit,
1311 2611 1457 2675 domini-

228 2738 292 2785 cus
307 2729 411 2799 esset,
436 2719 535 2800 pueri
559 2736 630 2782 non
654 2726 840 2798 venerunt;
868 2717 932 2781 sed
953 2735 1076 2781 eorum
1100 2719 1218 2781 locum
1241 2728 1365 2797 patres
1378 2736 1457 2799 sup·

227 2830 423 2909 pleverunt.
440 2826 485 2891 Et
499 2824 598 2890 initio
613 2824 755 2905 quidem
769 2824 901 2905 frigere
922 2823 1110 2888 videbatur
1130 2824 1359 2903 auditorium,
1374 2844 1458 2889 nam

227 2950 348 2997 mense
362 2933 454 3016 Julio
476 2933 529 3012 (eo
549 2933 643 2996 enim
663 2941 822 3011 tempore
842 2929 1069 2995 Camerinum
1086 2933 1245 3010 venerat)
1267 2932 1359 2995 sicut
1379 2933 1458 2995 soli-

225 3049 285 3105 tae
299 3058 371 3104 non
385 3049 498 3118 eraut,
515 3039 562 3103 ita
577 3056 644 3104 nec
659 3048 879 3119 opportunae
894 3039 1084 3101 conciones
1103 3038 1327 3119 videbantur;
1345 3040 1408 3103 sed
1422 3041 1458 3103 in

227 3164 420 3229 progressu
435 3146 645 3211 concionum
661 3144 826 3225 tepiditas
841 3146 901 3207 illa
917 3145 953 3208 in
973 3144 1151 3209 servorem
1167 3146 1363 3209 maximum
1379 3163 1459 3209 con-

227 3271 333 3317 versa
348 3264 412 3333 est,
428 3271 498 3335 quo
513 3271 556 3316 ea
571 3252 699 3315 civitas
714 3250 840 3315 ardere
856 3251 1056 3331 videbatur;
1073 3262 1154 3331 post
1169 3252 1321 3331 primam
1336 3262 1457 3317 autem

270 3456 281 3491 ¹
309 3456 375 3502 Vide
386 3458 434 3501 loc.
444 3456 489 3501 clt.
501 3456 566 3501 ibid.
1193 3494 1196 3503 ,

267 3529 281 3562 ¹
307 3528 373 3573 Erat
388 3529 429 3572 hic
446 3526 588 3582 Episcopus
604 3526 734 3571 Berardus
749 3526 937 3582 Bonglovanni,
953 3527 984 3570 de
999 3538 1049 3582 quo
1060 3526 1125 3570 haec
1136 3527 1274 3572 Uesaeuus
1284 3530 1366 3573 insua
1376 3528 1459 3572 ltalia

228 3610 319 3651 sacra,
333 3606 344 3643 t
368 3611 385 3653 1,
400 3601 449 3644 col.
466 3598 513 3651 566,
530 3611 554 3643 n.
569 3599 602 3641 ⁶¹32
617 3598 762 3642 “Berardus
775 3598 939 3653 Bonioannes
953 3597 1092 3647 Romanus,
1106 3610 1186 3652 nepos
1202 3600 1309 3643 Antonii
1321 3599 1410 3652 Jacobi
1420 3601 1460 3643 sui

227 3671 447 3727 praedecessoris,
457 3682 473 3715 a
483 3670 566 3715 Paulo
576 3669 613 3713 111
624 3672 723 3713 electus
734 3676 774 3713 est
785 3669 929 3724 Episcopus
939 3680 1006 3713 anno
1018 3670 1078 3722 1537,
1089 3670 1131 3714 die
1140 3670 1155 3714 5
1164 3672 1258 3715 mensis
1268 3670 1364 3715 Martii.
1373 3671 1460 3714 Scien-

228 3743 265 3787 tia
276 3743 437 3797 theologicae
448 3741 583 3786 facultatis
594 3740 704 3785 maxime
716 3742 846 3789 inclaruit,
857 3741 893 3785 lta
904 3748 932 3784 ut
946 3740 1093 3785 summatim
1104 3753 1135 3786 ea
1150 3744 1276 3798 mysteria
1286 3742 1379 3794 omnia,
1395 3753 1461 3796 quae

227 3811 253 3855 in
263 3824 296 3857 ea
305 3812 431 3857 facultate
442 3814 526 3856 solent
537 3812 648 3855 tractari
658 3811 823 3865 enodarlqne,
835 3812 860 3854 in
875 3822 953 3855 unum
964 3812 1083 3855 volumen
1094 3814 1255 3867 compulerit,
1266 3814 1312 3857 Pio
1323 3813 1359 3856 lv
1371 3812 1461 3857 inseri·

226 3889 301 3936 ptum
310 3894 341 3927 sc
352 3882 447 3927 Romae
458 3883 588 3927 emissum.
604 3881 656 3927 Sub
671 3882 753 3926 Paulo
767 3880 804 3925 Ill
819 3881 986 3927 Picenatlbns
1000 3882 1178 3938 incorruptum
1190 3884 1233 3939 lus
1249 3883 1324 3938 dixit,
1340 3895 1398 3927 cum
1413 3884 1465 3927 Ra·

226 3954 318 3998 nuccio
334 3952 459 3998 Farnesio
474 3954 529 4009 ejus
545 3952 698 3997 Provinciae
714 3951 816 4007 Legato
831 3952 966 3997 vicariam
981 3964 1087 4008 operam
1102 3960 1259 4009 praestaret.
1271 3955 1347 4009 Apud
1363 3954 1462 4008 Regem

228 4025 349 4069 Poloulse
361 4036 408 4080 pro
416 4024 462 4068 Pio
473 4022 511 4068 1v
521 4024 722 4079 prudentissima
734 4025 862 4077 legatione
878 4023 982 4069 iunctus
998 4030 1046 4079 est,
1057 4026 1225 4081 interfuitque
1236 4026 1386 4069 Tridentino
1397 4025 1462 4069 Con·

226 4096 297 4151 cilio,
314 4096 340 4141 in
356 4108 405 4152 quo
421 4102 553 4151 tamquam
570 4096 595 4139 ln
613 4096 677 4139 bene
694 4096 826 4151 explicato
841 4105 932 4150 campo
948 4096 982 4139 ad
997 4096 1130 4151 pietatem,
1146 4098 1179 4141 ad
1194 4098 1313 4151 gloriam,
1328 4098 1462 4142 doctrinae

226 4180 290 4214 suae
306 4168 378 4211 vires
398 4168 550 4222 explicavit.
565 4166 633 4211 Suae
649 4165 816 4211 Cathedralis
837 4178 959 4221 magnam
975 4176 1079 4221 partem
1093 4169 1147 4223 ipse
1164 4169 1343 4222 reficiendam,
1360 4177 1461 4214 restau-

226 4239 386 4293 tandemque
397 4238 509 4291 curavit,
521 4237 596 4293 inque
607 4248 708 4282 summa
720 4238 832 4282 caritate
843 4249 962 4282 annonae
977 4250 1106 4294 pauperes
1118 4241 1304 4294 propemodum
1321 4241 1388 4285 lame
1405 4252 1464 4284 ene·

227 4310 382 4356 ctoseffusis
396 4310 577 4355 liberalissime
592 4310 702 4362 horreis,
718 4310 784 4353 aluit
799 4318 878 4365 atque
893 4310 968 4363 fovit,
983 4310 1167 4356 Communitatl
1183 4310 1350 4357 Camertinae
1365 4313 1397 4357 sd
1414 4312 1463 4356 hoc

228 4383 313 4437 ipsum
324 4382 509 4436 praestandum
519 4382 588 4425 mille
599 4381 734 4425 attributis
744 4381 833 4425 scutis.
844 4380 985 4430 Fundavlt.
996 4382 1131 4437 erexitque
1145 4394 1224 4437 prope
1240 4382 1404 4427 Camerinam
1414 4383 1464 4426 Ec·

228 4454 336 4497 eleslsm
344 4459 523 4507 sumptuosum
533 4463 719 4507 operosumque
727 4453 862 4507 palatium,
874 4453 942 4507 quod
957 4458 1040 4497 morte
1054 4458 1220 4507 praeventus,
1231 4465 1299 4498 anno
1317 4455 1377 4509 tait,
1387 4454 1428 4498 die
1440 4454 1465 4495 12

228 4524 325 4569 mensis
346 4522 519 4579 Septembris,
536 4524 604 4569 haud
626 4526 763 4568 absolvere
785 4525 879 4579 potuim
900 4523 1009 4568 Praesui
1024 4535 1087 4569 sane
1111 4525 1181 4569 haud
1203 4525 1319 4571 desitura
1340 4526 1465 4571 memoria

228 4596 364 4651 dignus...„

275 4666 289 4700 ⁸
315 4667 381 4711 Vide
390 4678 478 4723 snpra,
486 4678 546 4723 psg.
555 4668 577 4723 7,
588 4679 612 4711 n.
624 4667 657 4711 10.
