3642 5350
1407 14 1795 175 ἰ’

413 438 469 499 738
873 442 1001 503 Canon.
1022 440 1100 503 Soc.
1120 440 1192 518 Jss.

413 589 596 671 religionis
613 591 731 672 gratia
745 591 885 665 occisus
903 601 958 656 est
973 608 1054 657 eum
1074 592 1202 659 multis.
1215 592 1334 673 sociis,
1355 589 1556 677 aDomino
1574 592 1643 660 luit

414 698 604 780 expletum.

472 805 563 872 3196.
606 807 894 873 Admittebantur
909 808 955 874 ad
969 808 1113 875 domum
1126 810 1364 891 probationis,
1388 820 1480 892 quae
1493 808 1643 891 coniun·

412 925 470 979 cta
484 924 562 980 erat
576 931 658 981 cum
672 916 741 981 hac
755 914 860 981 domo
876 915 1119 997 professorum
1132 915 1193 982 ὅθί
1208 915 1333 997 Rocbi,
1350 919 1563 1000 complures,
1580 919 1643 1001 qui

410 1022 457 1088 ad
475 1020 663 1090 Societatis
682 1024 881 1091 institutum
903 1042 925 1090 a
943 1024 1100 1090 Domino
1119 1025 1374 1106 movebantur;
1396 1036 1430 1090 et
1451 1040 1644 1108 postquam

411 1131 549 1212 probati
562 1132 599 1196 in
613 1130 804 1198 virtutibus
820 1132 951 1218 ibidem
966 1134 1118 1214 fuerant,
1135 1143 1169 1197 et
1184 1133 1371 1198 exercitati
1382 1133 1583 1215 diligenter,
1595 1134 1643 1199 ad

411 1236 608 1320 Collegium
621 1238 680 1305 S.⁸¹
696 1240 844 1306 Antonii
858 1242 966 1306 studii
984 1241 1103 1322 gratia
1123 1241 1372 1322 mittebantur,
1394 1250 1429 1307 et
1447 1250 1532 1308 tunc
1550 1241 1643 1325 ipso·

411 1364 491 1411 rum
504 1348 583 1412 loco
598 1349 659 1413 alii
674 1348 962 1415 admittebantur.

469 1454 560 1520 3197.
604 1455 694 1522 Cum
713 1473 778 1537 pro
798 1474 887 1538 pace
904 1454 1098 1537 jubilaeum
1122 1456 1289 1523 Summus
1308 1455 1473 1522 Pontifex
1495 1467 1643 1523 conces·

410 1562 527 1643 sisset,
542 1562 609 1627 sub
623 1562 761 1629 initium
776 1565 923 1630 aestatis
936 1565 968 1630 is
983 1566 1227 1647 promulgatus
1237 1571 1312 1645 est,
1328 1573 1364 1629 et
1377 1564 1560 1630 hominum
1579 1582 1642 1629 cu·

406 1666 523 1749 iusvis
533 1671 757 1752 conditionis,
766 1682 802 1737 et
813 1672 1004 1754 praecipue
1015 1672 1196 1753 nobilium,
1206 1690 1403 1739 concursus
1412 1668 1525 1753 major
1533 1690 1642 1755 quam

410 1778 960 1859 unquamaliasinecclesia8t1
976 1778 1090 1845 Rocbi
1103 1778 1186 1859 fuit,
1201 1788 1238 1844 et
1251 1780 1416 1860 quamvis
1429 1798 1477 1845 ex
1489 1780 1564 1861 his,
1579 1780 1643 1862 qui

409 1884 669 1951 confitebantur
695 1887 847 1967 nostris,
875 1886 936 1951 alii
963 1887 1047 1951 alibi
1072 1887 1395 1968 communicarent,
1423 1888 1641 1970 septingenti

410 1991 479 2058 bac
494 1993 684 2060 occasione
699 1994 829 2060 ibidem
843 1994 1162 2059 communicarunt.

469 2098 562 2164 3198.
604 2100 643 2167 Ρ.
663 2101 879 2167 Franciscus
896 2100 1073 2182 Enriquez
1092 2102 1128 2166 in
1154 2101 1268 2167 officio
1288 2101 1537 2169 Procuratoris
1555 2101 1640 2167 Pro·

411 2208 552 2273 vinciae
566 2206 662 2274 Patri
685 2209 906 2275 Emmanueli
925 2207 1067 2274 Godino
1088 2209 1277 2289 successit,
1301 2226 1382 2275 cum
1400 2210 1460 2275 ille
1481 2209 1640 2290 collegio

409 2312 469 2379 Si¹
492 2314 639 2381 Antonii
660 2315 792 2383 Rector
811 2316 1013 2398 praefectus
1036 2327 1109 2381 est:
1132 2333 1255 2381 omnes
1274 2326 1394 2381 tamen
1418 2316 1639 2397 sacerdotes,

409 2421 515 2487 etiam
531 2423 647 2506 ipsum
661 2422 700 2488 P.
717 2422 977 2489 Provincialem
993 2423 1014 2503 ¹,
1029 2423 1068 2488 P.
1088 2423 1232 2503 Torres,
1252 2422 1552 2491 confessariorum
1565 2442 1640 2489 mu·

409 2546 494 2593 nere
507 2529 610 2611 iungi
624 2548 770 2597 necesse
785 2541 873 2611 erat;
889 2540 963 2595 tam
976 2530 1078 2595 multi
1091 2530 1186 2594 enim
1199 2531 1236 2595 in
1251 2530 1469 2611 amplissima
1483 2531 1544 2596 illa
1554 2531 1639 2597 civi·

408 2645 481 2704 tate
495 2638 542 2704 ad
555 2648 697 2705 nostros
712 2639 945 2706 confessionis
958 2640 1076 2719 gratia
1089 2637 1360 2720 conveniebant,
1372 2648 1412 2705 ut
1422 2655 1507 2704 raro
1518 2638 1638 2704 admo-

407 2747 492 2813 dum
501 2747 604 2813 sedes
614 2746 916 2814 confessariorum
925 2764 1064 2812 vacuae
1074 2747 1329 2812 invenirentur.
1340 2747 1519 2813 Audiebat
1531 2748 1638 2812 etiam

406 2853 444 2919 P.
461 2854 696 2921 Provincialis
710 2854 841 2920 Torres
855 2854 1013 2934 Reginae
1028 2853 1304 2934 consessionem,
1320 2855 1380 2920 cui
1393 2854 1498 2919 valde
1510 2863 1638 2936 gratus

406 2971 499 3043 erat,
527 2964 622 3045 quod
645 2964 742 3028 vitae
767 2961 842 3043 ejus
861 2963 1060 3044 exemplum
1085 2970 1120 3026 et
1145 2961 1334 3043 prudentia
1358 2962 1395 3027 in
1420 2961 1498 3027 dies
1519 2963 1638 3042 magis

404 3069 520 3135 eidem
535 3079 570 3134 et
583 3057 663 3135 aliis
675 3069 929 3136 innotescebat.

464 3177 555 3243 3199.
599 3177 688 3242 Cum
702 3176 746 3241 de
761 3177 858 3242 obitu
869 3175 907 3240 P.
924 3175 1051 3256 ignatii
1064 3176 1144 3244 Rex
1157 3177 1288 3242 certior
1301 3176 1419 3242 iactus
1433 3187 1540 3258 esset,
1552 3193 1634 3258 gra·

404 3285 497 3349 viter
511 3302 597 3350 sane
612 3285 647 3350 id
662 3285 752 3364 tulit,
765 3295 803 3350 ut
815 3285 889 3350 suis
900 3285 1028 3350 litteris
1039 3283 1085 3349 ad
1095 3283 1134 3349 P.
1147 3285 1304 3366 Laynez,
1318 3284 1517 3366 Vicarium,
1528 3294 1634 3350 testa·

404 3404 472 3473 tur,
496 3403 532 3458 et
553 3393 598 3458 ad
618 3393 826 3458 electionem
844 3394 930 3457 novi
953 3391 1163 3474 Praepositi,
1186 3409 1293 3474 quem
1316 3392 1456 3472 ignatio
1482 3393 1634 3474 simuem

403 3500 578 3581 cupiebat,
594 3499 699 3564 Dm
717 3500 942 3578 Torrensem,
958 3497 1230 3580 Provincialem,
1246 3498 1293 3564 ad
1309 3498 1634 3581 Congregationem

405 3609 525 3672 venire
539 3625 620 3673 cum
635 3609 760 3687 sociis,
777 3625 849 3673 non
863 3609 978 3672 solum
993 3608 1189 3687 consensit,
1209 3606 1273 3672 sed
1291 3607 1506 3689 quingentos
1524 3609 1633 3674 etiam

401 3731 530 3796 aureos
543 3716 579 3780 in
594 3717 766 3781 viaticum
778 3715 885 3792 dedit;
902 3726 937 3780 et
951 3732 1016 3780 suo
1031 3715 1167 3796 Legato
1178 3715 1273 3796 apud
1284 3713 1491 3780 Pontificem
1500 3716 1631 3782 litteris

401 3821 568 3904 injunxit,
586 3833 624 3888 ut
646 3841 889 3906 quaecumque
909 3823 1025 3888 officia
1038 3841 1104 3888 suo
1119 3824 1260 3888 nomine
1279 3823 1477 3904 exhiberet,
1497 3841 1589 3906 quae
1608 3843 1633 3890 a

401 3931 533 3997 nostris
557 3930 706 3997 fuissent
734 3931 910 4014 postulata
939 3929 963 3991 ¹.
988 3930 1079 3995 Cum
1102 3926 1220 3995 tamen
1245 3932 1352 4012 paulo
1379 3939 1460 4013 post
1484 3931 1632 3998 dilatam

400 4038 510 4106 fuisse
539 4039 862 4120 Congregationem
890 4039 1146 4103 intellexissent
1173 4038 1220 4102 ad
1249 4048 1456 4121 sequentem
1483 4056 1629 4119 annum,

400 4164 522 4213 omnes
537 4147 640 4212 electi
655 4147 691 4211 in
705 4163 770 4210 sua
781 4145 973 4212 Provincia
985 4147 1227 4211 substiterunt.
1321 4140 1326 4165 ²

459 4253 551 4318 3200.
597 4251 825 4335 Praepositus
853 4264 972 4318 tamen
1002 4252 1039 4318 P.
1076 4252 1256 4318 Gonzalus
1284 4253 1363 4318 Vaz
1390 4253 1476 4318 illud
1504 4271 1629 4336 parum

400 4361 583 4427 commode
603 4361 777 4441 accidere,
797 4361 944 4426 Vicario
965 4361 1103 4441 scribit,
1120 4361 1215 4442 quod
1231 4359 1465 4426 Provincialis
1484 4369 1630 4442 propter

439 4569 448 4602 ¹
477 4567 524 4616 bis.
534 4569 618 4613 etiam
629 4569 689 4624 lpse
699 4567 728 4612 P.
740 4567 933 4612 Provinciaiis.
951 4595 954 4598 -

440 4640 452 4673 ⁸
478 4639 585 4693 Jounnlr
594 4639 632 4684 111
643 4639 675 4685 ad
686 4637 806 4684 Lainlum
820 4639 926 4684 litterae
936 4639 1017 4683 babeo
1031 4639 1057 4683 ln
1068 4637 1166 4682 Canas
1179 4639 1214 4683 de
1224 4638 1280 4684 San
1290 4638 1410 4693 ignatio,
1424 4644 1445 4683 t.
1459 4651 1497 4694 vt,
1507 4649 1569 4694 pag.
1577 4637 1630 4692 bu,

402 4715 535 4771 blepunlce
546 4725 608 4758 vero
619 4711 742 4766 reddltar,
755 4712 830 4764 ibid„
840 4723 899 4768 pag.
910 4710 959 4755 418.
