3642 5350
793 380 858 439 Au.
879 378 951 440 1556
1434 375 1491 436 603

317 524 411 588 2599.
453 523 551 587 Inter
564 532 686 588 cetera
699 540 787 587 vero
801 539 912 588 unum
927 521 1025 604 pium
1039 537 1129 604 opus
1143 521 1344 586 confectum
1359 530 1429 602 est3
1450 531 1488 586 ut

255 630 395 694 scilicet
420 625 501 712 [rite
525 627 774 712 collocaretur]
799 628 871 694 filia
895 627 1080 712 cujusdam
1104 629 1269 692 honorati
1292 629 1374 710 viri,
1397 645 1489 711 quae

258 737 476 817 desponsata
486 736 603 801 fuerat
614 737 857 818 secreto,viro
868 736 1022 816 cuidam,
1033 735 1167 800 divitiis
1177 735 1348 814 inferiori,
1361 747 1396 800 et
1407 753 1490 801 cum

259 842 456 907 offensione
477 845 668 908 multorum
687 843 813 907 eadem
831 842 869 906 in
887 843 991 907 domo
1010 842 1263 923 versabantur;
1284 859 1351 906 nec
1368 851 1490 908 tamen

258 950 295 1012 in
314 949 406 1014 facie
425 949 609 1014 Ecclesiae
628 948 892 1014 matrimonium
913 948 1175 1028 celebrabatur,
1197 967 1239 1013 eo
1258 949 1353 1030 quod
1373 959 1491 1030 pater,

258 1056 340 1136 alia,
356 1073 464 1138 quam
477 1056 572 1121 filiae
585 1073 672 1120 suae
686 1057 791 1135 bona,
806 1073 878 1120 non
892 1055 1028 1120 habens
1042 1072 1088 1119 ex
1103 1056 1230 1137 quibus
1244 1056 1400 1135 viveret,
1416 1074 1492 1120 ma·

257 1163 461 1227 trimonium
475 1164 654 1245 publicum
668 1181 740 1227 non
754 1162 994 1244 permittebat:
1011 1162 1161 1226 obtinuit
1176 1172 1295 1226 autem
1309 1161 1345 1227 P.
1363 1163 1489 1227 Tabia·

258 1285 316 1334 res
338 1289 359 1334 a
383 1281 495 1350 patre,
517 1279 556 1334 ut
575 1269 685 1334 filiam
704 1270 886 1350 suscipere
906 1279 1132 1333 sacramenta
1157 1270 1301 1348 sineret;
1327 1271 1385 1334 cui
1408 1287 1494 1336 cum

256 1377 493 1457 persuasisset
507 1388 546 1441 ut
560 1376 595 1440 id
610 1376 756 1456 faceret,
774 1377 819 1440 ad
833 1377 930 1458 quod
944 1375 1140 1440 secundum
1159 1377 1275 1441 Deum
1291 1378 1491 1456 tenebatur,

257 1501 280 1547 a
299 1493 399 1564 patre
419 1484 527 1547 etiam
545 1484 751 1548 facultatem
769 1482 814 1547 ad
834 1483 1099 1547 matrimonium
1118 1483 1257 1564 publice
1277 1484 1491 1549 contrahen-

257 1589 342 1654 dum
355 1590 572 1671 impetravit,
588 1599 623 1653 et
642 1591 692 1654 ita
712 1591 749 1654 in
768 1589 859 1654 facie
880 1589 1063 1666 Ecclesiae
1084 1606 1165 1654 cum
1184 1591 1306 1672 populi
1326 1590 1489 1655 aedifica·

257 1698 353 1762 tione
367 1697 557 1779 conjuncti,
574 1696 824 1761 offendiculum
837 1696 1111 1761 cohabitationis
1125 1707 1364 1762 removerunt.

320 1803 411 1869 2600.
455 1805 495 1869 ln
525 1804 657 1884 insigni
691 1815 871 1868 conventu
906 1804 1040 1869 ordinis
1074 1803 1224 1869 militum
1257 1803 1318 1870 sti
1352 1805 1489 1888 Jacobi,

261 1911 298 1972 P.
318 1910 524 1992 Alphonsus
547 1913 678 1992 Lopez,
700 1929 781 1975 cum
803 1909 991 1992 Compluto
1014 1910 1197 1976 Coucbam
1221 1913 1361 1976 veniret
1385 1913 1493 1976 simui

259 2035 341 2083 cum
354 2017 510 2083 Doctore
528 2018 702 2098 Vergara,
720 2027 882 2082 amanter
900 2018 1055 2100 hospitio
1076 2027 1245 2100 exceptus
1264 2028 1332 2099 est,
1353 2028 1388 2083 et
1409 2037 1493 2084 cum

257 2125 297 2188 P.
314 2125 475 2206 Baptista
490 2126 534 2189 dc
548 2125 679 2190 Barma
695 2143 737 2188 eo
752 2125 859 2189 etiam
873 2126 1043 2204 venisset,
1059 2126 1117 2189 die
1136 2127 1296 2207 sequenti
1316 2144 1397 2191 cum
1418 2145 1493 2190 ma-

256 2248 330 2311 gna
345 2230 602 2312 aedificatione,
619 2240 693 2295 tam
711 2232 832 2312 populi
854 2249 961 2313 quam
981 2232 1092 2312 ipsius
1111 2244 1308 2296 conventus
1327 2233 1490 2312 miiitum,

258 2340 491 2403 concionatus
503 2348 569 2418 est3
585 2347 717 2402 etcum
730 2337 905 2402 Murciam
920 2339 978 2403 ille
993 2347 1213 2419 properaret,
1230 2339 1267 2402 Ρ.
1285 2339 1496 2418 Alphonsus

257 2446 377 2526 Lopez
390 2445 427 2508 iu
441 2445 611 2526 parocbia
627 2443 780 2524 quadam
796 2446 918 2525 populi
932 2445 986 2508 bis
1001 2444 1108 2508 etiam
1124 2462 1205 2508 cum
1219 2445 1337 2510 fructu
1353 2447 1490 2510 concio·

258 2560 365 2615 natus
386 2560 451 2615 est.
473 2551 518 2615 Et
541 2551 549 2582 ¹
571 2554 724 2632 populus
743 2553 818 2632 ille,
839 2550 1029 2617 societatis
1047 2551 1246 2615 institutum
1266 2551 1410 2616 minime
1434 2569 1491 2616 co·

258 2675 450 2739 gnoscenS,
467 2659 575 2723 immo
589 2660 701 2723 multa
715 2658 862 2723 sinistra
877 2659 923 2722 ab
938 2658 1018 2724 aliis
1042 2657 1206 2738 audiens,
1224 2661 1376 2724 veritate
1392 2660 1491 2724 intel·

260 2767 365 2844 lecta,
382 2765 476 2830 affici
489 2766 594 2830 valde
606 2765 777 2830 Societati
789 2766 918 2846 coepit.

320 2872 413 2937 2601.
455 2872 533 2954 lpse
557 2874 664 2937 etiam
689 2872 753 2936 Dr.
780 2872 945 2953 Vergara
972 2891 1053 2937 cum
1075 2874 1241 2939 militibus
1261 2884 1296 2938 et
1315 2874 1496 2955 religiosis

260 2980 355 3045 iliius
370 2990 568 3044 conventus
588 2982 640 3045 sic
659 2982 801 3044 interim
820 2982 905 3061 egit,
927 2992 965 3044 ut
983 3000 1044 3045 eos
1063 2980 1233 3046 Societati
1251 2982 1356 3046 valde
1376 2982 1494 3045 conci·

260 3090 376 3152 lieret.

319 3193 413 3257 2602.
458 3192 561 3272 Quod
584 3193 628 3258 ad
650 3196 834 3258 materiale
856 3194 1055 3275 Collegium
1081 3196 1222 3274 attinet,
1245 3196 1276 3260 si
1298 3197 1496 3261 canonieus

261 3300 319 3364 ille
346 3299 479 3365 Puteus
507 3300 583 3381 ejns
611 3300 783 3365 fundandi
809 3302 1034 3383 provinciam
1061 3320 1133 3366 non
1158 3304 1391 3383 suscepisset,
1418 3303 1499 3383 ejus

261 3418 492 3488 augmentum
507 3409 647 3487 sperari
662 3409 788 3472 merito
810 3418 961 3489 poterat.
985 3409 1047 3472 Ille
1067 3420 1186 3473 autem
1206 3406 1416 3491 [Collegium
1435 3428 1495 3474 au·

260 3515 338 3594 geri
353 3512 508 3595 volebat]
523 3533 569 3578 ex
583 3515 684 3579 bonis
699 3516 964 3595 ecclesiasticis
982 3534 1072 3597 quae
1088 3526 1207 3580 tamen
1222 3526 1302 3597 post
1318 3518 1430 3598 ipsius
1444 3518 1493 3580 vi·

261 3630 336 3685 tam
351 3622 396 3685 ad
411 3622 600 3702 quemdam
616 3640 662 3685 ex
674 3622 787 3686 fratre
802 3633 969 3704 nepotem
985 3623 1161 3702 redibant,
1178 3641 1198 3685 a
1214 3640 1283 3702 quo
1295 3623 1352 3687 ille
1363 3624 1494 3687 obtine·

262 3826 385 3871 trimonlo
396 3838 443 3871 con
454 3826 502 3871 D·
513 3825 648 3870 Esteisnia
659 3827 690 3870 de
702 3826 872 3881 Villsresi...„
881 3827 998 3881 Bnaoos,
1017 3828 1034 3871 l.
1046 3838 1076 3879 c„
1092 3833 1110 3872 t.
1125 3839 1157 3882 v,
1167 3839 1228 3882 pag.
1241 3827 1292 3882 ¹2³5
1303 3829 1346 3872 vel
1364 3826 1449 3881 potius
1463 3829 1497 3872 de

261 3898 308 3943 Ἴ).
318 3897 455 3942 Fernsndo
467 3897 579 3942 Carrillo
590 3898 621 3941 de
629 3897 761 3948 Mendoza.
771 3899 865 3943 setimo
875 3900 956 3944 conde
967 3900 998 3943 de
1008 3900 1116 3953 Priego,
1126 3899 1169 3955 qul
1180 3899 1282 3943 “sirvio
1295 3900 1322 3943 ai
1337 3910 1385 3956 ray
1397 3898 1431 3943 D.
1446 3897 1494 3942 Fe·

261 3970 313 4025 llpe
323 3968 348 4013 11
358 3970 390 4014 de
401 3970 552 4025 embsjador
563 3974 579 4013 a
589 3968 725 4024 Portugal,
736 3971 803 4015 ine..
814 3972 983 4028 mayordomo
994 3982 1086 4027 mayor
1096 3971 1127 4014 de
1143 3970 1174 4014 D.
1190 3970 1256 4023 Juan
1273 3970 1305 4015 de
1324 3971 1445 4021 Austris,
1463 3980 1496 4014 en

260 4052 329 4099 coya
338 4043 430 4096 galera
441 4054 469 4084 se
481 4042 553 4086 ballo
561 4053 591 4085 en
602 4044 630 4086 la
639 4044 741 4086 batalia
752 4043 783 4086 de
794 4042 937 4096 Lepanto...
954 4042 1022 4087 Caso
1038 4054 1087 4087 con
1097 4042 1144 4087 D.⁸
1158 4042 1258 4097 Juans,
1273 4042 1328 4098 hila
1339 4043 1369 4087 de
1386 4042 1417 4087 D.
1433 4041 1499 4087 Luis

261 4112 374 4158 Carrillo
385 4113 417 4157 de
427 4114 568 4168 Albornoz,
577 4118 655 4157 senor
665 4116 696 4157 de
707 4115 865 4159 Aiborooz...
876 4114 989 4172 ymurio
1000 4127 1032 4159 en
1049 4114 1121 4169 157⁹,
1131 4114 1249 4167 Burnus,
1266 4114 1331 4158 ibid.
1344 4124 1406 4168 pag.
1416 4112 1498 4158 124.-

260 4186 387 4229 Attsmen
397 4197 430 4229 ex
439 4186 492 4229 alio
503 4186 559 4229 loeo
569 4185 649 4239 ipsias
660 4185 776 4237 Polsnei.
787 4186 865 4241 inira,
876 4198 901 4230 n.
912 4186 974 4240 2742,
985 4187 1117 4232 evincitur
1126 4196 1271 4231 sermonem
1280 4186 1323 4230 hic
1338 4196 1394 4230 esse
1405 4186 1437 4230 de
1446 4184 1500 4231 Lu-

260 4255 355 4300 dovieo
372 4256 486 4302 Carrilio
501 4258 533 4301 de
550 4257 683 4312 liendoas,
701 4258 740 4302 vl
758 4258 859 4303 comite
875 4260 907 4303 de
924 4258 1027 4313 Prlego.
1037 4258 1109 4303 inira
1119 4258 1200 4310 enim,
1211 4258 1228 4302 l.
1240 4256 1497 4309 c.,dicitur“Csntor

261 4326 387 4370 ecclesiae
398 4327 576 4371 conchensis...
588 4327 733 4383 Collegium
744 4329 770 4374 in
780 4329 873 4384 oppido
885 4328 979 4383 Prlego
988 4328 1070 4386 (cuius
1081 4328 1181 4381 Comes,
1192 4333 1268 4382 pater
1277 4328 1360 4382 ipsius
1369 4330 1438 4377 erat)
1447 4328 1497 4371 eri·

261 4408 325 4448 gere
335 4409 393 4442 cum
403 4398 433 4443 Ρ.
443 4398 548 4452 Natali„
557 4400 752 4445 constituisse...
760 4400 827 4454 Jam.
836 4412 869 4445 ex
878 4400 990 4455 Buaoos,
1001 4400 1018 4444 1.
1031 4411 1062 4455 c,
1072 4401 1193 4445 discimus
1207 4398 1368 4444 Ludovlcnm
1383 4398 1497 4444 Carrlllo

260 4478 295 4512 ex
305 4469 414 4514 laudata
424 4470 570 4526 stephania
579 4473 709 4527 genuisse:
720 4474 751 4517 “a
760 4472 793 4517 D.
804 4471 955 4528 Fernsndo,
969 4484 1018 4528 que
1032 4473 1163 4517 sueedio...
1180 4470 1216 4516 D.
1232 4470 1316 4526 Dlego
1331 4470 1451 4515 Hurtsdo
1463 4472 1497 4515 de

261 4538 395 4596 Mendoss,
407 4542 524 4587 Chantre
536 4543 566 4586 de
578 4546 604 4588 la
614 4544 708 4599 lglesis
717 4546 837 4590 catedra!
847 4545 878 4589 de
887 4544 999 4599 Cueucs,
1010 4552 1091 4599 eto...

306 4612 314 4645 ¹
343 4612 389 4658 bis.
400 4613 506 4659 Etcum
515 4616 662 4670 populus...
