3642 5350
803 432 867 490 Au.
889 431 960 490 1556
1442 431 1497 490 645

266 581 370 656 stitit,
387 580 550 658 quamvis
565 578 706 642 occasio
722 578 815 641 bona
831 595 873 640 ea
888 577 1075 640 videbatur
1090 576 1136 639 ad
1150 576 1343 640 subsidium
1364 577 1493 640 bonum

267 687 588 751 transmittendum.

324 794 414 858 2772.
458 795 647 858 Animatus
662 805 781 857 tamen
796 794 988 874 praedictis
1004 792 1040 857 P.
1059 793 1186 873 Ignatii
1201 793 1328 856 litteris
1346 791 1366 866 ¹,
1379 792 1422 856 de
1437 809 1491 856 ra·
1545 879 1548 886 .

266 903 359 968 tione
373 903 607 966 inveniendae
622 903 793 983 pecuniae
807 903 991 979 sollicitus,
1008 903 1125 967 media
1140 901 1346 982 excogitare
1361 903 1490 981 coepit,

265 1010 310 1074 ad
332 1029 393 1074 eas
418 1011 650 1091 pecuniarum
669 1026 828 1072 summas
846 1009 1052 1088 mittendas,
1073 1009 1116 1072 de
1137 1011 1262 1092 quibus
1283 1011 1387 1089 paulo
1408 1019 1489 1072 ante

264 1119 396 1182 dictum
412 1125 465 1181 est
480 1115 501 1180 ¹.
518 1116 683 1181 Addebat
698 1117 817 1195 etiam,
833 1125 870 1179 ut
886 1117 921 1180 in
937 1117 1088 1194 singulis
1103 1118 1201 1196 locis,
1215 1116 1391 1199 inquibus
1405 1118 1488 1180 resi·
1519 1129 1520 1132 ’

262 1224 367 1288 debat
393 1221 571 1316 Societas,
594 1225 730 1287 amicus
752 1223 880 1303 aliquis
899 1224 1136 1303 inveniretur,
1158 1225 1217 1305 qui
1240 1223 1410 1305 pecuniae
1425 1225 1488 1286 ali·

261 1349 367 1413 quam
382 1349 556 1396 summam
570 1331 616 1396 ad
630 1331 714 1394 illud
730 1348 819 1411 opus
834 1330 1001 1394 mitteret.

318 1439 410 1504 2773.
453 1439 486 1503 A
501 1438 721 1518 Principibus
736 1447 854 1501 autem
875 1437 1008 1518 aliquid
1029 1448 1148 1518 petere
1163 1438 1206 1501 de
1221 1455 1301 1518 suo,
1319 1439 1485 1517 theologi,

259 1563 305 1609 an
321 1546 455 1610 licitum
470 1556 573 1624 esset,
591 1545 814 1622 dubitabant,
832 1561 875 1607 eo
890 1545 985 1623 quod
999 1544 1126 1608 debitis
1141 1555 1243 1608 erant
1258 1546 1434 1626 oppressi,
1451 1557 1485 1608 et

259 1652 429 1734 Princeps
446 1655 602 1736 Joanna,
628 1670 719 1734 quae
738 1653 782 1716 de
801 1670 865 1714 suo
889 1653 1039 1716 libenter
1063 1653 1099 1716 id
1124 1653 1262 1716 lactura
1288 1653 1484 1730 videbatur,

258 1760 362 1824 fratri
383 1760 561 1840 Philipp0,
579 1759 685 1838 Regi,
706 1758 800 1840 quod
820 1767 976 1838 poterat,
999 1768 1121 1822 mutuo
1141 1759 1226 1822 dare
1252 1759 1410 1823 debebat.
1430 1757 1484 1822 De

258 1870 426 1947 pensione
441 1878 560 1930 tamen
574 1867 693 1947 aliqua
709 1866 860 1945 petenda
875 1867 933 1928 vel
947 1864 1148 1946 hujusmodi
1163 1865 1412 1929 ecclesiasticis
1431 1884 1482 1930 re·

257 1974 397 2054 ditibus,
415 1991 496 2037 cum
511 1972 694 2054 Principes
709 1973 744 2036 in
759 1973 970 2053 Hispaniam
986 1972 1178 2051 venissent,
1196 1975 1389 2052 cogitabat.

314 2081 405 2144 2774.
450 2080 540 2144 Cum
555 2080 655 2144 initio
669 2079 774 2160 hujus
788 2080 872 2142 anni
887 2079 930 2142 de
943 2079 1099 2143 adventu
1111 2080 1374 2160 praedictorum
1385 2080 1479 2144 Prin-

255 2188 372 2268 cipum
387 2188 424 2251 in
437 2187 648 2268 Hispaniam
660 2187 747 2251 nihil
758 2187 846 2250 certi
858 2187 1059 2266 haberetur,
1074 2204 1224 2267 cumque
1234 2188 1310 2266 ipse
1321 2187 1359 2251 P.
1372 2188 1401 2251 F
1403 2207 1479 2252 ran·

254 2297 370 2360 ciscus
389 2296 515 2359 melius
535 2312 686 2375 corpore
706 2295 872 2372 haberet,
893 2303 974 2374 post
1000 2294 1196 2358 orationem
1219 2293 1256 2358 P.
1279 2295 1416 2374 Ignatio
1436 2298 1479 2359 de

254 2421 317 2467 sua
334 2404 552 2483 profectione
567 2403 602 2466 in
619 2403 798 2482 Angliam,
815 2403 873 2465 vel
891 2402 951 2464 ubi
971 2401 1154 2482 Principes
1175 2411 1309 2481 essent,
1326 2404 1478 2483 scripsit;

253 2511 358 2574 aede
379 2511 416 2574 P.
439 2511 559 2574 Araoz
580 2527 700 2574 secum
723 2511 942 2586 deducendo,
968 2519 1006 2572 nt
1031 2510 1201 2574 resideret
1226 2511 1321 2590 apud
1345 2510 1479 2587 Regem

193 2607 201 2616 ”
254 2617 463 2699 Philippum,
480 2619 555 2699 ipse
570 2627 688 2682 autem
703 2617 741 2681 P.
757 2616 972 2682 Franciscus
984 2615 1185 2699 [mansurus
1196 2615 1284 2699 erat]
1297 2619 1333 2683 in
1345 2618 1477 2698 Anglia

253 2726 310 2789 vel
334 2725 428 2806 apud
452 2726 721 2805 Imperatorem:
748 2726 891 2789 Patrem
919 2725 1026 2788 etiam
1054 2723 1235 2803 Stradam,
1265 2726 1475 2790 concionum

251 2834 380 2910 gratia,
398 2833 573 2896 deducere
588 2832 785 2911 cogitabat,
802 2841 837 2895 et
852 2830 993 2895 Patrem
1008 2832 1153 2912 Laynez
1171 2833 1229 2895 vel
1241 2831 1381 2896 Patrem
1396 2832 1473 2896 Ola-

250 2940 347 3002 vium
360 2958 402 3002 eo
415 2941 522 3003 etiam
534 2939 743 3003 mittendum
756 2939 993 3016 existimabat,
1008 2940 1092 3002 utin
1107 2939 1173 3017 his,
1189 2958 1280 3020 quae
1292 2940 1337 3002 ad
1349 2939 1474 3005 doctri·

249 3064 333 3109 nam
348 3048 535 3126 pertinent,
553 3046 822 3110 fundamentum
837 3046 984 3110 solidius
999 3047 1046 3110 ibi
1062 3044 1220 3111 Societas
1236 3048 1392 3111 haberet.

307 3152 398 3215 2775.
442 3154 584 3217 Patrem
595 3164 715 3217 autem
726 3152 899 3216 Mironem
912 3152 1472 3233 ProvinciaeAragoniae,P.Ba·

248 3262 392 3341 ptistam
407 3261 584 3339 Baeticae,
601 3259 639 3323 P.
656 3261 923 3325 Bustamantem
940 3260 1112 3325 Castellae
1124 3278 1289 3341 praeesse
1302 3279 1406 3341 posse
1419 3280 1471 3325 ar·
1534 3268 1544 3293 ⁸

245 3368 456 3433 bitrabatur.
474 3368 634 3432 Officium
649 3368 893 3432 Commissarii
913 3386 984 3430 non
1003 3368 1264 3448 providendum
1278 3370 1338 3432 alii
1353 3387 1470 3433 cense-

246 3476 316 3555 bat,
333 3487 372 3540 ut
386 3477 619 3555 collegiorum
634 3476 840 3539 fundatores
854 3486 1040 3553 sperarent
1056 3476 1167 3554 ipsius
1182 3476 1349 3557 reditum;
1366 3488 1401 3541 et
1422 3478 1470 3541 ita

246 3585 362 3648 minus
377 3600 485 3662 aegre
499 3584 632 3647 ferrent
647 3582 853 3646 discessum.
870 3582 909 3646 Si
924 3592 1042 3645 autem
1057 3584 1117 3646 diu
1132 3600 1341 3663 responsum
1362 3583 1399 3647 P.
1418 3584 1470 3665 lg·

246 3692 332 3756 natii
346 3691 556 3769 differretur,
574 3702 658 3754 tunc
672 3691 849 3770 praemitti
859 3708 966 3769 posse
978 3690 1119 3753 Patrem
1131 3690 1261 3769 Araoz,
1275 3700 1311 3754 ut
1325 3708 1470 3772 praepa·

245 3809 340 3863 raret
355 3800 546 3863 adventum
562 3799 673 3879 ipsius
689 3798 725 3861 P.
743 3798 772 3861 F
773 3799 928 3861 rancisci
943 3798 1178 3862 existimabat.
1196 3796 1265 3861 Sed
1281 3816 1361 3862 cum
1376 3801 1468 3863 vale-

245 3906 329 3969 tudo
350 3907 511 3987 corporis
535 3924 601 3969 nec
624 3906 690 3986 ipsi
714 3904 811 3969 Patri
830 3906 1024 3968 Francisco
1043 3920 1109 3967 nec
1128 3904 1226 3969 Patri
1251 3905 1369 3969 Araoz
1390 3923 1468 3986 pro·

243 4030 347 4093 spera
362 4024 468 4091 esset,
484 4023 518 4077 et
534 4031 615 4076 cum
629 4011 799 4093 Princeps
808 4014 961 4095 Joanna,
976 4022 1013 4076 ut
1026 4012 1190 4086 diximus
1204 4012 1296 4075 ferre
1308 4031 1379 4076 non
1390 4030 1466 4093 pos·

241 4130 294 4183 set
309 4137 432 4183 eorum
446 4137 638 4199 recessum,
657 4137 806 4200 cumque
818 4129 1079 4199 expectaretur,
1093 4118 1362 4183 succedentibus
1374 4138 1466 4185 men·

240 4228 349 4305 sibus,
366 4228 594 4307 Imperatoris
609 4228 731 4291 Caroli
746 4246 788 4292 ac
804 4228 956 4307 Philippi
976 4228 1166 4301 adventuS,
1188 4244 1258 4289 non
1279 4226 1394 4290 visum
1413 4240 1465 4291 est

199 4333 201 4337 ‘
238 4335 416 4415 expedire,
444 4347 482 4399 ut
507 4337 598 4399 ullus
623 4353 745 4399 eorum
771 4336 839 4399 hoc
864 4336 930 4398 iter
956 4336 1223 4414 aggrederetur.
1251 4334 1360 4397 Immo
1386 4352 1465 4399 cum

279 4598 287 4626 ¹
316 4594 382 4638 Vide
392 4606 458 4650 qnae
469 4596 540 4639 dicta
551 4603 618 4648 sunt,
630 4608 653 4641 n.
664 4596 725 4639 27⁴3.

279 4665 290 4696 ²
318 4666 414 4723 Nuper,
423 4666 485 4722 ms,
495 4666 557 4711 rm.
