3642 5350
357 423 414 482 624
603 413 607 421 ’
816 423 946 485 Canon.
966 423 1043 484 Soc.
1065 423 1135 496 Jns.

356 570 674 648 dispensationem
694 571 790 635 victu
814 579 849 633 et
869 569 989 650 aliquo
1012 568 1160 632 servitio
1180 565 1385 632 necessario
1405 565 1595 630 sublevan-

357 677 422 740 dus
436 685 529 755 erat,
545 676 581 739 id
595 694 667 740 non
682 677 759 740 sine
773 676 934 740 molestia
950 693 1016 740 sua
1031 684 1067 738 et
1087 672 1311 740 incommodo
1332 671 1520 737 Societatis
1539 673 1594 737 fu*

358 794 477 847 turum
491 799 582 862 esse3
598 793 634 847 et
649 801 687 847 se
702 799 783 846 cum
802 782 1005 846 hominibus
1025 781 1139 846 doctis
1158 791 1193 844 et
1212 781 1326 844 bonae
1350 779 1590 843 conscientiae

358 891 549 954 contulisse
568 906 670 955 suum
684 891 868 970 negotium
882 889 1017 968 ajebat,
1035 891 1094 970 qui
1111 905 1275 952 securum
1289 904 1372 951 eum
1383 885 1588 966 reddebant,

358 999 389 1063 si
404 1016 485 1062 cum
497 998 667 1062 facultate
682 996 872 1072 Societatis
896 1007 1041 1060 nostrae
1062 1007 1123 1060 aut
1140 992 1277 1060 Summi
1294 993 1485 1074 PontificiS,
1500 994 1589 1058 liber

358 1106 404 1170 ab
420 1105 636 1185 obligatione
651 1106 727 1169 voti
743 1104 1012 1185 relinqueretur.

416 1210 508 1276 2687.
550 1211 649 1275 Haec
664 1228 745 1275 cum
760 1211 954 1275 audivisset
976 1210 1014 1274 P.
1035 1210 1252 1274 Franciscus
1273 1209 1362 1272 dixit
1382 1207 1531 1271 liberum
1551 1225 1590 1270 se

357 1338 437 1383 cum
452 1319 656 1383 relicturum
670 1319 790 1394 fuisse,
804 1319 835 1382 si
850 1337 909 1382 res
924 1319 960 1382 in
977 1317 1052 1398 ejus
1067 1318 1191 1382 fuisset
1206 1317 1275 1380 sita
1290 1325 1477 1396 potestate;
1491 1315 1588 1378 etita

357 1427 541 1491 constituit
566 1437 604 1490 ut
629 1425 908 1506 Pompeiopolim
935 1427 981 1490 ad
1003 1425 1162 1503 Ducem,
1184 1426 1244 1505 qui
1260 1422 1410 1487 Pro-rex
1425 1430 1502 1486 erat
1523 1420 1590 1485 Na-

356 1551 497 1612 varrae,
514 1533 657 1608 rediret,
673 1533 758 1596 dum
773 1534 849 1614 ipse
864 1531 902 1595 P.
920 1533 1101 1612 ignatium
1116 1533 1318 1595 consuleret
1333 1539 1368 1593 et
1384 1545 1594 1610 responsum

356 1641 546 1721 acciperet;
563 1640 661 1703 etita
676 1639 711 1702 in
726 1639 802 1703 dies
817 1638 855 1702 Ρ.
872 1639 1002 1720 Ignatii
1020 1655 1231 1720 responsum
1246 1637 1351 1700 avide
1366 1635 1590 1716 expectabat,

354 1748 482 1828 quibus
496 1746 586 1810 liber
599 1745 853 1824 declararetur,
870 1747 928 1809 vel
942 1747 972 1809 si
991 1745 1028 1810 id
1044 1745 1082 1808 Ρ.
1099 1745 1238 1824 ignatio
1253 1761 1326 1807 non
1341 1742 1535 1820 videretur,
1553 1751 1594 1804 ut¹

355 1872 436 1918 cum
456 1853 617 1918 censuris
635 1861 670 1916 et
689 1853 786 1916 omni
804 1853 925 1932 rigore
947 1853 1115 1932 religioso
1130 1851 1198 1932 ipsi
1217 1850 1451 1932 praeciperet,
1471 1858 1510 1913 ut
1531 1848 1587 1911 ob·

355 1962 479 2025 stricto
502 1959 597 2024 votis
620 1957 820 2038 SocietatiS,
848 1971 886 2022 ut
912 1959 958 2022 ad
984 1960 1138 2040 aliquem
1165 1956 1241 2038 ejus
1263 1959 1382 2021 locum
1402 1957 1480 2030 iret;
1504 1964 1590 2018 tunc

355 2067 449 2132 enim
464 2084 504 2130 se
517 2083 665 2146 prorsus
680 2065 902 2130 obediturum
918 2075 952 2129 et
968 2060 1235 2130 excusationem
1256 2064 1351 2144 apud
1373 2061 1511 2126 Ducem
1529 2079 1589 2143 pa·

355 2185 473 2239 truum
488 2184 522 2237 et
536 2174 631 2253 apud
646 2190 768 2236 omnes
782 2173 997 2237 habiturum.
1020 2172 1148 2236 Postea
1164 2189 1246 2236 cum
1265 2173 1355 2234 baec
1376 2169 1525 2233 luissent
1538 2169 1589 2232 in·

356 2283 512 2360 tellecta,
529 2282 673 2344 omnino
694 2300 715 2344 a
735 2279 912 2344 Societate
928 2282 1016 2345 liber
1036 2281 1202 2345 dimissus
1217 2289 1286 2358 est;
1303 2297 1387 2342 nam
1406 2277 1589 2357 dispensa·

358 2390 453 2454 tione
468 2389 622 2469 quadam
637 2389 802 2452 utebatur
816 2387 852 2451 Ρ.
867 2388 1045 2468 IgnatiuS,
1070 2404 1151 2451 cum
1170 2404 1251 2451 eum
1274 2386 1460 2449 admittere
1475 2385 1511 2447 in
1529 2381 1589 2446 So·

357 2497 523 2561 cietatem
539 2496 695 2560 volebat.

417 2603 461 2668 Et
476 2605 565 2668 haec
581 2603 624 2667 de
640 2601 801 2681 Collegio
817 2599 1028 2682 Ognatensi.

677 3031 750 3111 DE
804 3030 1011 3112 PATRE
1066 3029 1266 3110 ARAOZ

750 3287 957 3334 CASTELLAE
972 3285 1198 3332 PROVINCIALI

490 3487 551 3551 ET
567 3484 842 3567 QUIBUSDAM
858 3482 979 3548 ALIIS
997 3480 1283 3546 PROVINCIAE
1300 3476 1451 3546 REBUS

406 3780 505 3847 2688.
548 3781 725 3845 Inviserat
740 3779 778 3842 P.
800 3779 932 3855 Araoz,
949 3776 1197 3852 ProuincialiS,
1215 3792 1309 3839 anno
1330 3774 1494 3856 proximo
1513 3773 1594 3837 1555

355 3889 425 3955 tria
436 3888 599 3968 collegia,
613 3888 747 3951 scilicet
760 3885 1055 3962 Salmanticense,
1068 3883 1340 3965 Methymnense
1351 3892 1386 3946 et
1397 3881 1589 3960 Abulense,

354 4013 420 4061 nec
435 3996 561 4060 adalia
576 4011 768 4058 excurrere
783 3994 897 4073 potuit
913 3991 1008 4073 quod
1023 3991 1194 4071 Princeps
1207 3988 1346 4072 Joanna
1362 3998 1397 4053 et
1412 3988 1471 4053 alii
1489 3989 1593 4053 multi

353 4122 398 4168 ac
413 4103 574 4184 primarii
588 4101 664 4182 ejus
678 4101 799 4165 curiae
815 4101 884 4164 viri
899 4116 942 4162 ac
954 4098 985 4162 N
989 4100 1114 4162 uncius
1127 4098 1354 4179 Apostolicus
1369 4113 1450 4161 eum
1460 4095 1594 4160 diutius

354 4211 479 4275 abesse
494 4228 566 4274 non
583 4208 834 4289 permittebant
852 4211 871 4270 ¹.
889 4206 969 4271 Non
988 4207 1102 4269 solum
1124 4215 1242 4270 autem
1258 4204 1414 4269 externis
1431 4202 1594 4267 aedifica·

355 4318 442 4382 tioni
461 4317 578 4381 fuerat
599 4314 831 4379 concionibus
846 4323 881 4376 et
897 4313 1084 4394 colloquiis
1104 4311 1356 4392 spiritualibus,
1373 4310 1436 4375 sed
1451 4319 1595 4375 nostros

397 4522 406 4555 ¹
435 4519 539 4574 Conler,
550 4530 618 4574 quae
628 4530 696 4563 anno
706 4518 834 4570 superiori
845 4518 987 4562 dictasunt
997 4516 1029 4561 de
1040 4516 1129 4561 Peren
1143 4516 1314 4561 Peovruerssr
1325 4515 1489 4569 Casmenas,
1501 4525 1592 4570 supra,

354 4597 374 4636 t.
382 4603 409 4646 v,
419 4602 481 4647 pag·
490 4592 531 4635 457
541 4597 568 4635 et
578 4602 634 4645 seq.
644 4590 759 4635 Nunclus
768 4594 858 4634 sutem
871 4588 1040 4643 Apostollcus
1056 4594 1114 4633 erst
1131 4586 1283 4634 Leonsrdns
1298 4586 1406 4643 Marini,
1422 4586 1593 4633 Laodicensls

355 4661 510 4717 Episcopus,
518 4663 550 4705 de
561 4672 611 4715 qno
621 4661 682 4705 vide
692 4672 780 4715 supra,
792 4667 810 4704 t.
824 4673 848 4715 v,
859 4671 921 4715 pag.
931 4660 980 4712 399,
992 4671 1017 4705 n.
1027 4659 1087 4715 1075,
1097 4666 1187 4704 annot.
1197 4659 1219 4705 8.
