3642 5350
803 376 867 441 An.
890 378 959 442 lund
1438 376 1497 439 ι215

266 518 464 591 nuclnaec
477 522 803 606 manifestarentur,
819 543 900 592 cum
916 524 1057 591 aliunde
1071 524 1208 608 sperari
1223 515 1418 613 remedium
1433 524 1494 589 hu·

267 634 421 700 manitus
434 650 508 698 non
523 643 655 715 posset,
668 644 703 699 et
715 634 881 700 recedere
892 643 1036 700 nostros
1048 635 1209 715 Argenta
1220 650 1291 699 non
1303 650 1407 715 posse
1418 633 1494 697 siue

268 756 400 822 magua
413 749 500 805 nota
514 741 699 806 sentiebat.
715 739 800 807 Dux
814 753 933 807 autem
945 742 1145 807 admonitus
1156 741 1298 822 scripsit
1311 740 1494 806 Guberna-

267 848 337 913 tori
357 858 397 913 ut
416 849 621 913 admoueret
636 848 822 917 Vicariurn
836 860 870 915 et
884 858 1066 932 pastorem
1086 860 1121 915 et
1145 848 1221 930 ejus
1238 848 1361 931 populi
1382 847 1493 913 homi·

268 972 344 1034 nes,
355 964 395 1020 ut
408 956 498 1021 bene
512 974 552 1021 se
566 967 729 1037 gererent
745 974 826 1021 curn
839 958 1021 1023 nostriset
1035 956 1223 1038 privilegia
1238 963 1362 1022 nostra
1375 956 1493 1021 obser·

267 1064 348 1129 vari
361 1063 531 1144 iacerent,
547 1064 704 1146 alioquin
717 1082 757 1129 se
770 1050 1103 1129 animadversurum
1115 1080 1205 1143 esse,
1221 1072 1289 1127 etc.

325 1170 398 1235 791.
440 1169 742 1236 Cardinalietiam
757 1170 975 1252 salAngeli,
988 1172 1056 1252 cui,
1074 1180 1112 1235 ut
1127 1169 1411 1251 Archiepiscopo¹
1424 1169 1492 1234 Ra·

267 1278 426 1357 vennati,
442 1278 586 1343 suberat
600 1277 775 1358 Argenta,
791 1278 1017 1343 scribendum
1031 1295 1109 1343 esse
1123 1278 1238 1342 visum
1253 1285 1370 1355 estut,
1388 1276 1418 1340 si
1433 1294 1493 1340 no·

264 1385 332 1449 strl
355 1386 532 1450 recessuri
556 1402 628 1449 non
652 1395 754 1449 erant
778 1384 956 1466 Argenta,
980 1384 1183 1467 provideret
1202 1393 1242 1449 ut
1262 1382 1432 1449 Vicarius
1458 1391 1493 1447 et

266 1501 401 1573 pastor,
417 1503 524 1573 atque
538 1492 598 1556 alil
613 1493 733 1557 cleriei
747 1493 887 1557 molesti
898 1492 1028 1557 nostris
1040 1510 1111 1555 non
1123 1500 1252 1556 essent.
1264 1490 1309 1557 Et
1323 1490 1417 1572 quod
1432 1491 1493 1555 ali·

267 1598 409 1681 quando
424 1616 503 1664 cum
519 1599 697 1681 Episcopo
710 1599 897 1665 Tiburtino
913 1600 1044 1664 seniori
1058 1598 1191 1665 sactum
1205 1598 1334 1678 luerat,
1350 1597 1493 1662 videba-

269 1715 325 1770 tur
350 1703 388 1771 P.
412 1706 600 1771 Pelletario
621 1723 702 1771 cum
724 1707 781 1771 his
806 1706 1024 1787 laciendum,
1046 1715 1085 1770 ut
1107 1706 1269 1786 vigorem
1288 1714 1493 1769 nostrorum

268 1813 537 1895 privilegiorum
562 1814 623 1877 via
646 1814 736 1895 juris
759 1814 939 1879 silentium
963 1815 1015 1879 eis
1035 1814 1275 1894 imponeretur
1296 1811 1318 1877 ¹.
1341 1811 1424 1877 Alia
1448 1830 1494 1876 ex

268 1929 370 2001 parte
384 1918 659 2001 suffraganeum
673 1915 874 1986 Cardinalis
885 1921 994 2003 aliqui
1009 1940 1053 1985 ex
1069 1920 1286 1985 adversariis
1300 1920 1491 1991 terrebant,

270 2027 365 2109 quod
379 2028 516 2093 scilicet
531 2029 700 2093 tumultus
722 2038 977 2095 consecuturus
998 2037 1087 2093 erat.
1111 2028 1171 2094 Ille
1191 2036 1325 2107 autem,
1346 2028 1406 2109 qui
1427 2026 1494 2091 Ra·
1606 2053 1611 2064 ·

269 2150 409 2201 vennae
424 2135 647 2214 versabatur,
663 2136 813 2217 tempori
833 2135 1038 2217 aliquandiu
1051 2134 1245 2200 cedendum
1257 2135 1416 2215 putabat,
1429 2152 1495 2199 nec

260 2244 313 2308 de
336 2242 600 2324 praedicatione
625 2244 661 2306 in
685 2242 855 2323 parochia
881 2242 940 2308 S.1¹
963 2242 1100 2307 Nicolai
1125 2240 1303 2323 agendum
1322 2258 1416 2321 esse,
1442 2252 1492 2317 ut,

261 2366 353 2415 cum
368 2348 692 2415 animadverterent
707 2360 849 2415 nostros
868 2350 1089 2415 contentiose
1109 2366 1181 2413 non
1199 2364 1319 2430 agere,
1340 2366 1385 2415 ex
1404 2347 1493 2428 ipso·

268 2473 349 2521 rum
363 2457 560 2522 humilitate
573 2457 812 2538 placarentur,
829 2474 910 2521 cum
925 2457 1135 2538 praesertim
1146 2456 1198 2520 eis
1210 2464 1389 2521 constaret
1402 2456 1495 2519 hanc

268 2580 348 2629 esse
362 2563 592 2646 Superiorum
607 2565 826 2629 voluntatem
840 2574 914 2629 tam
926 2562 1159 2629 ecclesiastici
1170 2577 1277 2645 quam
1287 2563 1494 2642 saecularia,

271 2683 310 2737 ιιι
325 2672 436 2737 nostri
451 2671 760 2737 concionarentur.

327 2780 400 2844 792.
443 2779 600 2846 Contulit
613 2780 722 2844 etiam
736 2797 775 2844 se
788 2778 827 2843 Ρ.
844 2780 1052 2846 Pelletarlus
1066 2781 1265 2863 Argentum
1276 2788 1314 2844 ιιι
1327 2780 1496 2844 tumultus

269 2887 338 2952 hos
357 2885 509 2967 sedaret,
531 2886 606 2967 sed,
625 2887 731 2967 gravi
745 2885 835 2951 febri
849 2896 1046 2968 correptuS,
1070 2888 1247 2954 conducta
1266 2887 1352 2953 navi
1371 2886 1496 2951 Ferra-

268 2995 360 3059 riam
373 2994 491 3059 redire
504 3002 653 3061 coactus
671 3002 737 3058 est.
755 2993 858 3062 Prius
876 3005 996 3059 tamen
1014 2994 1201 3061 Vicarium
1214 2994 1398 3074 Argentae
1413 2995 1496 3058 allo·

267 3110 383 3181 cutus,
396 3099 510 3165 effecit
522 3109 561 3165 ut
572 3101 735 3166 veritatis
747 3119 864 3182 capax
879 3111 984 3185 esset,
998 3103 1058 3185 qui
1068 3103 1230 3185 promisit
1242 3101 1378 3185 prolixe
1392 3113 1496 3166 suunt

268 3203 423 3274 officium
441 3216 476 3272 et
495 3216 591 3273 recte
613 3208 732 3273 omnia
743 3209 1000 3290 componenda.
1023 3211 1209 3275 Allocutus
1226 3211 1334 3276 etiam
1354 3217 1408 3273 est
1426 3205 1496 3272 Gu-

266 3314 495 3381 bernatorem
514 3324 549 3380 et
563 3316 653 3380 alios
666 3333 713 3380 ex
734 3317 922 3397 primariis.
948 3316 1017 3382 Sed
1038 3317 1122 3382 Dux
1141 3317 1236 3382 serio
1256 3334 1319 3398 per
1341 3315 1497 3382 edictum

266 3423 458 3505 publicum,
474 3421 658 3503 Argentae
672 3424 947 3503 promulgatum,
964 3424 1145 3506 praecepit
1159 3435 1197 3489 ut
1211 3423 1276 3488 sub
1289 3439 1402 3504 poena
1417 3439 1496 3486 cen·

266 3539 538 3596 tumscutorum
553 3529 670 3593 nullus
684 3529 830 3594 auderet
845 3531 1016 3612 impedire
1030 3531 1162 3596 nostris
1182 3529 1494 3612 praedicationem.

267 3636 337 3703 Sed
351 3647 386 3700 et
400 3636 442 3716 is,
458 3637 518 3717 qui
533 3635 676 3715 negotia
696 3635 896 3702 Cardiualis
918 3638 1059 3719 agebat,
1079 3639 1221 3702 nomine
1243 3637 1354 3719 ipsius
1374 3635 1497 3701 Cardi·

267 3745 360 3810 nolis
373 3741 515 3808 efficere
529 3743 671 3807 curavit
684 3752 724 3808 ut
737 3744 850 3809 nostri
867 3745 903 3809 in
921 3745 1104 3826 praedicta
1120 3745 1292 3826 parochia
1308 3743 1496 3809 conciona-

267 3860 403 3929 rentur;
427 3851 593 3931 quamvis
617 3850 736 3914 odium
762 3852 864 3915 multi
886 3841 933 3915 err
953 3853 1030 3917 ¹illis
1057 3852 1258 3916 hominibus
1286 3849 1498 3915 videbantur

267 3966 395 4024 contra
409 3956 448 4022 P.
466 3955 650 4023 Andream
664 3957 882 4039 concepisse,
896 3959 1031 4023 cessuri
1045 3968 1164 4024 tamen
1176 3957 1379 4023 auctoritati
1390 3956 1497 4038 Supe-

266 4065 402 4130 riorum
414 4064 639 4130 videbantur.
661 4063 731 4129 Sed
750 4065 958 4146 aliquandiu
977 4085 1048 4132 non
1067 4067 1219 4132 tentavit
1240 4063 1434 4147 quidquam
1452 4063 1496 4130 de

267 4171 536 4254 praedicatione
549 4169 588 4237 P.
605 4171 782 4252 Andreas,
798 4182 832 4237 et
847 4172 1015 4254 expedire
1027 4171 1208 4255 iudicabat
1220 4183 1258 4238 ut
1274 4171 1402 4254 aliquis
1416 4187 1496 4236 cou-

271 4281 434 4346 cionator
448 4278 636 4345 Societatis
650 4295 693 4343 eo
709 4281 846 4346 veniret
860 4290 895 4345 et
909 4281 985 4362 ipse
999 4280 1069 4346 alio
1083 4283 1292 4347 mitteretur.

328 4388 403 4452 793.
447 4383 581 4452 Omnes
595 4387 736 4452 interim
755 4405 915 4455 rumores
934 4387 1008 4471 jam
1030 4389 1287 4471 conticuerant,
1310 4397 1345 4455 ct
1366 4405 1496 4472 cogno·

309 4629 319 4664 t
347 4627 416 4675 Vide
425 4640 514 4685 supra,
524 4635 545 4675 t.
555 4639 583 4683 tt,
591 4641 652 4686 pag.
665 4627 698 4685 ld,
709 4641 733 4674 n.
743 4630 778 4674 30.
