3642 5350
334 371 371 430 90
656 348 660 352 ¹
790 371 918 432 Canon.
939 369 1016 432 Soc.
1036 374 1106 444 jas.

336 516 553 596 benignitate
578 517 733 597 gratiam
759 517 804 580 ad
826 517 862 581 id
881 527 1110 598 suggerente,
1137 533 1260 580 omnes
1284 533 1369 580 suas
1395 516 1565 579 haereses

337 621 557 703 abjurarunt,
572 633 608 687 et
620 624 665 688 ad
682 633 935 688 sacrosanctae
951 621 1158 706 [Ecclesiae]
1173 625 1350 704 gremium
1369 622 1562 699 redierunt;

335 745 372 792 et
397 731 657 810 conventicula,
681 749 771 813 quae
794 733 840 796 ad
861 731 1120 796 subvertendos
1145 732 1277 795 civium
1303 731 1439 795 animos
1462 729 1562 810 prius

335 836 478 901 assidue
503 839 690 918 cogebant,
713 839 750 902 in
771 839 1070 919 congregationes
1088 839 1167 920 pias
1187 839 1232 901 ad
1252 855 1354 902 suum
1373 846 1409 900 et
1430 837 1560 900 civium

336 944 534 1023 proiectum
548 955 583 1009 et
602 945 772 1009 auxilium
788 943 890 1026 juxta
910 945 1171 1027 praescriptum
1191 954 1396 1009 nostrorum
1415 959 1562 1007 conver·

337 1061 466 1130 terunt,
490 1061 524 1117 et
544 1052 693 1133 singulis
713 1053 892 1116 mensibus
910 1061 991 1133 post
1015 1052 1274 1117 consessionem
1298 1051 1561 1114 sanctissimum

337 1157 473 1222 Christi
487 1157 625 1240 Corpus
637 1176 818 1223 assumere
836 1167 1047 1223 statuerunt.

396 1265 467 1328 301.
510 1265 589 1330 Hoc
611 1274 728 1331 autem
747 1268 930 1346 negotium
953 1276 1027 1329 tam
1046 1266 1274 1330 memorabile
1288 1264 1365 1344 fuit,
1387 1273 1424 1327 ut
1445 1263 1564 1327 multis

337 1373 442 1436 annis
463 1373 499 1435 in
524 1371 653 1437 Piceno
676 1372 760 1453 quid
784 1372 898 1436 simile
924 1389 997 1436 non
1022 1373 1222 1453 contigisse·
1239 1372 1285 1436 sit
1310 1371 1562 1447 existimatum

339 1495 470 1560 magna
485 1480 579 1544 enim
602 1489 678 1544 erat
702 1480 921 1561 perditorum
943 1481 1126 1544 hominurn
1145 1478 1346 1560 hujusmodi
1364 1477 1562 1554 multituda,

338 1603 542 1668 gravesque
562 1595 596 1650 et
615 1587 827 1651 intolerandi
842 1603 993 1665 errores,
1017 1587 1095 1666 ipsa
1117 1587 1257 1650 demum
1276 1586 1404 1649 civitas
1419 1583 1563 1648 infamia

339 1709 410 1755 non
425 1693 594 1757 mediocri
610 1705 779 1774 tanquam
793 1692 1034 1773 improborum
1049 1693 1224 1772 refugium
1244 1701 1278 1756 et
1297 1693 1563 1757 lutheranorum

339 1801 480 1880 asylum
496 1798 548 1875 (id
563 1798 656 1880 quod
672 1800 765 1878 erat)
780 1800 982 1880 laborabat;
999 1799 1062 1863 sed
1082 1797 1176 1879 quod
1194 1817 1217 1862 a
1236 1797 1460 1878 gravissimis
1476 1797 1566 1860 viris

339 1922 471 1985 magno
492 1924 573 1970 cum
591 1907 712 1970 labore
733 1907 809 1971 sine
833 1923 1002 1970 successu
1023 1916 1142 1970 tamen
1161 1915 1334 1969 tentatum
1352 1903 1480 1982 fuerat,
1500 1920 1565 1984 per

339 2012 429 2076 haec
454 2013 582 2077 debilia
601 2011 789 2077 Societatis
814 2013 1010 2076 ministeria
1036 2011 1156 2076 divina
1177 2012 1316 2076 bonitas
1337 2011 1383 2075 ad
1404 2020 1565 2091 optatum

338 2119 474 2184 exitum
488 2121 665 2200 perduxit.
1034 2097 1039 2110 ¹

400 2225 470 2290 302.
514 2225 595 2290 Duo
618 2227 677 2290 alii
697 2245 744 2291 ex
766 2227 898 2291 nostris
920 2225 1093 2290 Hesium¹
1113 2244 1158 2290 ex
1173 2225 1372 2290 obedientia
1386 2225 1484 2289 missi
1494 2225 1566 2289 >hoc

339 2350 435 2396 anno
450 2343 641 2414 venerunt,
661 2342 697 2397 et
715 2339 787 2397 non
809 2332 1007 2397 mediocres
1026 2333 1133 2396 etiam
1157 2333 1206 2396 ibi
1228 2331 1366 2396 fructus
1384 2332 1420 2395 in
1438 2332 1567 2395 horrea

341 2438 485 2503 Domini
500 2440 704 2519 intulerunt,
728 2449 763 2503 et
782 2440 831 2504 illi
852 2441 984 2521 populo
1002 2455 1173 2518 magnum
1187 2440 1244 2503 sui
1262 2439 1476 2502 desiderium
1489 2439 1567 2503 reli·

339 2557 502 2626 querunt,
520 2557 555 2610 et
568 2557 712 2627 praeter
726 2547 884 2611 omnium
903 2563 1004 2627 spem
1023 2546 1060 2609 in
1079 2546 1202 2610 ordine
1222 2546 1448 2623 sacerdotali,
1469 2545 1566 2610 Chri·

339 2662 396 2718 sto
420 2653 568 2735 juvante
593 2663 627 2718 et
651 2653 820 2735 Episcopi
846 2653 1059 2718 auctoritate
1078 2652 1309 2735 suffragante,
1333 2670 1415 2719 cum
1435 2667 1566 2732 magno

340 2760 503 2840 profectu
521 2762 740 2841 laborarunt;
761 2770 796 2824 et
817 2762 854 2824 in
874 2778 917 2823 eo
938 2758 1047 2824 cardo
1068 2762 1192 2823 salutis
1207 2758 1283 2840 ejus
1297 2760 1454 2824 civitatis
1474 2759 1567 2823 verti

341 2867 539 2948 videbatur,
555 2878 590 2931 et
604 2878 642 2931 ut
656 2869 867 2932 clericorum
883 2868 1044 2948 exempla
1059 2876 1094 2931 et
1108 2868 1204 2931 facta
1219 2868 1256 2931 in
1270 2869 1391 2950 populi
1406 2867 1568 2931 offensio·

340 2992 422 3037 nem
446 2990 615 3053 magnam
639 2974 829 3055 aliquando
853 2981 1037 3038 cesserant
1050 2974 1072 3053 ¹,
1097 2974 1147 3037 ita
1174 2991 1297 3038 eorum
1316 2975 1363 3038 ad
1384 2975 1568 3039 meliorem

338 3080 480 3159 frugem
512 3080 690 3161 reducti0,
724 3082 760 3144 in
791 3096 962 3160 magnam
994 3080 1176 3144 hominum
1206 3080 1489 3145 aedificationem
1515 3098 1567 3145 re·

340 3186 524 3250 dundavit.

401 3292 472 3355 303.
516 3293 581 3357 His
597 3293 724 3358 similia
736 3294 870 3373 Ascoli,
888 3293 1023 3374 Ofidae,
1036 3294 1170 3373 Firmii,
1192 3294 1229 3357 in
1248 3293 1368 3357 Monte
1383 3293 1529 3374 Lupone
1544 3291 1570 3372 ³,

342 3399 455 3464 Morti
468 3410 503 3464 et
518 3400 701 3465 Monticuli
715 3418 779 3481 per
792 3400 992 3482 huJusmodi
1008 3403 1196 3466 missiones
1211 3418 1256 3465 ex
1271 3401 1428 3481 Collegio
1441 3400 1571 3464 Laure-

344 3518 427 3570 tano
442 3506 557 3572 factas
571 3505 638 3570 Dei
653 3508 793 3571 bonitas
804 3508 959 3588 peregit,
976 3517 1010 3572 et
1024 3509 1124 3572 multi
1139 3508 1364 3589 gravissimis
1379 3507 1571 3571 sceleribus

340 3614 554 3695 quindecim,
580 3614 709 3695 viginti
733 3624 767 3677 et
791 3615 950 3695 pluribus
976 3616 1078 3680 annis
1103 3617 1200 3678 velut
1224 3615 1261 3678 in
1283 3614 1464 3695 ergastulo
1484 3630 1567 3677 con·

341 3722 470 3801 stricti,
486 3721 627 3785 Christo
649 3720 851 3802 adjuvante,
872 3724 978 3786 soluti
998 3731 1032 3785 et
1051 3724 1088 3786 in
1106 3720 1259 3786 filiorum
1283 3721 1351 3785 Dei
1372 3722 1571 3785 libertatem

343 3846 406 3909 per
421 3838 647 3892 sacramenta
663 3838 788 3893 sancta
804 3830 959 3893 restituti
974 3839 1066 3893 sunt.

404 3934 473 3997 304.
518 3934 562 3998 Et
578 3951 658 3998 curn
673 3934 709 3997 in
724 3944 860 3999 aestate
876 3936 990 4000 minor
1007 3935 1153 3999 Laureti
1173 3952 1369 3999 concursus
1388 3934 1570 3999 hominum

341 4042 419 4105 fieri
435 4043 558 4120 soleat,
572 4052 607 4105 et
620 4041 687 4105 hoc
704 4058 800 4105 anno
811 4054 958 4124 propter
971 4043 1062 4105 bella
1077 4043 1268 4123 pauciores
1282 4042 1390 4105 etiam
1407 4041 1510 4105 solito
1526 4039 1572 4103 ad

388 4318 396 4350 ¹
425 4316 476 4371 Sic,
487 4325 621 4363 errantem
632 4330 717 4364 sermo
725 4320 756 4364 de
767 4320 860 4376 oppido
867 4320 936 4377 Jesr‘.
944 4320 1012 4365 Vide
1020 4318 1142 4366 Litterae
1149 4318 1379 4373 Quadrtmestres,
1387 4323 1406 4360 t.
1414 4328 1450 4371 rv,
1458 4316 1576 4372 pagato,

343 4392 560 4505 a'uzetiaiitrurius
569 4463 644 4517 lapsu
653 4462 746 4507 calami
756 4464 860 4518 scripsit
869 4465 997 4508 cesserat.

387 4532 399 4565 ὅ
425 4532 491 4577 Vlde
503 4532 622 4587 Orrvnnrr
633 4533 762 4589 Maxaart,
773 4541 814 4591 op.
826 4538 870 4580 cit.
880 4546 941 4591 pag.
953 4535 1116 4590 152,§27,ubl
1126 4534 1234 4589 egregia
1244 4533 1422 4577 dissidentium
1432 4533 1575 4577 culmorum

342 4606 522 4651 reconcillatlo
532 4606 697 4653 describitur.
