3642 5350
353 388 404 449 110
800 386 927 450 Canon.
952 387 1030 451 Soc.
1054 387 1125 464 Jns.

350 547 409 602 tur
422 520 495 617 eos,
511 536 570 617 qui
585 536 801 617 reipublicae
819 545 1021 618 praeerant,
1041 545 1115 601 tam
1139 536 1177 600 in
1197 537 1451 602 ecclesiasticis
1470 555 1576 619 quam

350 646 386 710 in
401 644 563 709 civilibus
577 644 694 723 rebus,
718 652 752 707 et
778 644 919 725 quidem
940 660 1072 725 magno
1092 644 1225 725 studio,
1241 653 1280 708 ut
1294 643 1331 709 id
1349 644 1528 709 efficerent
1542 654 1577 709 et

349 752 491 833 publica
506 750 641 831 flagitia
652 750 695 813 de
707 750 823 815 medio
837 751 1011 815 tollerent:
1028 759 1062 815 et
1075 750 1243 833 Episcopi
1262 749 1430 815 vicarius
1450 760 1524 816 tum
1539 753 1576 816 in

349 859 405 923 his
421 877 511 941 quae
526 859 572 922 ad
586 858 702 922 sorum
718 859 958 922 conscientiae
983 866 1157 939 spectant,
1184 867 1260 923 tum
1284 860 1438 923 maxime
1458 860 1494 923 in
1515 860 1576 924 ali·

349 976 433 1049 quot
447 967 626 1047 virginum
648 967 831 1031 coenobiis
848 966 1020 1047 pristinae
1041 967 1237 1047 integritati
1256 967 1494 1047 restituendis,
1514 986 1574 1033 no·

349 1083 503 1139 strorum
518 1090 627 1155 opera
643 1073 832 1153 plurimum
847 1074 1023 1138 utebatur.

407 1181 479 1246 391.
522 1180 561 1245 In
580 1181 737 1246 visendis
761 1190 880 1245 autern
899 1182 1058 1261 aegrotis
1076 1191 1112 1246 et
1130 1183 1167 1246 in
1186 1182 1348 1247 custodia
1362 1185 1502 1264 publica
1517 1182 1574 1247 de-

349 1291 454 1355 tentis
469 1288 504 1353 id
519 1289 674 1353 studium
694 1288 847 1369 pietatis,
871 1290 915 1352 de
940 1306 1010 1369 quo
1032 1289 1121 1354 alias
1141 1291 1357 1370 monuimus,
1378 1292 1491 1355 nostri
1507 1290 1575 1354 hoc

349 1399 456 1462 etiam
467 1412 561 1461 anno
574 1396 830 1477 impenderunt;
846 1396 975 1477 viginti
985 1406 1104 1461 autem
1115 1398 1287 1478 virgineS,
1300 1415 1451 1479 quarum
1462 1397 1575 1479 maior

348 1522 432 1586 pars
447 1505 578 1568 nostris
593 1502 825 1567 confitebatur
844 1513 879 1568 et
904 1504 949 1567 ab
970 1504 1022 1568 eis
1041 1505 1078 1569 in
1097 1505 1203 1569 rebus
1216 1492 1464 1586 spiritualibus
1476 1507 1572 1570 insti·

349 1614 524 1689 tuebatur,
540 1627 634 1675 novo
650 1610 791 1675 cuidam
805 1610 978 1677 coenobio
993 1630 1124 1693 magna
1137 1628 1219 1677 cum
1230 1612 1339 1678 totius
1349 1612 1505 1678 civitatis
1519 1631 1573 1677 ce·

348 1719 509 1783 lebritate
524 1719 694 1783 dederunt
709 1718 857 1783 initium.

407 1826 479 1890 392.
520 1826 720 1907 Pauperum
744 1835 779 1890 et
809 1828 1099 1892 calamitosorum
1131 1829 1367 1894 consolationi
1395 1847 1437 1894 ac
1466 1828 1573 1893 saluti

348 1935 546 1999 consultum
560 1942 625 2013 est,
642 1934 768 2013 quibus
783 1934 851 1997 nisi
864 1934 1091 2001 sacerdotum
1103 1946 1306 2002 nostrorum
1320 1937 1479 2002 charitas
1492 1937 1571 2001 sub·

348 2041 513 2120 venisset,
531 2040 567 2104 in
580 2056 711 2121 magua
725 2050 954 2121 peccatorum
969 2044 1123 2124 caligine
1134 2042 1341 2124 jacuissent.
1357 2042 1571 2110 Nostrorum

348 2158 465 2213 autem
481 2149 641 2229 exemplo
656 2157 839 2227 eteorum,
857 2149 916 2230 qui
930 2149 976 2213 ad
989 2149 1204 2215 Societatem
1224 2152 1443 2234 aspirabant,
1470 2153 1572 2216 multi

347 2256 392 2321 ad
408 2256 638 2321 imitationem
652 2258 689 2320 in
703 2256 871 2322 studiosis
887 2255 895 2289 ¹
912 2258 1078 2339 operibus
1092 2274 1131 2322 se
1146 2261 1417 2339 componebant,
1439 2269 1474 2324 et
1489 2277 1570 2324 con·

347 2364 426 2429 silio
447 2373 552 2445 atque
572 2364 781 2428 auctoritate
800 2374 1006 2430 nostrorum
1024 2384 1067 2429 ac
1086 2367 1231 2431 monitis
1249 2368 1342 2431 inter
1361 2368 1483 2431 varias
1498 2368 1571 2430 ani·

347 2488 485 2536 morum
499 2470 781 2552 perturbationes
796 2472 896 2536 multi
910 2473 1193 2554 acquiescebant.

404 2578 476 2643 393.
519 2580 614 2643 Inter
629 2580 718 2643 alios
733 2577 880 2660 fructus,
898 2598 988 2661 quos
1008 2582 1120 2645 nostri
1139 2582 1342 2647 sacerdotes
1361 2583 1398 2646 in
1417 2583 1570 2647 invisen-

346 2689 401 2752 dis
414 2689 582 2769 Episcopi
592 2688 734 2752 hortatu
749 2689 955 2753 monialium
969 2689 1193 2754 monasteriis
1207 2691 1406 2771 capiebant,
1420 2687 1570 2772 [censeri

346 2795 504 2876 profecto
519 2793 645 2876 debet],
662 2796 755 2876 quod
766 2813 906 2860 errores
919 2805 954 2860 et
964 2796 1146 2861 illusiones
1158 2799 1290 2873 varias,
1303 2799 1369 2862 sub
1381 2806 1568 2879 praetextu

346 2904 602 2967 revelationum
623 2921 645 2965 a
669 2903 840 2967 daemone
866 2921 1067 2986 persuasas,
1090 2908 1318 2984 sustulerunt,
1343 2913 1378 2969 et
1402 2904 1534 2970 Rector
1557 2905 1569 2938 ¹

347 3009 555 3090 praesertim
569 3009 605 3073 in
620 3010 671 3074 eis
685 3011 904 3091 extirpandis
919 3012 1106 3093 perutilem
1129 3029 1275 3094 operam
1294 3013 1481 3092 praestitit,
1498 3021 1569 3077 eta

345 3116 511 3197 periculis
525 3117 630 3180 valde
644 3117 815 3196 gravibus
830 3117 997 3200 deceptas
1014 3119 1350 3200 aliquot-religiosas
1365 3120 1507 3200 eripuit.

404 3223 474 3286 394.
517 3223 610 3287 Inter
625 3222 760 3289 fructus
776 3236 894 3289 autem
908 3243 954 3289 ex
967 3226 1199 3290 xenodochiis
1212 3236 1401 3309 perceptos
1419 3245 1491 3291 non
1507 3228 1569 3290 mi·

345 3332 461 3395 nimus
475 3331 540 3394 suit
556 3328 750 3411 cujusdam,
765 3332 825 3413 qui
838 3350 859 3396 a
871 3334 981 3396 multo
992 3342 1150 3414 tempore
1162 3333 1346 3399 confessus
1356 3353 1428 3399 non
1439 3335 1566 3414 suerat,

344 3439 437 3520 quod
459 3438 684 3502 mulierculae
709 3438 902 3520 cujusdam,
929 3457 1020 3520 quae
1044 3439 1093 3504 ibi
1116 3441 1251 3522 aderat,
1275 3443 1565 3507 consuetudinem

345 3555 382 3611 ut
405 3547 618 3626 relinqueret
643 3545 771 3610 adduci
795 3563 868 3609 non
894 3556 1045 3628 poterat,
1072 3549 1136 3612 sed
1155 3567 1177 3612 a
1196 3550 1327 3613 nostris
1351 3551 1565 3629 admonitus,

344 3661 424 3735 post
438 3652 696 3718 consessionem
711 3669 790 3718 eam
805 3654 842 3717 in
856 3670 1005 3718 uxorem
1019 3655 1132 3719 duxit.

403 3761 474 3825 395.
517 3760 618 3842 Quod
630 3761 675 3824 ad
690 3760 805 3824 studia
822 3762 1018 3827 litterarum
1033 3763 1169 3842 attinet,
1185 3765 1364 3828 orationes
1383 3765 1514 3828 latinae
1530 3774 1566 3828 et

345 3868 490 3949 dialogi,
510 3868 672 3932 versibus
691 3868 890 3949 compositi,
911 3869 1050 3949 publice
1069 3879 1103 3933 et
1122 3869 1263 3951 quidem
1285 3869 1488 3952 frequenter
1506 3872 1567 3935 ba·

345 3977 406 4040 biti
421 3986 502 4040 sunt
516 3985 550 4039 et
564 3993 645 4039 cum
659 3992 797 4039 summo
813 3976 1014 4041 auditorum
1029 3978 1213 4059 applausu;
1236 3986 1271 4041 et
1290 3977 1422 4044 eisdem
1441 3980 1569 4043 mirum

345 4085 379 4147 in
395 4084 536 4149 modum
552 4083 714 4164 discipuli
729 4081 774 4146 ad
790 4084 905 4147 studia
922 4084 1119 4148 litterarum
1130 4084 1425 4149 accendebantur.

403 4189 474 4256 396.
518 4189 693 4255 Numerus
716 4191 1010 4256 scholasticorum
1029 4193 1151 4273 primis
1166 4191 1346 4256 mensibus
1366 4193 1411 4256 ad
1426 4203 1568 4258 centum

345 4299 537 4380 octoginta,
551 4299 584 4362 in
601 4314 795 4379 progressu
810 4314 895 4362 vero
911 4299 994 4363 anni
1013 4297 1058 4362 ad
1079 4299 1252 4364 ducentos
1266 4309 1517 4380 pervenerunt;
1534 4311 1569 4365 et

384 4579 393 4613 ¹
421 4577 471 4634 Stc;
483 4579 661 4625 exlstimamon
672 4585 760 4624 tamen
772 4581 829 4624 loco
840 4580 970 4624 studiosis
979 4578 1141 4624 scribendum
1148 4579 1271 4634 pietatis.

385 4649 396 4682 ¹
423 4650 451 4695 P.
462 4651 614 4696 Evernrdus
624 4651 808 4696 Mercurlanus.
