3642 5350
348 368 402 432 ost
805 367 932 429 Canon.
953 366 1028 430 Soc.
1050 366 1119 444 Jss.

349 517 493 581 Tavara
510 515 518 546 ¹
539 516 575 579 in
594 531 705 596 regno
727 514 893 579 Gallitiae
914 514 1083 580 Societati
1101 517 1356 596 committebat,
1377 514 1478 598 cujus
1492 514 1575 580 hic'

350 633 428 688 erat
442 641 584 705 scopus,
601 633 639 686 ut
653 624 690 686 in
703 641 745 686 eo
764 621 915 702 iuvenes
931 621 1005 703 jam
1026 621 1226 688 octodecim
1245 633 1305 686 aut
1320 623 1448 703 viginti
1464 640 1577 688 annos

349 734 436 811 nati,
462 732 496 795 in
512 731 747 811 grammatica
763 739 798 794 et
823 730 966 794 casibus
990 731 1229 795 conscientiae
1254 732 1523 812 instruerentur,
1540 741 1577 796 ut

349 858 474 904 curam
489 840 686 904 animarum
700 839 737 902 in
749 855 860 920 regno
877 838 1042 902 Gallitiae
1058 855 1226 903 exercere
1237 850 1394 920 possent,
1411 849 1446 903 et
1458 838 1531 920 J'am
1543 840 1578 903 in

349 949 449 1012 curia
464 946 572 1027 Regis
588 947 804 1027 publicatum
817 947 944 1026 luerat,
962 947 1054 1027 quod
1075 946 1243 1011 Societati
1265 948 1391 1012 horum
1407 946 1578 1028 juvenum

349 1055 536 1121 instructio
562 1065 597 1118 et
621 1054 833 1134 gubernatio
858 1055 1155 1118 committebatur.
1182 1054 1238 1119 Ex
1260 1055 1431 1120 reditibus
1460 1064 1578 1120 autem

357 1164 463 1245 hujus
475 1163 618 1242 collegii
633 1161 777 1225 ducenti
791 1161 892 1226 aurei
906 1162 1038 1238 ducati,
1060 1163 1210 1242 singulis
1231 1165 1335 1228 annis
1356 1163 1578 1244 designaban

352 1283 409 1336 tur
423 1271 468 1334 ad
484 1288 547 1334 sex
563 1269 620 1333 vel
639 1278 775 1350 septem
794 1269 1027 1333 scholasticos
1048 1267 1286 1334 Salmanticae
1306 1271 1463 1350 alendos
1486 1271 1580 1352 quod

297 1460 299 1463 Ι
351 1378 562 1461 principium
578 1375 788 1440 salmantini
803 1374 954 1456 Collegit
968 1375 1167 1441 videbatur.

411 1485 503 1550 2810.
545 1485 829 1565 Requircbantur
843 1493 962 1548 autem
976 1486 1046 1549 duo
1062 1494 1199 1551 tantum
1215 1488 1272 1552 vel
1286 1497 1360 1552 tres
1374 1505 1419 1552 ex
1435 1489 1577 1566 nostriS,

353 1611 502 1677 quorum
517 1611 607 1657 unus
627 1593 715 1656 duas
735 1593 990 1672 grammaticae
1009 1594 1179 1658 lectiones
1194 1594 1344 1674 singulis
1363 1597 1466 1660 annis
1482 1613 1581 1676 prae-

352 1707 501 1782 legeret;
528 1701 617 1764 alter
644 1715 751 1764 casus
782 1699 1020 1764 conscientiae
1049 1701 1261 1780 explicaret,
1297 1703 1422 1767 tertius
1450 1701 1581 1767 Rector

352 1819 458 1888 esset,
473 1818 508 1872 et
523 1809 554 1872 si
567 1808 659 1872 idem
681 1806 812 1872 Rector
833 1824 940 1870 casus
958 1810 1197 1889 praelegerat,
1218 1808 1288 1873 dno
1302 1819 1440 1874 tantum
1455 1829 1499 1875 ex
1521 1827 1579 1874 no·

353 1918 437 1981 stris
450 1917 485 1980 in
502 1915 652 1996 collegio
671 1915 836 1979 Tavarae
856 1919 868 1952 ¹
887 1914 1035 1978 fuissent
1056 1917 1236 1997 occupati:
1259 1919 1319 2000 qui
1339 1929 1456 1982 autem
1475 1934 1581 1982 casus

352 2024 593 2088 conscientiae
617 2023 774 2102 legisset,
802 2022 925 2086 diebus
950 2022 1116 2103 profestis
1144 2025 1237 2088 idem
1262 2025 1369 2089 etiam
1394 2025 1582 2090 lectionem

353 2149 479 2196 sacrae
493 2128 699 2211 Scripturae
714 2130 837 2195 diebus
850 2129 964 2211 lestis
982 2129 1084 2210 Juxta
1100 2149 1242 2196 sensum
1257 2134 1457 2212 litteralem,
1473 2133 1580 2214 expli·

357 2247 503 2302 caturus
518 2248 606 2302 erat.

415 2345 506 2410 2811.
550 2345 595 2409 Hi
611 2355 729 2410 autem
749 2345 818 2410 duo
838 2348 897 2411 vel
917 2356 989 2411 tres
1009 2347 1142 2411 victum
1166 2359 1200 2410 et
1225 2347 1360 2429 reliqua
1379 2347 1581 2413 necessaria

355 2464 497 2536 praeter
516 2455 684 2518 vestitum
705 2471 750 2516 ex
772 2454 923 2534 collegio
944 2463 1046 2518 erant
1066 2453 1237 2533 habituri,
1260 2463 1295 2518 et
1317 2455 1459 2520 ducenti
1484 2455 1582 2520 aurei

354 2561 529 2643 praedicti
553 2559 792 2625 Salmanticae
816 2561 969 2641 expendi
993 2570 1170 2641 poterant,
1194 2561 1262 2626 nisi
1287 2564 1406 2626 mallet
1422 2560 1583 2627 Societas

355 2680 493 2752 partem
517 2686 640 2735 eorum
665 2667 830 2733 Tavarae
854 2669 1065 2750 expendere,
1092 2669 1246 2751 aliquem
1270 2669 1317 2734 ibi
1332 2671 1581 2736 scholasticum

357 2778 498 2843 alendo.
514 2777 558 2841 Et
572 2777 710 2841 fructus
724 2794 795 2839 non
811 2777 1043 2857 poenitendus
1058 2778 1139 2859 capi
1153 2794 1258 2858 posse
1272 2778 1471 2858 videbatur,
1485 2777 1582 2859 juve·

356 2904 420 2951 nes
434 2887 514 2950 illos
528 2882 756 2963 instituendo,
772 2885 882 2965 quiin
898 2886 1045 2949 summis
1059 2885 1283 2964 ignorantiae
1298 2887 1453 2951 tenebris
1469 2904 1510 2951 ac
1532 2888 1581 2951 vi·

357 2996 504 3073 tiorum,
531 2990 635 3074 [quae
655 2989 768 3073 erant]
790 2993 825 3055 in
846 2993 905 3056 illo
926 3010 1053 3073 regno,
1074 2994 1157 3057 boni
1176 2995 1328 3075 exempli
1347 3003 1381 3059 et
1400 2995 1583 3060 doctrinae

356 3105 472 3166 lucem
482 3101 638 3181 aliquam
649 3099 777 3163 afferre
790 3109 946 3179 possent.
961 3100 1051 3180 Quia
1063 3110 1182 3164 tamen
1191 3100 1292 3182 juxta
1305 3101 1584 3167 Constitutiones

359 3208 548 3274 Societatis
559 3207 605 3271 ad
616 3224 740 3271 sacras
751 3207 922 3270 lectiones
935 3209 1011 3271 sive
1022 3208 1243 3288 theologicas
1257 3207 1418 3273 Societas
1433 3210 1584 3289 obligari

358 3333 430 3380 non
444 3324 595 3396 poterat,
612 3314 813 3396 postulabat
828 3314 988 3379 Marchio
1008 3334 1030 3378 a
1050 3314 1085 3378 P.
1105 3314 1259 3395 Ignatio‚
1277 3326 1315 3379 ut
1330 3318 1366 3381 in
1381 3317 1433 3381 eis
1447 3316 1584 3398 dispen-

360 3432 455 3488 saret
470 3423 528 3486 vel
543 3422 588 3485 ab
604 3421 683 3485 aliis
698 3438 737 3485 se
752 3420 922 3500 legendas
937 3431 1142 3503 curaturum
1158 3424 1343 3504 reciperet.

418 3529 510 3594 2812.
554 3529 591 3594 Si
612 3540 731 3593 tamen
746 3530 815 3592 hoc
830 3545 900 3592 non
916 3540 1036 3609 posset
1061 3532 1236 3610 obtinere,
1258 3532 1423 3613 quamvis
1439 3532 1585 3613 optabat

359 3639 546 3717 collegium
562 3638 629 3700 hoc
644 3635 811 3699 Societati
826 3637 1010 3715 committi;
1024 3637 1118 3701 aliud
1131 3646 1248 3702 tamen
1260 3638 1455 3703 remedium
1465 3656 1504 3703 se
1515 3657 1587 3703 non

360 3746 521 3809 invenire
535 3743 687 3820 dicebat,
704 3761 809 3823 quam
825 3754 863 3807 ut
885 3762 906 3806 a
925 3742 1104 3807 Societate
1123 3762 1212 3826 opus
1231 3746 1299 3809 hoc
1318 3746 1473 3810 Domino
1492 3764 1586 3811 com·

362 3851 607 3927 mendaretur,
629 3860 664 3914 et
683 3852 781 3929 aliis,
804 3852 864 3931 qui
884 3851 1135 3931 obligationem
1151 3870 1230 3916 eam
1245 3854 1417 3934 subirent,
1439 3854 1587 3920 admini-

362 3961 487 4024 stratio
503 3958 641 4038 collegii
656 3958 947 4022 committeretur.

419 4066 511 4131 2813.
555 4065 643 4129 Cum
659 4075 776 4130 autem
794 4067 884 4130 haec
904 4065 1110 4131 reformatio
1130 4076 1351 4151 contractus,
1371 4070 1443 4134 23,ει
1461 4071 1545 4153 Julii
1566 4090 1586 4133 a

362 4174 399 4237 Ρ.
415 4174 610 4238 Francisco
625 4173 757 4253 Borgia
776 4184 811 4237 et
833 4173 1040 4238 Marchione
1061 4176 1103 4239 de
1126 4176 1269 4240 Tavara
1291 4177 1504 4258 subscripta,
1522 4178 1587 4241 Ro·

363 4300 457 4347 mam
471 4282 681 4359 mitteretur,
699 4280 737 4350 P.
753 4281 931 4361 ignatium
945 4300 989 4345 ex
1005 4284 1099 4346 vivis
1114 4284 1309 4347 decessisse
1324 4285 1472 4366 invenit,
1489 4296 1524 4349 et
1539 4286 1589 4349 ita

405 4488 413 4521 ¹
443 4488 509 4531 Vile
519 4498 608 4542 supra.
619 4498 642 4531 n.
653 4487 715 4532 2757.
727 4486 759 4531 Et
770 4493 789 4532 t.
800 4499 827 4541 v,
838 4498 898 4542 pag.
906 4488 956 4541 436,
967 4500 991 4533 u.
1005 4488 1057 4533 1170
1067 4495 1092 4532 et
1102 4491 1159 4534 loca
1170 4490 1205 4533 ibi
1216 4491 1330 4546 signata.
1372 4522 1375 4528 ,

405 4558 417 4589 ¹
444 4558 712 4613 maturassemus.

405 4630 417 4663 ⁸
443 4629 489 4674 bis.
509 4628 636 4672 Tovorae.
