3642 5350
813 401 878 461 Au.
899 398 969 461 1566
1033 409 1037 419 ’
1448 398 1505 462 ’253

272 545 375 629 scopi
389 545 436 611 ad
450 548 519 612 hoc
534 546 668 628 ipsum;
683 546 746 611 sed
761 563 841 611 cum
856 564 900 610 ue
921 546 972 610 illi
994 545 1134 628 quidem
1155 545 1421 626 concederetur,
1441 563 1501 614 ve,-

273 656 327 719 nit
341 653 491 736 ipsemet
504 652 686 736 Princeps,
702 653 765 719 scd
787 653 969 735 respondit
988 636 1021 732 ei
1040 652 1172 721 Rector
1194 654 1230 717 in
1252 654 1323 733 his,
1346 671 1437 735 quae
1456 651 1502 717 ad

274 760 342 826 Dei
356 761 529 826 honorem
541 762 731 844 pertinent,
746 761 877 826 nullius
891 759 1067 843 Principis
1080 761 1257 827 rationem
1271 778 1349 827 esse
1368 760 1499 825 haben·

274 868 367 933 darn
383 867 504 949 Aegre
518 868 709 935 admodum
723 869 903 950 repulsam
917 868 996 932 tulit
1011 868 1080 949 ille,
1095 877 1131 932 et
1146 868 1230 933 alibi
1241 877 1367 934 contra
1381 867 1499 933 Socie·

273 984 383 1041 tatem
398 994 469 1041 non
482 994 598 1058 pauca
613 975 658 1041 ab
670 990 716 1041 eo
730 976 851 1041 audita
868 984 962 1040 sunt

332 1082 403 1148 972.
446 1082 562 1147 Rediit
573 1083 739 1150 Vicarius
751 1083 855 1147 simul
866 1100 949 1147 cum
963 1092 1065 1164 patre
1079 1048 1230 1164 Horatii,
1247 1094 1282 1149 et
1296 1084 1439 1150 tandem
1452 1084 1503 1149 illi

157 1280 164 1289 ·
275 1192 453 1255 concessit
466 1190 598 1256 Rector
607 1202 647 1257 ut
661 1191 850 1256 Horatium
861 1201 963 1272 pater
978 1209 1100 1257 coram
1114 1192 1192 1274 ipso
1204 1193 1454 1275 alloqueretur,
1468 1202 1503 1257 et

274 1315 317 1362 ea
331 1307 433 1381 pater
449 1298 537 1363 dixit
551 1309 586 1364 et
597 1300 671 1379 egit
682 1309 720 1364 ut
731 1298 840 1365 filium
849 1308 1052 1364 removeret
1066 1318 1088 1363 a
1099 1317 1163 1364 suo
1178 1300 1372 1381 proposito,
1388 1310 1427 1365 ut
1441 1298 1502 1364 Vi*

275 1407 398 1471 carius
411 1407 444 1471 ei
454 1404 600 1486 jusserit
614 1406 696 1473 inde
711 1406 896 1485 recedere,
910 1424 996 1471 nam
1006 1407 1064 1471 vel
1075 1424 1201 1472 saxum
1212 1456 1220 1488 ,
1231 1416 1270 1473 ut
1280 1408 1355 1489 ipse
1371 1405 1500 1488 ajebat,

274 1527 422 1578 movere
437 1522 588 1595 poterat.
604 1514 705 1580 Unde
720 1531 791 1579 non
806 1514 933 1579 mirum
945 1523 1033 1591 crat,
1050 1514 1080 1579 si
1088 1512 1230 1594 juvenis
1244 1515 1385 1580 animus
1398 1516 1503 1580 emol-

274 1620 334 1684 liri
354 1619 545 1686 videretur.
570 1620 771 1687 Recedente
796 1632 915 1687 tamen
940 1621 1052 1703 ipsius
1076 1630 1195 1704 patre,
1216 1623 1263 1688 ad
1287 1641 1326 1687 se
1349 1621 1503 1699 redienS,

276 1728 493 1794 nullomodo
509 1729 621 1794 votuit
633 1738 771 1811 patrem
786 1747 890 1794 suurn
903 1729 1021 1810 sequi,
1037 1729 1100 1794 sed
1115 1729 1192 1794 Deo
1205 1730 1241 1795 in
1255 1728 1433 1796 Societate
1445 1747 1504 1795 no·

276 1844 351 1901 stra
367 1837 515 1901 servire.
824 1823 828 1830 ’
1457 1892 1461 1899 .
1486 1850 1490 1863 ’

335 1943 407 2008 973.
449 1944 558 2009 Venit
572 1947 678 2027 paulo
692 1956 772 2027 post
783 1946 878 2011 idem
888 1944 1057 2011 vicarios
1072 1962 1153 2011 cum
1164 1944 1323 2027 Regente
1334 1946 1466 2012 Vilano
1480 1945 1501 2027 ¹,

277 2059 312 2116 et
326 2061 549 2118 constantem
563 2053 679 2117 adhuc
693 2052 828 2118 invenit
838 2052 1022 2135 juvenem,
1039 2062 1074 2117 et
1093 2070 1175 2118 cum
1189 2053 1434 2123 aedificatione
1448 2070 1506 2119 re·-

276 2167 469 2240 cesseruut,
485 2170 520 2225 et
539 2159 632 2225 Duci
645 2160 786 2225 Albano
800 2159 943 2241 Regens
956 2159 1108 2226 Vilanus
1128 2161 1164 2226 id
1178 2162 1315 2242 retulit;
1331 2170 1365 2226 et
1381 2162 1431 2227 ita
1446 2179 1506 2241 ne·

275 2280 375 2332 cesse
389 2267 541 2333 nonfuit
556 2277 594 2332 ut
607 2267 792 2349 praedicto
806 2267 898 2332 Duci
918 2268 1030 2349 (quod
1048 2266 1086 2331 Ρ.
1106 2267 1266 2349 ignatius
1286 2268 1502 2350 injunxerat)

275 2373 479 2439 informatio
503 2375 590 2440 facti
612 2375 718 2458 hujus
736 2375 898 2454 daretur;
922 2373 985 2439 sed
1007 2384 1044 2439 ut
1063 2392 1101 2439 se
1116 2376 1299 2457 expediret
1320 2376 1366 2441 ab
1386 2374 1504 2457 hujus·
1561 2362 1565 2371 ’

276 2481 371 2546 modi
398 2482 569 2549 molestiis
595 2481 634 2547 P.
663 2482 848 2559 Mendoza,
874 2482 1096 2564 praedictum
1118 2480 1323 2564 Horatium,
1349 2492 1388 2547 ut
1417 2484 1504 2549 dixi·

276 2587 371 2669 mus,
385 2588 537 2655 Romam
551 2590 658 2656 misit.

335 2697 407 2762 974.
449 2698 552 2765 Duae
566 2708 685 2765 autem
698 2707 928 2781 tempestates
941 2697 1091 2780 Neapoli
1112 2707 1260 2764 exortae
1275 2699 1417 2765 luerunt
1436 2699 1505 2764 hac

238 2793 241 2799 ’
276 2805 354 2886 ipsa
377 2815 528 2884 aestate;
556 2809 668 2872 altera
692 2808 807 2873 levior
827 2807 1015 2872 occasione
1041 2806 1183 2872 Octavii
1204 2807 1349 2888 accidit,
1372 2808 1505 2890 dequo

275 2931 348 2978 nou
362 2915 472 2980 semel
485 2923 539 2980 est
551 2915 649 2981 iacta
662 2917 794 2982 mentio
809 2914 832 2976 ¹.
848 2915 918 2979 Hic
939 2931 1021 2980 cum
1036 2913 1171 2988 Romae
1186 2915 1325 2980 infirma
1347 2924 1504 2981 uteretur

275 3021 489 3104 valetudine,
500 3023 670 3089 remissus
680 3032 735 3088 est
745 3022 941 3106 Neapolim,
955 3031 989 3086 et
1001 3023 1091 3086 liber
1102 3025 1178 3103 ipse
1187 3022 1330 3088 relictus
1340 3033 1393 3088 est
1405 3022 1500 3103 (nani

276 3130 514 3196 constantiam
527 3148 599 3195 non
613 3131 828 3196 mediocrem
843 3147 930 3212 prae
945 3147 984 3194 se
997 3129 1152 3209 serebat)
1167 3139 1204 3194 ut
1218 3132 1277 3196 vel
1291 3129 1328 3195 in
1343 3129 1502 3212 Collegio

276 3246 399 3303 nostro
412 3240 470 3302 vel
485 3239 581 3304 domi
594 3247 764 3320 paternae
779 3237 1020 3303 valetudinem
1034 3245 1189 3303 curaret.
1285 3288 1288 3296 .

337 3344 409 3409 975.
450 3345 511 3411 ille
532 3362 620 3428 ergo
634 3346 793 3427 fervens,
809 3355 845 3411 et
863 3345 899 3411 in
918 3345 1044 3411 itinere
1062 3343 1239 3410 interdurn
1258 3346 1503 3428 concionatuS,
1569 3358 1571 3363 ·

276 3460 311 3518 et
333 3452 567 3518 familiaribus
591 3453 776 3536 colloquiis
798 3453 905 3518 ctiam
927 3452 1064 3535 aliquos
1086 3452 1257 3535 adjuvare
1278 3453 1441 3533 studere,
1468 3453 1504 3518 io

277 3559 435 3641 Collegio
452 3561 571 3626 curari
580 3561 707 3642 voluit,
723 3561 888 3644 quamvis
900 3559 975 3641 ejus
985 3568 1151 3642 parentes
1162 3561 1313 3641 singulis
1323 3561 1504 3626 mensibus

277 3685 316 3732 se
330 3669 422 3734 velte
436 3669 596 3734 confiteri
606 3677 641 3734 et
651 3670 915 3734 communicare
930 3686 1012 3734 curn
1023 3685 1088 3733 sua
1100 3667 1234 3732 familia
1245 3669 1501 3750 promitterent,

278 3784 312 3840 et
324 3777 601 3842 constantiorem
612 3795 651 3842 se
662 3795 856 3860 numquam
868 3777 977 3842 fuisse
988 3776 1114 3842 litteris
1125 3777 1200 3842 suis
1212 3777 1420 3842 testabatur.
1437 3775 1504 3841 Ro·

277 3885 379 3964 gavit
395 3886 502 3950 etiam
516 3902 580 3967 per
600 3886 737 3950 litteras
756 3884 795 3949 P.
815 3885 1006 3966 ignatium,
1021 3903 1066 3949 ne
1080 3884 1300 3966 permitteret
1314 3901 1352 3949 se
1367 3903 1411 3950 ex
1426 3883 1504 3950 Col·

271 3990 369 4077 ‚legio
384 3993 429 4058 ad
444 3993 556 4075 patris
571 3993 714 4059 domum
729 3991 867 4058 deduci.

337 4099 408 4163 976.
451 4099 539 4166 Cum
561 4110 680 4166 autem
698 4100 831 4165 Rector
850 4100 1012 4165 morbum
1031 4099 1260 4182 prolixiorem
1280 4041 1503 4166 animadver-

276 4215 366 4272 teret
373 4205 502 4289 ,hujus
516 4209 712 4274 sententiae
725 4207 802 4290 luit,
817 4217 857 4273 ut
871 4208 917 4273 ad
931 4208 1044 4291 patris
1058 4205 1200 4272 domum
1215 4207 1410 4274 curationis
1422 4225 1504 4290 gra·

315 4453 325 4489 ¹
352 4454 403 4508 Sic,
410 4454 748 4501 etetatlmrecurritetlam
768 4452 889 4499 vilanus.
890 4453 1055 4508 -lteggenre
1070 4451 1142 4497 della
1157 4463 1227 4507 gran
1243 4452 1405 4498 (torredella
1428 4453 1504 4501 Vica-

276 4527 328 4570 ria.
338 4524 503 4583 Viderupra,
512 4534 531 4571 ι.
541 4536 578 4581 ιιι,
587 4537 648 4582 pag.
659 4525 705 4581 184,
716 4538 741 4571 ιι.
751 4525 800 4580 391,
809 4533 899 4570 annot.
908 4525 930 4570 3.

315 4597 328 4631 ¹
354 4597 681 4655 vluenupra,r.nr.par
699 4550 1503 4658 19119911614011ιν,ριι.17,ιι.17,ειρις1116496.

276 4669 469 4717 Etiamcarm
478 4671 512 4716 de
522 4669 578 4715 sarr
588 4669 708 4725 lauacro
717 4676 737 4717 t.
747 4681 775 4714 rr
777 4680 853 4726 ,pap
861 4669 896 4724 44,
907 4669 942 4724 46,
955 4668 1002 4725 tlt,
1009 4668 1052 4715 196
1069 4676 1095 4715 et
1104 4681 1183 4726 saepe
1193 4671 1264 4718 alibi.
1412 4683 1414 4690 ⁴
1448 4695 1450 4700 ·
