3642 5350
793 427 851 484 Au.
874 427 946 486 1556
1434 429 1491 490 535

249 580 486 652 saraugustae
505 581 540 635 et
559 571 595 635 in
616 573 743 637 vicinis
761 573 901 653 populis
922 582 1085 654 possent,
1101 575 1162 655 qui
1177 591 1360 639 carcerem
1375 584 1410 638 et
1426 570 1487 639 bo·

252 677 377 760 spitale
392 679 588 742 inviserent
603 690 638 744 et
653 679 732 743 aliis
747 681 915 761 operibus
929 680 1116 744 charitatis
1131 690 1316 745 vacarent.
1512 761 1521 784 ἢ

313 783 404 848 2317.
447 786 491 849 Et
506 787 589 865 quia
610 789 858 867 eleemosynae
883 786 972 850 satis
991 797 1094 851 erant
1113 797 1253 865 arctae,
1275 799 1311 852 et
1330 789 1440 869 aliqui
1467 806 1490 851 a

254 892 385 956 nostris
400 893 568 957 recedere
583 893 810 973 videbantur,
827 894 922 974 quod
936 905 1082 974 propter
1097 895 1282 976 penuriam
1295 895 1383 976 ipsis
1406 912 1490 959 one·

254 1000 328 1063 rosi
348 997 456 1063 futuri
479 1000 696 1076 timerentur;
722 1001 863 1065 aliunde
886 1000 1092 1065 necessaria
1110 1018 1189 1065 esse
1209 1002 1424 1082 quaerenda,
1443 1003 1489 1066 ad

254 1122 440 1170 numerum
456 1107 701 1186 operariorum
715 1108 929 1186 augendum.
946 1105 1038 1171 Nam
1053 1108 1090 1170 in
1104 1120 1272 1172 autumno
1288 1109 1373 1172 anni
1388 1125 1488 1189 prae·

254 1212 348 1276 teriti
370 1221 592 1276 sextantum
614 1213 657 1276 de
678 1215 821 1288 nostris
845 1224 880 1277 et
905 1215 998 1278 inter
1022 1231 1085 1278 eos
1109 1223 1263 1295 quatuor
1283 1216 1489 1279 sacerdotes

252 1331 370 1398 erant,
393 1329 428 1382 et
451 1319 595 1384 domum
616 1320 714 1384 illam
737 1332 1107 1403 caesaraugustanam
1133 1332 1279 1404 propter
1300 1340 1489 1388 commune

251 1427 382 1490 bonum
397 1425 585 1491 Societatis
606 1428 875 1492 sustentandam
897 1439 932 1492 et
953 1429 1156 1509 augendam
1178 1430 1388 1509 censebant;
1405 1448 1489 1494 nam

253 1543 379 1597 contra
393 1534 526 1598 bonurn
539 1531 615 1614 ejus
630 1551 814 1599 cessurum
830 1535 1029 1614 videbatur,
1046 1535 1078 1599 si
1093 1536 1205 1599 nostri
1221 1536 1303 1600 inde
1324 1537 1489 1601 recessis-

255 1649 345 1704 sent.
361 1640 406 1704 Et
422 1657 443 1704 a
460 1639 621 1722 Principe
636 1640 830 1706 Abbatiam
844 1643 1012 1723 aliquam,
1026 1660 1118 1724 quae
1133 1643 1179 1706 ad
1195 1642 1272 1723 eius
1284 1655 1490 1723 praesenta·

257 1747 390 1811 tionem
404 1750 613 1829 pertineret,
629 1747 819 1829 petendam
841 1764 937 1826 esse,
961 1759 1000 1813 ut
1016 1748 1213 1832 Collegium
1231 1750 1307 1814 sine
1327 1751 1491 1813 molestia

259 1854 393 1918 ciuium
408 1865 668 1920 sustentaretur
683 1873 690 1935 ;
713 1866 748 1919 et
773 1857 918 1936 civitaS,
939 1857 1009 1921 hac
1033 1856 1171 1921 ratione
1186 1854 1327 1936 adjuta,
1345 1856 1392 1920 ad
1405 1856 1490 1921 Uni·

258 1963 467 2026 versitatem
482 1963 735 2027 instituendam
751 1964 875 2044 (quam
899 1981 1117 2046 magnopere
1142 1963 1329 2044 optabant)
1355 1963 1491 2027 anima·

259 2080 369 2134 retur.

318 2175 409 2240 2318.
454 2177 488 2241 A
513 2176 657 2243 Summo
683 2178 791 2241 etiam
816 2176 986 2241 Pontifice
1011 2177 1069 2241 vel
1088 2176 1337 2243 cardinalibus
1352 2177 1488 2259 quibus·

258 2282 342 2347 dam
357 2285 494 2349 litteras
519 2303 597 2348 esse
620 2285 800 2350 curandas
823 2284 868 2350 ad
888 2284 1212 2365 Archiepiscopum
1238 2293 1273 2348 et
1295 2285 1490 2359 civitatem,

258 2399 313 2470 ut,
330 2390 528 2454 institutum
552 2391 742 2456 Societatis
768 2392 1064 2470 commendando,
1085 2391 1385 2456 existimationem
1409 2392 1490 2456 sini·

259 2507 389 2575 stram,
407 2515 513 2578 quam
529 2517 550 2561 a
564 2499 744 2578 religiosis
763 2510 798 2564 et
821 2499 1076 2564 ecclesiasticis
1095 2508 1325 2578 acceperant,
1341 2498 1493 2579 depone·

259 2615 351 2668 rent.
367 2603 412 2668 Et
426 2605 509 2687 quia
526 2605 620 2668 bona
636 2624 680 2669 ex
702 2616 805 2687 parte
821 2606 950 2688 nostri,
971 2607 1033 2689 qui
1047 2605 1357 2685 Caesaraugustae
1372 2621 1492 2670 versa·

264 2714 407 2791 bantur,
424 2714 608 2777 castellani
624 2724 736 2794 erant,
754 2716 813 2795 qui
830 2715 935 2780 valde
948 2715 1087 2780 molesti
1102 2725 1137 2779 et
1152 2712 1266 2777 odiosi
1281 2714 1492 2792 aragonien-

262 2821 361 2884 sibus
378 2826 399 2897 ¹,
430 2821 569 2885 ratione
598 2822 783 2885 nationum
807 2840 886 2886 esse
912 2823 1096 2899 solebant,
1133 2821 1273 2901 aliquos
1297 2838 1342 2883 ex
1370 2820 1494 2901 regnis

260 2929 468 3007 Aragoniae
484 2938 626 2992 nostros
640 2929 829 3008 religiosos
849 2928 1177 3008 Caesaraugustam
1197 2926 1386 2991 mittendos
1401 2944 1491 2998 esse.

260 3037 369 3099 immo
382 3045 417 3099 et
428 3035 466 3099 P.
478 3036 662 3100 Francisci
674 3036 827 3117 Borgiae
843 3036 1151 3101 adventumvalde
1166 3046 1404 3115 opportunum
1416 3032 1493 3098 lore

256 3142 476 3222 censebant;
495 3161 590 3223 nam,
608 3152 752 3223 praeter
773 3154 929 3220 caetera,
953 3142 1113 3207 famosus
1134 3142 1278 3224 quidam
1300 3143 1437 3206 libellus
1459 3152 1494 3206 et

262 3250 351 3313 satis
371 3250 557 3329 impudens
575 3258 700 3314 contra
722 3249 938 3314 Societatem
959 3252 1066 3332 paulo
1085 3260 1166 3331 post
1187 3249 1340 3314 reditum
1357 3258 1494 3313 nostro·

262 3374 357 3437 rum,
381 3358 417 3421 in
437 3357 578 3437 publico
599 3358 766 3421 inventus
782 3366 856 3437 est;
886 3375 992 3438 quem
1012 3358 1210 3439 Episcopus
1237 3356 1493 3432 Gerundensis,

261 3464 455 3546 Inquisitor
465 3463 488 3539 ',
506 3464 552 3528 ad
566 3481 604 3527 se
620 3465 767 3528 missum
779 3464 933 3545 accepit,
950 3473 988 3528 ut
1004 3482 1070 3546 pro
1081 3463 1186 3528 officii
1198 3464 1254 3527 sui
1265 3464 1401 3527 ratione
1416 3480 1495 3543 pro·

264 3572 414 3636 videret.

324 3678 415 3743 2319.
459 3678 626 3742 Pervenit
652 3679 718 3742 sub
736 3678 874 3742 initium
895 3676 1107 3743 Novembris
1131 3678 1216 3741 anni
1240 3676 1425 3759 praeteriti
1449 3675 1496 3739 ad

265 3796 406 3850 nostros
421 3786 596 3867 quaedam
611 3785 732 3850 citatio
746 3794 782 3850 et
795 3785 969 3865 inhibitio,
991 3803 1062 3866 qua
1076 3801 1188 3848 causa
1202 3785 1292 3848 haec
1307 3795 1342 3848 et
1356 3790 1496 3847 contro-

264 3894 384 3957 versia
398 3902 485 3970 tota,
502 3894 594 3955 inter
608 3892 798 3972 religiosos
809 3904 843 3957 et
855 3890 1083 3971 Societatem,
1096 3891 1247 3955 Romam
1259 3890 1496 3955 transfereba-

263 4010 332 4080 tur;
349 4017 440 4081 quae
455 4016 512 4062 res
526 4001 677 4063 multum
695 4000 952 4064 consolationis
973 3999 1105 4063 nostris
1120 3999 1256 4073 attulit,
1273 4008 1309 4061 et
1328 3996 1497 4077 quodam-

262 4104 367 4170 modo
384 4113 497 4169 totum
511 4106 696 4169 molestiae
711 4106 850 4186 pondus
866 4106 911 4168 ab
926 4105 978 4170 eis
992 4106 1157 4169 removit.
1175 4104 1252 4168 Has
1271 4112 1391 4167 autem
1407 4102 1495 4166 litte·

262 4230 323 4277 ras
338 4213 562 4277 inhibitorias
582 4223 616 4277 et
639 4213 824 4277 citatorias
839 4213 951 4276 voluit
973 4213 1123 4292 ipsemet
1142 4211 1447 4292 Arcbiepiscopus
1460 4219 1498 4272 et

305 4522 314 4556 Ι
344 4521 391 4567 Me.
404 4524 628 4577 aragonensibus.

305 4592 318 4625 Ι
344 4593 412 4638 Vide
421 4605 510 4650 rupta,
521 4602 539 4639 t.
550 4608 576 4648 v,
587 4604 647 4650 pag.
663 4594 712 4651 ⁴07,
722 4606 747 4639 n.
760 4594 820 4646 2092,
831 4594 890 4649 1⁰⁹&
901 4607 935 4639 ex
944 4606 995 4650 quo
1011 4595 1069 4639 loco
1086 4592 1230 4649 Episcopus
1245 4592 1423 4639 Gerundensls
1439 4602 1503 4640 erat

265 4664 444 4711 Gundlsalvus
455 4668 534 4711 Atlas
545 4666 666 4721 Gallego.
