3642 5350
771 447 835 509 Au.
857 446 927 510 1556
1412 444 1467 510 329

236 606 330 662 esset
352 596 590 662 Messanensis
605 594 772 678 Collegii;
793 601 827 661 et
844 596 913 661 hoc
928 596 1144 662 Provinciaii
1169 612 1379 661 concessum
1398 605 1465 678 est,

237 705 400 787 quamvis
414 704 565 770 Romam
579 706 695 770 fuerat
710 714 880 770 evocatus
893 705 915 784 ¹,
931 714 970 769 ut
984 704 1101 770 studia
1115 722 1181 769 sua
1195 704 1409 771 absolveret.

299 813 388 879 1344.
431 814 509 895 Ipse
528 815 634 878 etiam
653 813 800 879 Pro-rex
820 814 967 878 ulterius
982 830 1089 894 quam
1104 812 1329 893 cogitaverat
1348 812 1386 877 in
1400 829 1466 893 gu·

238 922 444 987 bematione
459 940 604 987 manere
619 923 749 1001 debuit;
762 932 798 987 et
809 930 940 1002 tamen,
958 938 1079 987 mense
1089 920 1279 986 Decembri
1291 920 1466 1003 absoluto,

239 1030 381 1094 omnino
396 1047 520 1095 curam
533 1031 630 1095 illam
644 1029 820 1112 deponere
835 1030 989 1110 volebat,
1006 1038 1040 1095 et
1051 1028 1127 1111 Jam
1140 1030 1302 1094 nuntium
1321 1046 1466 1111 accepe-

238 1149 295 1201 rat
323 1138 418 1219 quod
442 1137 525 1203 Dux
553 1138 871 1220 Methymnaecoeli
897 1137 1047 1203 Pro-rex
1080 1136 1221 1203 Siciliae
1253 1137 1467 1203 constitutus

238 1254 327 1326 erat,
349 1256 383 1310 et
402 1246 517 1311 donec
537 1247 613 1327 ipse
632 1246 781 1327 veniret,
798 1246 857 1327 qui
872 1245 1091 1327 praesideret
1105 1243 1248 1311 Siciliae
1267 1245 1375 1310 etiam
1396 1245 1465 1311 iue-

238 1361 295 1417 rat
310 1370 332 1417 a
346 1353 445 1434 Rege
459 1354 661 1418 nominatus
677 1352 699 1418 '.

301 1460 389 1525 1345.
435 1461 591 1526 Venerat
613 1462 650 1525 in
670 1468 824 1526 mentem
844 1461 944 1526 Patri
967 1460 1183 1527 Provinciali
1208 1462 1254 1526 ad
1282 1479 1468 1527 commune

238 1570 368 1633 bonum
396 1569 480 1633 utile
506 1570 599 1649 sore,
630 1570 661 1633 si
689 1570 985 1651 quemadmodum
1010 1568 1170 1635 Societas
1199 1570 1466 1652 disciplinarum

238 1676 491 1742 tradendarum
510 1695 633 1741 curam
652 1687 877 1759 susceperat,
897 1678 948 1742 ita
970 1687 1005 1741 et
1023 1677 1285 1759 typographiae
1299 1687 1468 1759 sumeret,

239 1793 273 1849 et
287 1785 361 1851 suis
376 1786 535 1867 collegiis
554 1786 598 1850 de
615 1785 715 1850 libris
734 1786 943 1867 opportunis
963 1785 1200 1867 prospiceret,
1222 1794 1257 1850 et
1275 1785 1346 1850 alia
1365 1786 1470 1868 spiri·

240 1892 350 1957 tualia
370 1910 479 1975 opera
500 1903 533 1958 et
552 1892 721 1957 Societati
739 1902 885 1957 nostrae
905 1892 1155 1958 convenientia
1169 1893 1399 1975 imprimeret.
1423 1892 1469 1959 Et

238 2018 296 2064 res
315 2001 353 2065 in
367 2000 443 2066 dies
457 2001 561 2065 latius
583 2009 705 2082 patere
723 2009 875 2083 poterat,
897 2017 964 2065 nec
988 2000 1127 2066 difficile
1141 2001 1218 2065 iore
1239 2002 1468 2067 existimabat

239 2107 276 2172 in
296 2107 474 2173 Societate
493 2108 631 2191 aliquos
649 2109 802 2173 inveniri
817 2109 862 2173 ad
886 2109 955 2173 hoc
981 2125 1109 2172 munus
1133 2108 1291 2174 idoneos
1313 2109 1416 2190 Quod
1437 2109 1471 2175 si

240 2216 307 2279 hoc
329 2232 457 2281 munus
478 2215 637 2282 Societas
656 2227 733 2282 erat
754 2225 980 2297 susceptura,
1008 2216 1195 2281 Messanae
1218 2216 1337 2297 potius
1363 2234 1470 2300 quam

243 2324 337 2405 alibi,
360 2333 505 2407 propter
530 2333 654 2406 portus
680 2323 977 2403 commoditatem,
999 2323 1134 2389 institui
1153 2325 1282 2390 debere
1299 2334 1470 2407 typogra-

242 2434 363 2514 phiam
374 2431 568 2515 iudicabat,
586 2433 668 2514 quia
683 2432 764 2497 inde
778 2430 824 2496 ad
839 2448 964 2496 omnes
974 2432 1071 2497 orbis
1081 2440 1202 2515 partes
1213 2433 1293 2498 libri
1306 2433 1398 2499 mitti
1413 2449 1470 2515 po·

243 2551 368 2607 terant.

305 2648 393 2714 1346.
435 2649 591 2716 Contulit
606 2660 724 2717 autem
738 2653 807 2717 hoc
822 2669 903 2718 cunt
916 2652 1096 2732 Pro-rege,
1111 2650 1171 2733 qui
1182 2667 1253 2715 non
1264 2650 1380 2716 solum
1393 2667 1471 2734 pro·

243 2761 353 2840 bavit,
371 2758 433 2824 sed
448 2759 581 2841 recepit
596 2761 703 2824 etiam
717 2761 754 2825 in
768 2763 779 2798 ⁵
795 2761 941 2826 civitate
961 2778 999 2825 se
1015 2769 1223 2826 curaturum
1238 2768 1276 2824 ut
1292 2759 1338 2824 ad
1358 2759 1394 2823 id
1414 2775 1475 2824 no·

243 2878 337 2932 stros
347 2866 505 2948 J'uvaret3
527 2877 581 2932 est
601 2868 695 2933 enim
714 2887 757 2932 ea
776 2869 905 2934 civitas
926 2869 1014 2932 satis
1028 2885 1205 2950 propensa
1226 2866 1273 2931 ad
1290 2868 1472 2948 publicum

242 2975 391 3056 bonum,
418 2976 629 3057 praesertim
655 2993 741 3042 suae
768 2976 984 3058 reipublicae
1008 2974 1258 3055 honorificum,
1276 2976 1380 3057 quale
1404 2975 1474 3040 hoc

243 3091 332 3148 erat.

307 3192 394 3258 1347.
438 3192 625 3274 Proposuit
650 3193 757 3257 etiam
783 3192 945 3272 Pro-regi
971 3192 1213 3258 molendinum
1238 3191 1283 3257 nd
1308 3193 1473 3257 chartam

243 3301 498 3366 conficiendam
513 3301 648 3365 institui
663 3318 780 3383 posse,
798 3301 881 3382 quia
901 3302 1036 3365 nullum
1050 3309 1127 3365 erat
1141 3301 1179 3363 in
1189 3317 1302 3380 regno
1318 3298 1472 3382 Siciliae,

244 3417 279 3472 et
292 3410 360 3473 boc
375 3409 482 3473 etiam
496 3426 713 3491 magnopere
725 3427 746 3472 a
757 3410 928 3488 Pro-rege
939 3408 1005 3472 fuit
1020 3408 1219 3489 probatum;
1232 3407 1397 3488 quamvis
1407 3407 1472 3472 cir·

230 3535 287 3598 ‚ca
302 3518 454 3598 pretium
476 3516 644 3580 librorum
659 3519 764 3597 paulo
784 3517 886 3581 aliter
902 3517 1076 3581 sentiebat
1092 3532 1199 3597 quant
1214 3513 1254 3580 P.
1269 3514 1474 3579 Provincia·

244 3625 299 3704 lis,
314 3624 374 3704 qui
389 3624 558 3689 censebat
575 3624 693 3688 viliori
715 3625 828 3705 pretio
849 3624 959 3688 libros
974 3623 1081 3689 vendi
1103 3623 1246 3702 debere,
1271 3631 1474 3687 nostrorum

244 3731 423 3796 laboribus
445 3749 516 3795 non
538 3731 767 3813 computatis;
790 3729 939 3798 Pro-rex
960 3742 1080 3796 autem
1098 3733 1204 3813 paulo
1220 3730 1345 3813 majori
1359 3731 1474 3813 pretio

245 3873 457 3885 ——s-———-

286 3938 295 3971 ¹
322 3939 352 3983 P.
363 3938 475 3982 Annibal
486 3938 517 3982 de
528 3935 679 3982 Coudretto.

285 4010 297 4042 ¹
325 4008 438 4064 “vegam
455 4015 516 4054 ante
531 4010 591 4054 novi
607 4007 740 4063 Proregls
752 4007 893 4054 adventum
908 4010 982 4064 regul
999 4009 1263 4054 administrationem
1273 4008 1389 4065 Drepani
1404 4009 1478 4054 abdi·

244 4088 295 4134 cst,
307 4092 414 4136 eamque
424 4081 549 4126 transfert
560 4082 593 4125 sd
605 4080 712 4126 Petrum
721 4081 874 4135 aragonam
885 4089 911 4125 et
922 4080 1096 4136 Tagliavlsm,
1104 4079 1130 4126 S.
1140 4081 1171 4126 tt.
1183 4080 1213 4126 E.
1223 4080 1397 4132 cardinalem.
1407 4080 1473 4126 Pon·

244 4152 339 4198 ttliccnr
356 4161 382 4197 et
400 4152 484 4198 civem
501 4151 728 4204 Panormitanunt,
745 4151 876 4197 Prassldls
893 4153 1008 4206 titulo...
1025 4152 1090 4197 “Sed
1105 4153 1165 4198 dum
1180 4153 1214 4198 sd
1233 4152 1430 4206 navigationem
1446 4163 1475 4197 se

244 4225 365 4280 [joannes
375 4225 406 4269 de
416 4223 501 4280 Vaga]
513 4230 655 4279 comparat,
665 4224 680 4278 J
682 4235 779 4269 oannes
789 4224 874 4269 cerda
885 4223 946 4269 Dux
956 4225 1047 4279 [le]
1055 4224 1224 4269 Medinacoeii
1232 4225 1259 4268 in
1267 4223 1384 4269 stettism
1393 4237 1409 4269 a
1419 4225 1479 4270 Plri-

244 4297 314 4351 iippo
324 4295 350 4340 11
357 4306 415 4340 eunt
423 4295 531 4349 imperio
539 4295 640 4350 missus,
651 4295 807 4340 Panormnm
818 4296 943 4350 appulit...
953 4295 1044 4340 Novus
1052 4296 1141 4351 itaque
1150 4295 1285 4341 Prorex...
1297 4295 1332 4340 ad
1342 4296 1479 4341 cummisit

243 4369 287 4424 qni
301 4378 348 4422 pro
363 4379 392 4411 se
406 4373 522 4422 rogaret,
538 4379 569 4410 ne
584 4374 746 4422 gravaretur
760 4366 877 4422 Drepani
892 4367 1021 4423 tantisper
1035 4368 1187 4422 subsistere,
1203 4368 1271 4411 velle
1287 4378 1316 4411 se
1330 4378 1390 4412 enm
1405 4369 1477 4413 eode

242 4439 384 4495 Republica
394 4440 592 4493 communicare,
606 4440 721 4494 adquam
734 4439 882 4494 propediem
893 4445 1019 4484 venturus
1035 4446 1145 4492 esset...„
1156 4439 1300 4488 Aoniam,
1314 4435 1476 4482 &solariae

243 4512 351 4558 Siculae
363 4511 418 4556 Soc.
430 4510 497 4566 Jesu
509 4541 523 4555 ..
534 4513 582 4555 ioc.
593 4512 638 4556 clt.
649 4523 709 4567 pag.
726 4511 773 4566 12⁹,
785 4511 832 4566 ida
848 4511 890 4567 qui
907 4510 974 4556 hune
985 4511 1095 4566 primurn
1106 4519 1272 4564 congressum
1286 4509 1419 4564 describit,
1436 4521 1480 4554 ex·

242 4583 364 4638 bibatque
372 4582 479 4636 joannis
489 4583 520 4628 de
530 4582 607 4638 Vega
623 4582 692 4639 apud
702 4593 797 4629 novum
807 4582 958 4640 Pro-regent
966 4580 1183 4640 perbonorldcaut
1199 4579 1341 4628 societatis
1350 4590 1479 4628 continen-

247 4655 387 4701 dationem.

287 4727 299 4760 ³
326 4725 376 4782 Sic;
387 4726 484 4772 rectius
495 4727 561 4772 lorte
572 4738 641 4773 tuin.
