3642 5350
815 469 879 527 Art.
901 468 972 528 1556
1454 474 1509 533 805

274 613 490 692 vectoribus,
508 628 679 696 prospera
694 614 936 695 navigatione,
952 617 1017 680 sub
1038 617 1167 682 festum
1188 617 1419 683 Pentecostes
1433 618 1506 683 Ma·
1603 634 1612 650 ·

275 721 417 785 lachem
431 720 611 802 pervenit3
627 722 689 787 ubi
701 720 922 804 praedictum
936 723 1123 805 Aloysium
1140 723 1149 756 ¹
1165 741 1245 790 cum
1264 726 1336 789 alio
1351 723 1507 807 quodam

277 824 449 911 [invenit],
466 829 526 910 qui
540 829 805 911 recuperandae
819 829 1034 895 valetudinis
1047 831 1167 911 gratia
1178 850 1223 896 ex
1235 832 1390 914 quodam
1400 822 1507 914 portu

276 933 440 1001 Sinarurn
455 952 497 1000 eo
512 945 672 1001 venerat.
689 935 774 1002 Inde
790 945 909 1001 autem
920 938 1016 1002 misit
1027 937 1171 1004 Petrum
1182 939 1227 1003 de
1237 939 1431 1017 Alcazeva,
1444 941 1505 1022 qui

276 1042 469 1108 subsidium
489 1044 632 1125 aliquod
651 1045 784 1109 nostris
800 1044 1057 1126 japonensibus
1082 1046 1129 1110 ad
1148 1046 1307 1127 ipsorum
1331 1055 1505 1111 sustenta·

274 1151 407 1215 tionem
426 1150 624 1231 deferebat3
645 1159 783 1220 tantum
802 1151 940 1217 scilicet
953 1154 1065 1234 panni
1083 1154 1190 1218 serici
1215 1172 1236 1218 a
1258 1153 1505 1219 Gubernatore

274 1256 394 1323 Indiae
409 1258 551 1324 nomine
565 1258 675 1339 Regis
696 1259 881 1340 donatum,
902 1277 948 1323 ex
962 1277 1032 1342 quo
1052 1262 1240 1342 plusquam
1262 1262 1356 1326 mille
1376 1278 1505 1326 aureos

272 1366 404 1432 habere
419 1368 534 1431 nostri
556 1376 737 1448 poterant3
754 1376 789 1431 et
807 1367 857 1432 ita
871 1384 999 1432 versus
1014 1366 1119 1433 Sinas
1137 1370 1344 1449 navigavit,
1365 1369 1446 1433 inde
1466 1370 1504 1433 in

270 1472 446 1558 Japonem
460 1474 693 1552 transituruS,
709 1491 801 1556 quae
815 1474 1001 1555 navigatio
1015 1493 1121 1557 quam
1136 1478 1183 1541 sit
1200 1476 1338 1557 prolixa
1360 1485 1395 1540 et
1414 1477 1502 1558 peri·

270 1581 404 1657 culosa,
422 1582 667 1663 experimento
682 1580 721 1645 P.
737 1582 911 1646 Melchior
924 1581 1072 1663 Nugnez
1087 1583 1271 1647 didicerat.

330 1683 424 1753 3'450.
466 1687 574 1769 Situs,
603 1690 639 1754 in
664 1707 735 1771 quo
761 1690 903 1754 lusitani
928 1689 1089 1754 Malacae
1109 1691 1328 1763 habitabant,
1351 1691 1502 1771 exiguus

272 1805 363 1877 erat,
381 1804 416 1861 et
430 1814 472 1862 eo
491 1796 597 1862 modo
614 1797 740 1862 melius
759 1797 804 1860 ab
823 1797 986 1861 hostibus
1004 1797 1145 1862 defendi
1163 1806 1314 1879 poterat.
1334 1798 1501 1864 Frumen-

271 1914 346 1969 tum
360 1914 396 1969 et
407 1921 535 1971 carnes
546 1922 591 1969 ex
600 1904 711 1986 India,
724 1905 929 1986 quingentis
940 1905 1052 1969 leucis
1062 1905 1144 1970 inde
1155 1905 1319 1984 distante,
1333 1923 1444 1987 oryza
1455 1924 1501 1970 ex

271 2013 387 2077 insula
403 2011 521 2077 Giava
532 2011 769 2077 deferebatur.
783 2012 939 2078 Fructus
953 2013 1104 2094 ipsamet
1119 2013 1305 2093 provincia
1315 2013 1501 2077 Malachae

270 2119 419 2200 ferebat,
436 2119 529 2185 inter
542 2136 631 2200 quos
645 2120 818 2183 duriones
832 2138 877 2184 ex
891 2119 1115 2185 suavissimis
1128 2120 1225 2184 orbis
1239 2121 1411 2186 fructibus
1421 2138 1499 2185 cen·

274 2228 455 2293 sebantur.
471 2227 577 2308 Aqua
590 2228 715 2308 procul
730 2236 807 2293 erat
821 2228 866 2291 ab
881 2228 986 2308 urbe,
1003 2236 1038 2292 et
1052 2226 1098 2291 ad
1111 2243 1190 2292 eam
1205 2227 1431 2293 deserendam
1445 2246 1499 2293 ar·

272 2344 388 2400 matos
403 2334 456 2399 ire
469 2332 631 2399 homines
644 2336 849 2416 oportebat,
872 2344 947 2400 tum
966 2344 1110 2417 propter
1130 2337 1308 2400 latronum
1327 2344 1401 2400 tum
1419 2354 1497 2417 pro·

268 2450 347 2524 pter
361 2442 518 2508 ferarum
533 2442 637 2525 (quae
654 2442 690 2507 in
704 2442 764 2507 illa
778 2442 894 2524 sylva,
915 2441 1015 2507 Goae
1034 2442 1170 2521 vicina,
1192 2443 1367 2524 plurimae
1384 2444 1497 2522 erant)

266 2550 437 2631 pericula:
458 2567 543 2615 nam
564 2549 753 2631 elephanti,
769 2558 905 2630 tygres,
922 2550 1009 2629 ursi,
1029 2550 1150 2614 leones
1174 2558 1210 2614 et
1233 2550 1324 2614 aliae
1349 2551 1495 2630 bestiae,

268 2673 358 2739 quas
372 2675 566 2738 raymones
579 2666 724 2740 vocant,
741 2659 871 2724 multos
885 2657 1064 2739 homines,
1080 2676 1170 2740 quos
1184 2658 1346 2723 incautos
1361 2658 1496 2724 adorie-

266 2766 408 2846 bantur,
425 2765 646 2832 occidebant.

326 2872 418 2938 3451.
461 2871 667 2956 Emporium
680 2871 786 2954 huius
796 2873 893 2938 urbis
908 2873 1081 2938 celebrius
1093 2890 1135 2937 ac
1146 2874 1317 2938 mercium
1327 2874 1492 2955 plurium,

266 2997 373 3063 quam
392 2979 577 3062 Venetiae,
597 2989 774 3060 censetur,
795 2997 876 3045 cum
894 2997 1027 3060 magna
1045 2980 1103 3044 vis
1121 2981 1210 3061 auri,
1232 2981 1384 3060 argenti,
1398 2997 1494 3061 gem·

266 3105 415 3166 marum,
433 3088 594 3168 ambrae,
610 3087 748 3153 muscbi
763 3097 797 3152 et
811 3089 1025 3165 sericorum,
1040 3088 1173 3169 piperis
1189 3088 1295 3152 etiam
1315 3097 1350 3152 et
1363 3089 1492 3166 eboriS,

264 3206 300 3261 et
314 3212 502 3260 servorum
516 3204 551 3260 et
565 3195 780 3276 reliquarum
795 3196 965 3260 mercium
979 3195 1137 3260 maxima
1148 3196 1366 3260 abundantia
1377 3214 1422 3260 ex
1432 3213 1493 3260 va·

263 3304 326 3368 riis
340 3303 438 3368 orbis
448 3302 610 3384 partibus
621 3319 664 3367 eo
676 3301 887 3379 confluebat,
901 3311 937 3367 et
947 3301 1064 3384 Reges
1075 3304 1216 3367 illarum
1226 3303 1493 3383 provinciarum

263 3428 350 3475 suos
373 3411 513 3491 legatos
532 3428 574 3475 eo
596 3411 793 3488 mittebant,
820 3427 901 3476 cum
921 3409 1020 3491 Rege
1040 3409 1281 3491 Portugalliae
1297 3410 1492 3474 amicitiam

262 3518 353 3583 inire
382 3518 578 3600 cupientes.
607 3518 648 3583 ln
675 3517 820 3599 negotio
845 3527 964 3581 autem
988 3518 1154 3599 propriae
1182 3516 1307 3582 salutis
1330 3517 1492 3583 homines

262 3643 371 3708 supra
388 3625 531 3690 modum
545 3642 732 3707 pauperes,
749 3633 784 3688 et
797 3633 872 3689 tota
887 3625 948 3688 illa
962 3624 1106 3689 Domini
1120 3625 1227 3689 vinea
1242 3624 1347 3688 valde
1361 3624 1491 3689 sterilis

262 3742 350 3798 erat.
366 3732 412 3799 Et
425 3731 461 3797 id
475 3732 588 3797 movit
601 3731 640 3797 P.
656 3731 888 3797 Franciscum
902 3731 1050 3810 Xavier,
1065 3740 1102 3795 ut
1114 3731 1360 3797 vehementius
1371 3739 1406 3796 et
1417 3731 1490 3797 diu·

262 3842 333 3906 tius
347 3857 455 3923 quam
478 3840 562 3905 alibi
581 3839 768 3904 Malachae
787 3839 968 3917 haereret,
991 3848 1029 3903 ut
1051 3839 1095 3902 ab
1116 3839 1318 3903 idololatria
1338 3847 1373 3903 et
1394 3837 1489 3903 vitiis

262 3950 404 4030 magnis
428 3948 590 4012 homines
613 3956 812 4027 revocaret;
838 3963 904 4011 nec
929 3946 1099 4011 mediocri
1124 3963 1206 4011 cum
1225 3945 1344 4011 fructu
1364 3945 1413 4011 ibi
1434 3954 1489 4010 est

261 4065 444 4136 versatuS,
460 4072 525 4120 nec
541 4055 632 4120 inter
646 4055 803 4119 minores
816 4053 875 4117 ille
893 4052 976 4132 suit,
1000 4052 1095 4135 quod
1113 4053 1347 4119 christianam
1361 4053 1487 4118 doctri·

259 4182 343 4229 nam
364 4164 412 4228 ibi
431 4180 581 4245 prorsus
600 4162 802 4242 ignoratam
821 4161 974 4226 edocuit.
994 4161 1047 4225 Eo
1070 4177 1158 4225 vero
1183 4161 1264 4224 inde
1288 4161 1485 4242 recedente,

258 4270 297 4336 P.
311 4271 527 4336 Franciscus
541 4269 651 4334 Perez
666 4277 702 4332 et
716 4268 839 4332 ultimo
854 4267 894 4332 P.
909 4267 1081 4332 Melchior
1091 4267 1239 4348 Nugnez
1253 4286 1333 4332 eam
1343 4268 1487 4333 vineam

257 4379 509 4458 excoluerant3
535 4376 597 4440 sed
617 4385 697 4459 post
722 4375 797 4457 ejus
822 4391 1016 4456 recessum,
1039 4392 1121 4439 cum
1139 4373 1214 4440 fere
1234 4375 1486 4456 sesquiannum

255 4487 374 4551 nullus
388 4483 579 4550 Societatis
603 4482 772 4548 sacerdos
793 4482 841 4547 ibi
864 4481 1002 4560 fuisset,
1025 4482 1167 4546 multia
1194 4483 1282 4547 bene
1304 4483 1486 4547 institutae

297 4684 306 4719 Ι
335 4682 463 4729 Albinium
476 4680 567 4734 From.
582 4682 613 4728 de
627 4693 676 4740 quo
692 4683 776 4727 multa
789 4681 919 4726 huntur
934 4679 1003 4736 apud
1017 4679 1136 4734 Grauia,
1152 4679 1170 4724 1.
1187 4691 1218 4733 c„
1233 4679 1277 4724 lib.
1297 4689 1343 4734 cu,
1359 4678 1394 4724 nd
1404 4689 1485 4724 moe

257 4759 395 4810 sequente·
404 4754 563 4810 emunda.
