3642 5350
743 434 746 441 '
797 422 954 519 Aulbbb
984 435 986 438 ’
1435 426 1490 485 too

318 566 405 631 1957.
449 566 644 648 Respondit
659 570 777 631 autent
792 566 870 631 Rex
884 568 951 630 boc
966 570 1149 647 negotium
1167 579 1307 633 matura
1326 571 1487 634 considess

255 674 394 738 ratione
409 673 634 738 tractandum
649 692 739 738 esse.
756 672 859 753 Quod
874 684 993 737 autem
1006 676 1159 738 maxime
1172 674 1372 739 offendebat
1384 676 1486 741 Prae'

257 780 369 845 sidem
383 780 554 859 Vigiium,
571 781 640 844 hoc
655 790 744 858 erat,
763 780 858 861 quod
873 778 1035 843 Societas
1049 799 1071 843 a
1082 778 1325 860 jurisdictione
1344 773 1489 864 Episcol·
1553 804 1556 811 ·

256 904 382 968 porum
402 896 567 967 exempta
586 896 696 965 esset,
719 899 754 950 et
775 887 869 967 quod
889 886 965 949 sine
991 886 1148 967 ipsorum
1172 888 1341 953 facultate
1366 880 1488 971 posset

256 994 479 1072 concionari;
500 994 583 1057 etsi
605 994 798 1072 accideret,
816 1003 854 1056 ut
875 994 1003 1073 aliquis
1028 1011 1073 1057 ex
1091 996 1224 1058 nostris
1249 995 1488 1076 praedicaret,

257 1112 319 1165 aut
339 1111 462 1181 ageret
481 1101 566 1181 quid
585 1102 685 1178 mali,
707 1103 842 1165 nullum
862 1100 1059 1165 remedium
1083 1102 1243 1166 adhiberi
1267 1120 1389 1183 posse,
1420 1120 1486 1167 nec

258 1224 363 1288 posse
379 1207 559 1288 prohiberi
573 1207 891 1289 praedicationem,
909 1224 975 1271 nec
990 1208 1108 1289 puniri
1126 1211 1218 1272 male
1233 1218 1325 1272 acta.
1342 1208 1387 1273 Et
1406 1226 1487 1273 cum

257 1316 486 1394 responderet
501 1314 689 1395 Inquisitor
705 1313 869 1393 PolletuS‚
886 1315 1023 1378 amicus
1038 1326 1169 1393 noster,
1186 1315 1280 1395 quod
1291 1316 1403 1379 nostri
1418 1316 1488 1379 hoc

258 1422 444 1502 privilegio
459 1438 529 1484 non
544 1423 744 1498 utebantur,
758 1431 793 1484 et
808 1420 900 1500 quod
916 1422 985 1502 ipsi
996 1422 1182 1485 constabat
1193 1434 1334 1485 nostros
1347 1423 1489 1486 concio-

257 1528 366 1593 nandi
390 1529 570 1591 licentiam
596 1528 641 1591 ab
668 1512 854 1609 Episcopis
883 1530 1097 1609 postulasse,
1124 1528 1307 1608 respondit
1330 1528 1486 1609 ViglluS,

256 1634 350 1716 quod
365 1635 396 1698 si
409 1635 522 1698 nostri
536 1635 573 1697 id
586 1633 780 1713 iaciebant,
798 1634 857 1698 alii
871 1636 994 1699 venire
1009 1646 1189 1715 poterant,
1212 1634 1271 1715 qui
1291 1654 1362 1698 non
1382 1636 1418 1699 id
1437 1635 1490 1699 sa·

258 1750 392 1820 cerent,
408 1759 474 1805 nec
491 1742 586 1805 adid
607 1751 820 1805 tenerentur.

318 1848 405 1912 1958.
450 1848 539 1913 Cum
558 1846 725 1912 subderet
745 1848 951 1930 Inquisitor,
973 1850 1170 1929 Episcopos
1188 1868 1230 1913 eo
1253 1860 1412 1931 tempore
1434 1868 1487 1913 as·

255 1974 397 2020 sensum
413 1972 515 2019 suum
534 1956 712 2035 denegare
732 1956 853 2035 rebuS,
875 1974 966 2038 quae
986 1957 1032 2020 ad
1050 1957 1171 2037 populi
1189 1959 1322 2021 bonum
1336 1957 1487 2037 pertine·

254 2064 350 2128 bant:
370 2064 428 2143 At,
446 2063 571 2143 inquit,
591 2062 742 2143 Vigiius,
759 2064 841 2126 boni
855 2064 1023 2144 Episcopi
1037 2063 1181 2144 praefici
1193 2073 1369 2144 poterunt,
1383 2065 1488 2145 etqui

255 2170 298 2234 de
313 2169 490 2235 Societate
505 2179 600 2243 sunt,
617 2168 836 2249 degenerare
851 2179 885 2233 et
900 2170 984 2234 mali
1001 2171 1154 2233 evadere
1169 2180 1346 2251 poterunt.

320 2276 407 2341 1959.
452 2275 652 2340 Videbatur
667 2276 785 2356 itaque
800 2294 858 2341 res
873 2295 915 2340 eo
931 2286 1093 2354 ventura,
1110 2286 1159 2354 ut,
1176 2278 1207 2341 si
1222 2274 1383 2342 Societas
1394 2287 1489 2340 esset

256 2384 486 2462 admittenda,
499 2384 687 2463 promissio
704 2384 835 2447 nostris
850 2384 1065 2464 exigeretur,
1080 2384 1174 2464 quod
1188 2402 1253 2448 sua
1266 2384 1491 2465 exemptione

255 2491 321 2569 uti,
342 2500 378 2554 et
401 2491 477 2554 sine
500 2490 669 2553 facultate
694 2490 952 2571 Episcoporum
972 2490 1190 2571 concionari,
1213 2492 1357 2555 nollent.
1379 2491 1423 2554 Et
1438 2490 1489 2553 ita

257 2597 385 2662 Comes
403 2597 528 2661 Feriae
548 2607 688 2660 nostros
708 2598 962 2677 interrogavit,
983 2614 1029 2660 an
1051 2614 1132 2661 cum
1152 2596 1350 2677 hujusmodi
1370 2595 1490 2661 condia

257 2705 412 2769 tionibus
427 2706 463 2767 in
478 2705 573 2768 illam
589 2705 770 2784 regionem
788 2703 924 2787 [recipi]
940 2708 1082 2770 vellent.

321 2811 409 2875 1960.
452 2811 723 2892 Responderunt
744 2823 863 2875 autem
882 2814 1006 2891 nostri,
1022 2813 1159 2875 scilicet
1180 2811 1217 2874 Ρ.
1238 2805 1492 2892 Rivadeneyra

258 2931 293 2984 et
310 2917 376 3001 [R]
393 2917 609 2996 Bernardus,
626 2921 801 2998 integrum
818 2939 888 2983 non
904 2937 982 2982 esse
997 2919 1129 2982 nostris
1147 2920 1322 2998 derogare
1337 2920 1491 2982 auctori·

257 3027 322 3091 tati
338 3024 474 3090 Summi
489 3025 685 3106 Pontificis;
709 3027 804 3106 quod
825 3025 941 3104 fieret,
965 3027 995 3089 si
1017 3025 1204 3106 Episcopis
1224 3026 1494 3106 promitteretur

258 3133 360 3198 Sedis
375 3133 604 3214 Apostolicae
619 3133 808 3214 privilegia
823 3135 1052 3212 restringere.

322 3238 410 3302 1961.
454 3237 508 3302 De
529 3240 697 3320 parochis
717 3240 822 3314 etiarn
839 3240 928 3303 dixit
943 3239 1102 3319 Vigiius,
1123 3239 1217 3319 quod
1236 3237 1494 3318 praejudicium

259 3347 399 3426 passuri
425 3356 538 3424 erant,
565 3347 595 3408 si
619 3347 731 3409 nostri
757 3357 982 3410 sacramenta
1007 3346 1263 3424 ministrarent,
1287 3354 1322 3407 et
1343 3345 1492 3407 verbum

259 3452 328 3516 Dei
343 3451 601 3532 praedicarent.
619 3450 697 3515 Non
713 3452 832 3533 itaque
847 3453 1012 3531 deerant,
1029 3453 1088 3532 qui
1109 3451 1360 3515 admissionem
1375 3449 1491 3514 Socie-

258 3557 345 3624 'tatis
361 3559 548 3637 diligenter
565 3557 754 3622 admodum
770 3558 941 3639 impedire
957 3568 1182 3622 conarentur.
1199 3556 1268 3623 Sed
1289 3558 1493 3621 statuebant

260 3667 373 3730 nostri
388 3665 568 3744 negotium
584 3681 725 3745 urgere,
741 3677 775 3728 et
790 3667 821 3728 si
836 3667 930 3729 bona
946 3667 1064 3746 aliqua
1080 3665 1261 3728 conclusio
1273 3673 1493 3746 speraretur,

260 3771 400 3836 adeam
420 3770 688 3851 deducere;‘sin
710 3773 842 3851 minus,
863 3773 1111 3853 supersedere,
1129 3782 1163 3834 et
1183 3772 1219 3834 in
1239 3771 1335 3836 aliud
1352 3780 1496 3852 tempus
1536 3840 1539 3846 ,

260 3878 399 3942 differre
415 3877 687 3954 constituebant.
704 3876 742 3942 Si
757 3879 850 3942 enim
872 3881 1053 3959 repulsam
1074 3879 1188 3941 nostri
1208 3887 1432 3958 paterentur,
1454 3877 1492 3940 in

259 3993 440 4066 posterum
455 3985 583 4048 ostium
600 3985 716 4048 claudi
730 3983 899 4050 Societati
918 3985 1097 4049 videbant.

322 4090 409 4154 1962.
454 4089 616 4170 impediti
630 4090 772 4154 suerunt
792 4092 912 4172 itaque
931 4092 998 4155 hac
1015 4091 1299 4172 Quadragesima
1317 4091 1493 4172 praedicti

259 4198 392 4277 PatreS,
407 4199 610 4264 Bernartius
618 4219 661 4264 ne
673 4198 800 4264 Insulis
812 4208 872 4262 aut
883 4198 1051 4278 Tornaci,
1063 4197 1315 4278 Ribadeneyra
1325 4199 1494 4278 Lovanii,

260 4314 298 4367 ut
318 4307 506 4386 optabant,
529 4287 837 4372 concionarentur.
858 4303 895 4369 Si
915 4306 1009 4369 enim
1035 4306 1103 4369 hoc
1127 4305 1310 4384 negotium
1333 4323 1355 4367 a
1377 4304 1489 4386 Rege,

260 4409 396 4476 flaudro
416 4422 476 4476 aut
501 4413 700 4494 burgundio
720 4411 826 4477 alicui
846 4412 1073 4475 commissum
1091 4409 1233 4488 fuisset,
1256 4409 1295 4473 P.
1316 4411 1497 4478 Bernardi.

261 4534 370 4597 opera
399 4519 502 4582 valde
531 4522 735 4584 necessaria
768 4520 863 4600 apud
891 4536 953 4582 eos
985 4519 1188 4598 videbatur;
1221 4517 1497 4598 Ribadeneyrae

261 4626 520 4691 autemabesse
535 4628 678 4692 omnino
694 4644 765 4694 non
779 4627 924 4704 licebat;
942 4635 976 4689 et
995 4627 1084 4690 tanti
1107 4625 1273 4689 momenti
1294 4625 1362 4688 hoc
1384 4642 1495 4704 nego-
