3642 5350
781 375 845 438 Au.
868 374 938 439 1556
1422 374 1476 439 335

310 519 398 589 1369.
442 520 582 589 Octava
610 523 770 589 Paschae
798 524 837 589 Ρ·.
867 524 1044 590 Sanchius
1070 530 1193 590 coram
1216 525 1294 606 ipso
1320 524 1475 589 Domino

247 630 473 696 Ferdinando
488 632 531 696 de
548 632 661 713 Vega,
678 632 859 711 Praeside,
875 633 1090 713 Magistratu
1104 632 1214 710 urbiS,
1230 641 1265 697 et
1279 632 1400 697 multis
1415 649 1475 696 no·

247 738 376 803 bilibus
390 740 623 804 concionatus
639 750 703 820 est,
720 750 755 804 et
771 740 934 804 omnibus
949 740 1089 803 abunde
1104 737 1290 820 satisfecit;
1306 757 1350 803 ac
1365 740 1476 804 omni·

249 847 314 911 bus
333 847 519 912 dominicis
540 865 583 911 ac
602 847 702 911 festis
727 847 850 911 diebus
869 847 1061 911 conciones
1082 856 1136 911 est
1161 856 1388 928 prosecutuS,
1410 863 1476 911 nec

248 954 462 1020 auditorium
476 955 699 1020 mediocriter
714 954 880 1037 frequens
895 955 964 1035 ipsi
975 955 1109 1034 deerat,
1123 955 1218 1035 quod
1230 956 1266 1019 in
1278 954 1354 1020 dies
1369 971 1476 1035 auge·

247 1061 364 1127 batur.

309 1168 398 1233 1370.
441 1168 535 1234 Ante
553 1187 734 1234 recessum
755 1169 923 1251 Episcopi
942 1169 1008 1234 fuit
1029 1170 1262 1234 constitutum
1281 1178 1320 1233 ut
1340 1171 1377 1234 in
1391 1186 1477 1251 qua·

248 1277 444 1342 tuordecim
462 1278 602 1358 templis
617 1276 714 1341 urbis
730 1276 925 1341 christiana
945 1278 1108 1341 doctrina
1129 1277 1249 1359 pueris
1262 1293 1477 1359 proponere·

248 1394 316 1466 tur;
332 1395 367 1450 et
381 1384 544 1466 quamvis
559 1385 617 1448 ille
634 1385 782 1449 recessit
801 1385 917 1449 medio
933 1384 1008 1449 fere
1029 1402 1150 1448 mense
1169 1384 1297 1475 Aprili,
1314 1384 1373 1465 pia
1387 1384 1476 1448 baec

249 1492 456 1558 exercitatio
471 1508 699 1573 magnacum
718 1493 853 1557 laetitia
869 1492 1002 1557 civium
1022 1492 1088 1556 fuit
1104 1492 1284 1555 inchoata:
1301 1502 1405 1557 extra
1420 1509 1477 1556 ur·

250 1602 329 1665 bem
344 1601 452 1665 etiam
467 1600 513 1664 ad
528 1600 646 1664 omnia
669 1602 749 1663 loca
771 1600 944 1665 dioecesis
959 1608 1190 1681 praeceptum
1211 1607 1247 1663 et
1269 1599 1363 1663 ratio
1389 1597 1481 1663 chri·

250 1710 387 1773 stianae
402 1707 585 1774 doctrinae
600 1708 792 1785 docendae,
806 1716 845 1772 ut
859 1709 1058 1771 mitteretur
1073 1714 1236 1771 curatum
1251 1715 1317 1771 est.

312 1816 402 1880 1371.
445 1814 568 1881 Nostri
588 1827 707 1881 autem
729 1814 803 1895 jam
828 1816 864 1879 in
886 1816 946 1879 illa
967 1814 1119 1879 ecclesia
1141 1814 1381 1879 observabant
1396 1832 1478 1896 quo·

251 1922 355 1988 modo
376 1942 397 1987 a
418 1923 665 1989 sacerdotibus
686 1942 729 1987 ea
748 1923 948 2002 doceretur,
969 1922 1029 2002 qui
1049 1920 1145 1986 adid
1165 1919 1344 2001 designati
1363 1930 1476 2003 erant,

249 2040 295 2111 et,
312 2031 374 2095 ubi
387 2048 476 2113 opus
490 2042 578 2112 erat,
596 2049 658 2095 eos
673 2028 905 2111 adjuvabant}
920 2039 954 2093 et
968 2046 1118 2110 prorsus
1131 2029 1180 2093 illi
1196 2030 1478 2110 expectationem

249 2138 286 2201 in
299 2138 368 2203 hoc
387 2156 533 2204 munere
555 2139 716 2203 obeundo
737 2137 965 2218 superabant,
982 2136 1066 2201 dum
1080 2136 1268 2217 diligenter
1288 2154 1391 2201 suum
1407 2117 1480 2201 0ffi3

249 2246 343 2311 cium
357 2246 503 2312 faciunt.

313 2353 401 2420 1372.
444 2354 538 2419 Ante
568 2371 747 2419 recessum
776 2352 935 2434 ejusdem
962 2351 1130 2435 Episcopi
1159 2353 1394 2418 conveniebat
1422 2351 1480 2417 ille

252 2479 331 2527 cum
346 2463 490 2543 nostriS,
502 2472 542 2526 ut
553 2462 703 2542 singulis
714 2460 947 2525 hebdomadis
958 2461 1049 2524 duae
1061 2460 1230 2525 lectiones
1243 2462 1287 2525 de
1298 2460 1480 2525 conscien·

252 2570 323 2635 tiae
338 2571 480 2635 casibus
495 2572 797 2651 preelegerentur,
810 2568 934 2633 diebus
945 2568 1082 2632 scilicet
1093 2567 1260 2632 mercurii
1275 2579 1309 2633 et
1323 2568 1478 2649 veneris,

251 2688 286 2743 et
299 2688 338 2744 ut
354 2679 540 2747 dominicis
555 2678 678 2742 diebus
693 2687 773 2760 post
794 2678 1038 2758 vespertinum
1054 2675 1207 2741 officium
1221 2677 1258 2741 in
1274 2677 1480 2742 Catbedrali

252 2788 383 2868 templo
399 2787 443 2851 de
460 2786 582 2851 decem
596 2787 798 2867 praeceptis
818 2784 885 2849 Dei
901 2785 1006 2849 lectio
1021 2784 1132 2849 fieret.
1155 2783 1342 2864 vigesima
1357 2801 1482 2849 secun·

252 2895 297 2958 da
321 2911 408 2976 ergo
430 2895 487 2960 die
508 2894 643 2976 Aprilis
665 2892 703 2957 P.
725 2891 901 2957 Antonius
924 2892 1053 2972 Vinch,
1082 2909 1165 2957 eum
1185 2901 1260 2956 toto
1282 2891 1357 2957 fere
1383 2892 1479 2957 clero

252 3003 436 3068 catanensi
451 3011 485 3066 et
500 3002 619 3066 multis
639 3001 843 3066 doctoribus
860 3018 903 3064 ac
917 3000 1093 3064 nobilibus
1111 3001 1346 3074 audientibus,
1363 3001 1481 3065 fectio-
1520 3064 1523 3075 ,
1623 3025 1630 3040 ·

252 3129 332 3176 nem
350 3112 570 3192 praedictam
590 3126 737 3173 casuum
757 3125 951 3189 aggressus
976 3117 1039 3188 est,
1057 3118 1092 3172 et
1112 3108 1254 3190 quidem
1275 3125 1356 3172 cum
1378 3107 1480 3172 satis·

251 3217 402 3283 factione
431 3218 632 3282 auditorum
657 3235 729 3281 non
756 3215 940 3294 mediocri;
969 3225 1004 3278 et
1033 3216 1331 3297 consequentibus
1357 3215 1480 3281 diebus

251 3326 418 3391 mercurii
433 3335 467 3389 et
482 3326 635 3406 veneris,
650 3342 730 3388 cum
747 3324 816 3388 alia
831 3324 1085 3404 impedimenta
1100 3324 1136 3388 id
1148 3342 1220 3388 non
1236 3323 1479 3404 prohibebant,

252 3435 345 3516 quod
362 3443 542 3514 coeperat,
560 3433 793 3512 continuavit,
811 3442 845 3496 et
860 3440 1002 3513 praeter
1022 3431 1171 3495 clericos
1185 3432 1285 3495 multi
1300 3430 1408 3495 etiam
1423 3431 1482 3495 alii

252 3543 288 3607 in
302 3543 512 3607 lectionibus
527 3541 711 3607 audiendis
726 3549 1014 3622 perseverarunt.

314 3650 402 3714 1373.
445 3650 651 3714 Lectionem
666 3659 939 3730 praeceptorum
951 3657 1068 3711 autem
1080 3647 1117 3710 in
1129 3647 1225 3711 aliud
1238 3656 1377 3729 tempus
1389 3664 1480 3711 com-

252 3759 390 3824 modius
410 3757 544 3838 rejecit,
570 3775 653 3821 nam
673 3755 816 3837 jubilaei
839 3756 1038 3836 occupati0,
1055 3756 1150 3836 quod
1170 3756 1244 3820 fere
1259 3773 1301 3818 eo
1323 3763 1482 3836 ternpore

251 3867 426 3933 Catanam
436 3867 611 3947 perlatum
626 3873 692 3945 est,
705 3872 739 3928 et
755 3881 776 3926 a
793 3861 830 3927 P.
848 3862 1003 3927 Sancbio
1018 3881 1083 3944 pro
1094 3863 1266 3926 concione
1281 3863 1481 3943 promulga-

250 3988 335 4056 tum,
351 3985 360 4016 ¹
377 3986 451 4038 tam
471 3974 653 4054 copiosam
667 3982 773 4053 atque
788 3971 971 4036 assiduam
992 3971 1108 4034 attulit
1122 3971 1378 4052 poenitentium
1395 3987 1480 4034 mes·

249 4101 336 4164 sem,
352 4093 390 4146 ut
406 4082 514 4147 etiam
536 4080 720 4164 praedicta
740 4081 892 4144 lectione
914 4089 1188 4159 praeceptorum
1210 4080 1355 4158 omissa,
1371 4079 1484 4142 nostri

249 4189 454 4256 sacerdotes
468 4197 542 4253 tarn
557 4189 677 4252 multis
693 4187 951 4251 confluentibus
967 4186 1176 4251 satisfacere
1196 4203 1268 4251 non
1282 4194 1441 4267 possent.

312 4297 399 4362 1374.
444 4295 552 4362 Sexta
566 4296 672 4379 Junii,
690 4295 848 4376 acceptis
863 4313 884 4358 a
898 4293 938 4358 P.
951 4293 1168 4358 Provinciali
1180 4293 1321 4373 litteriS,
1337 4302 1486 4359 nostros

250 4422 490 4489 syracusanos
501 4404 540 4468 Ρ.
553 4401 732 4468 Antonius
744 4403 877 4482 invisit,
892 4411 926 4465 et
938 4419 996 4465 res
1010 4402 1099 4465 satis
1113 4400 1207 4464 bono
1223 4401 1259 4465 in
1274 4409 1370 4466 statu
1385 4419 1486 4485 repe·

294 4652 302 4686 ¹
330 4651 376 4698 idn.
383 4648 566 4708 promutgara.
