3642 5350
786 404 851 465 Au.
872 404 942 465 1556
1426 402 1475 461 7ll

253 550 327 615 rius
351 550 549 632 Collegium
573 560 715 617 nostros
739 569 812 617 non
836 560 991 634 caperet,
1019 559 1053 616 et
1073 551 1148 615 fere
1169 549 1406 633 quadraginta
1432 567 1478 614 ex

253 657 383 723 nostris
400 658 436 723 in
451 658 626 741 superiori
641 659 757 724 adhuc
771 658 931 739 Collegio
946 658 1194 723 versabantur.
1211 656 1344 723 Omnes
1359 667 1478 723 autem

253 766 446 847 computati
470 765 516 831 ad
541 775 682 832 centurn
707 766 896 847 sexaginta
922 766 988 829 sub
1013 764 1119 829 finem
1141 766 1287 829 aestatis
1312 765 1477 829 ascende·

253 870 349 936 bant.

311 978 401 1044 3074.
446 980 548 1062 Quod
568 982 693 1047 attinet
713 982 758 1046 ad
773 981 916 1046 scholas
931 981 1031 1045 initio
1051 980 1210 1045 autumni
1232 981 1316 1044 anni
1335 997 1477 1061 praece·

252 1088 367 1152 dentis
380 1087 585 1169 inchoatas,
600 1090 653 1155 sic
667 1089 748 1153 illae
763 1087 1020 1171 procedebant,
1037 1096 1072 1151 et
1086 1105 1129 1151 ea
1143 1087 1312 1151 facilitate
1330 1096 1366 1152 et
1384 1096 1476 1153 tran·

251 1195 433 1277 quillitate,
449 1205 488 1261 ut
502 1196 533 1261 si
546 1195 607 1262 diu
622 1197 840 1278 multumque
855 1196 970 1260 nostri
980 1195 1017 1259 in
1028 1212 1071 1259 eo
1083 1212 1228 1259 munere
1239 1194 1387 1259 fuissent
1398 1213 1476 1261 ver·

250 1304 328 1367 sati.
345 1300 599 1386 Praeceptores
616 1303 805 1385 diligenter
824 1303 899 1367 suis
923 1301 1163 1383 fungebantur
1182 1300 1322 1381 officiis,
1346 1311 1420 1367 tam
1440 1301 1478 1366 in

249 1410 517 1476 humanioribus
532 1411 660 1475 litteris
675 1427 781 1492 quam
795 1409 832 1474 in
847 1410 962 1475 tribus
981 1409 1226 1490 philosophiae
1247 1409 1425 1490 cursibus,
1440 1409 1478 1474 in
1539 1461 1543 1466 .

249 1534 338 1597 quos
353 1517 598 1599 philosophiae
612 1518 761 1583 studiosi
776 1526 879 1583 erant
892 1517 1087 1593 distributi;
1109 1525 1144 1581 et
1161 1515 1237 1582 vim
1256 1515 1477 1581 obedientiae

249 1625 360 1688 nostri
375 1624 411 1688 in
426 1624 494 1689 hoc
509 1642 655 1690 munere
669 1625 757 1689 satis
772 1634 853 1689 sunt
867 1623 1018 1705 experti;
1034 1642 1118 1689 nam
1132 1625 1237 1704 longe
1249 1623 1407 1706 ipsorum
1419 1641 1477 1689 ex·

249 1730 486 1813 pectationem
506 1740 582 1797 tum
601 1730 799 1797 satisfactio
819 1731 862 1795 de
881 1730 1173 1813 praeceptoribus
1195 1738 1229 1794 et
1249 1730 1475 1811 existimatio,

250 1847 324 1904 tum
338 1836 520 1921 profectus
534 1839 830 1904 scholasticorum
845 1838 1041 1920 superavit.

307 1944 398 2011 3075.
442 1944 751 2012 obliviscebantur
780 1946 854 2028 iam
888 1955 1029 2011 veteres
1062 1955 1333 2027 praeceptores,
1367 1947 1475 2011 immo

248 2053 426 2119 audebunt
445 2054 608 2136 discipuli
627 2056 765 2119 externi
782 2071 897 2119 novos
916 2054 986 2118 illis
1007 2053 1203 2135 praeferre,
1225 2061 1260 2117 et
1279 2070 1359 2118 cum
1378 2053 1475 2119 time·

247 2168 326 2225 rent
345 2161 458 2225 nostri
479 2161 677 2225 libertatem
696 2162 842 2226 nimiam
862 2161 1172 2241 scholasticorum,
1193 2169 1267 2226 tam
1285 2159 1408 2225 faciles
1432 2177 1474 2225 ac

247 2268 407 2334 subditos
426 2286 488 2334 eos
506 2269 795 2350 experiebantur,
816 2278 854 2333 ut
874 2269 983 2335 etiam
1006 2268 1201 2334 nobiliores
1224 2284 1305 2332 cum
1324 2268 1473 2349 punitio·

247 2393 327 2440 nem
343 2376 582 2457 merebantur,
598 2376 816 2459 quietissime
835 2392 914 2442 eam
930 2378 1167 2457 susciperent;
1183 2383 1219 2440 et
1233 2374 1474 2440 confessiones

246 2492 447 2548 menstruae
461 2492 497 2549 et
512 2484 715 2564 conciones,
731 2501 821 2566 quas
836 2482 1038 2563 audiebant,
1055 2480 1106 2548 sic
1122 2482 1348 2548 emolliebant
1361 2492 1397 2545 et
1411 2483 1473 2547 im·

246 2590 431 2656 mutabunt
446 2607 568 2655 eorum
584 2590 733 2670 animos,
750 2600 789 2655 ut
803 2608 899 2656 nova
913 2589 1025 2656 facies
1040 2591 1077 2656 in
1091 2588 1222 2655 scholis
1236 2605 1385 2672 prorsus
1399 2607 1471 2654 cer·

246 2707 401 2778 neretur,
428 2716 493 2764 nec
517 2716 645 2780 parum
666 2699 797 2780 singuli
818 2707 1072 2781 praeceptores
1090 2696 1215 2763 diebus
1235 2699 1377 2763 veneris
1397 2697 1472 2762 suis

245 2804 426 2887 discipulis
455 2805 688 2871 christianam
715 2806 915 2872 doctrinam
945 2803 1053 2889 [cum]
1082 2806 1321 2888 explicarent,
1349 2823 1472 2871 eorum

245 2911 412 2993 pietatem
426 2913 695 2994 promovebant,
720 2911 809 2978 adeo
831 2923 868 2978 ut
887 2931 1030 2980 menses
1047 2913 1177 2996 integri
1191 2913 1268 2978 sine
1289 2912 1471 2995 punitione

244 3017 452 3102 cuiusquam
465 3021 698 3087 elaberentur.

302 3124 393 3190 3076.
435 3128 644 3211 Juramenta
663 3139 698 3194 et
718 3131 963 3196 contentiones
984 3137 1128 3196 mutuae
1147 3129 1350 3210 cessabant,
1372 3138 1407 3194 et
1427 3147 1469 3194 ea

243 3233 415 3298 modestia
429 3253 494 3317 per
508 3235 668 3317 publicas
683 3239 763 3302 vias
776 3237 987 3304 incedebant
1001 3249 1037 3302 et
1051 3239 1089 3303 in
1108 3238 1259 3303 ecclesia
1277 3236 1470 3302 versaban-

245 3349 314 3422 tur,
330 3351 369 3406 ut
382 3341 498 3423 facile,
515 3343 574 3424 qui
588 3342 635 3408 ad
649 3353 792 3410 nostras
806 3345 949 3410 scholas
962 3343 1164 3426 veniebant,
1181 3363 1203 3410 a
1222 3344 1391 3410 studiosis
1409 3362 1469 3409 no·

244 3456 340 3512 strae
353 3448 605 3514 Universitatis
619 3451 904 3518 discernerentur
921 3451 943 3534 ¹;
958 3463 993 3518 et
1007 3454 1170 3536 quamvis
1184 3472 1230 3517 ex
1248 3453 1470 3534 praescripto

245 3556 390 3634 regulae
418 3572 504 3621 suae
529 3557 680 3638 singulis
703 3567 841 3624 tantum
860 3560 1046 3638 ,mensibus
1069 3560 1229 3626 confiteri
1253 3568 1468 3639 tenerentur,

246 3662 344 3726 multi
363 3663 623 3745 quintodecimo
642 3681 782 3748 quoque
802 3667 875 3748 die,
896 3663 956 3731 alii
977 3676 1096 3732 autem
1110 3676 1240 3732 octavo
1259 3684 1398 3749 quoque
1412 3665 1469 3730 die

245 3769 503 3836 confitebantur
527 3779 561 3836 et
585 3771 913 3854 communicabant;
934 3783 968 3839 et
987 3775 1024 3839 hi
1043 3793 1114 3840 non
1134 3776 1171 3839 in
1189 3775 1321 3839 virtute
1340 3775 1468 3853 solum,

245 3876 357 3940 sedin
373 3877 569 3943 eruditione
583 3879 702 3960 etiam,
719 3881 870 3946 caeteris
886 3881 1078 3946 anteibant.

241 4155 307 4202 airus
318 4153 427 4210 Reglna,
437 4157 568 4212 plicatum
578 4157 633 4203 Rex
644 4158 781 4214 rellgloaos
791 4158 894 4205 Ordinis
904 4158 1004 4206 Chrlrtl
1017 4161 1134 4217 receptui
1149 4172 1244 4207 canere
1258 4162 1344 4218 Jusslt,
1359 4163 1468 4218 allquue

241 4226 371 4273 benefluu
380 4229 559 4284 compenurlt
570 4229 668 4277 factam
678 4230 849 4285 donationem
860 4231 956 4277 nostrl·
966 4232 1233 4286 collegiumnostrnm
1241 4235 1322 4279 denuo
1330 4235 1468 4294 restituit..

240 4297 356 4352 Franco,
370 4298 500 4356 synopsis
509 4301 596 4345 annal
616 4301 672 4346 Soc.
682 4301 750 4358 ses„
759 4313 819 4346 ann.
832 4302 892 4356 15⁵⁶,
903 4314 928 4347 n.
940 4305 1055 4351 f.—Vlde
1066 4317 1154 4361 sopra,
1165 4312 1184 4350 t.
1194 4317 1221 4360 v,
1229 4317 1290 4361 pag.
1300 4305 1353 4358 596.
1369 4318 1394 4351 u.
1406 4307 1467 4352 loll.

240 4368 278 4413 De
288 4369 337 4414 hoc
347 4369 452 4426 negotio
463 4371 551 4427 agitur
561 4371 638 4427 infra,
649 4385 674 4418 n.
682 4373 738 4417 atae
747 4381 774 4418 et
784 4373 846 4418 Μῦς
856 4385 910 4419 rem
921 4385 985 4421 vero
996 4378 1086 4422 fusiori
1094 4379 1203 4430 calamo.
1211 4387 1259 4433 pro
1266 4389 1313 4422 auo
1320 4389 1400 4435 more,
1408 4390 1467 4434 pro·

239 4441 358 4495 sequitur
367 4439 477 4496 Τιιιιι,
489 4442 618 4489 &runica
628 4445 663 4488 da
675 4443 867 4500 comparata...
876 4457 893 4501 p
913 4457 941 4500 ιι,
948 4447 993 4492 llv.
1004 4458 1041 4500 vr,
1050 4459 1109 4504 cap.
1117 4449 1145 4493 u
1155 4455 1181 4493 et
1191 4449 1226 4493 lh

282 4513 290 4545 ¹
320 4513 426 4558 Rectius
442 4513 468 4560 ld
485 4515 568 4570 ipsum
585 4522 695 4561 narrant
712 4515 834 4561 Litterae
845 4517 1082 4572 Quadrimastres,
1097 4528 1117 4565 t.
1133 4531 1169 4574 tv,
1185 4532 1247 4576 pag.
1263 4521 1311 4566 alt:
1328 4521 1467 4568 “Modestia

241 4584 321 4629 etlam
330 4591 357 4629 et
369 4585 394 4630 ln
404 4587 501 4642 templo
510 4594 536 4632 et
548 4588 573 4632 ln
583 4589 632 4632 ulls
643 4595 744 4632 tantum
754 4589 883 4646 cernitur,
893 4598 922 4634 ut
937 4591 1013 4637 faelle
1027 4591 1110 4638 nostrl
1127 4592 1277 4639 acholasticl
1292 4594 1326 4638 ab
1340 4593 1409 4650 alifa,
1424 4597 1466 4649 qui

240 4651 338 4701 litteris
347 4654 373 4700 ln
383 4655 470 4702 altera
479 4657 623 4704 Academia
632 4657 746 4713 student,
757 4657 972 4716 declarantur..
