3642 5350
807 459 871 523 An.
895 460 965 523 1556
1444 460 1499 527 227

270 610 422 676 ctrinam
434 619 470 674 et
483 610 621 675 litteras
636 609 865 686 docebantur;
884 627 952 673 nec
971 608 1118 673 deerant
1134 607 1253 690 aliqui,
1269 610 1330 692 qui
1347 611 1498 692 singulis

270 718 455 783 dominicis
469 735 512 781 ac
525 717 627 782 lestis
641 716 765 781 diebus
779 716 1031 781 confiterentur
1045 723 1080 779 et
1095 716 1411 783 communicarent.

330 825 402 889 845.
444 825 568 890 lavisit
582 834 700 890 autem
715 841 796 889 eum
810 824 926 905 Aprili
939 840 1061 887 mense
1076 822 1114 887 Ρ.
1131 822 1275 905 Caesar,
1289 834 1325 889 et
1340 826 1496 891 animad-

272 934 379 997 vertit
392 924 518 1014 parum
537 932 745 998 eruditionis
764 929 834 1014 [ad]
852 931 991 996 illorum
1007 947 1198 1012 puerorum
1215 928 1497 1016 [institutionem]

271 1040 416 1122 requiri,
429 1041 513 1122 quia
528 1042 660 1121 legere,
673 1040 828 1105 scribere
836 1048 872 1103 et
885 1038 1083 1103 rudimenta
1095 1040 1348 1119 grammatices
1361 1050 1499 1106 tantum

273 1148 382 1230 aliqui
396 1165 519 1213 eorum
532 1145 695 1231 [discere]
710 1146 896 1212 debebant.

330 1254 403 1319 846.
446 1254 486 1320 In
501 1256 560 1319 illo
576 1264 694 1320 tamen
708 1256 788 1319 loco
803 1253 949 1318 humani
970 1252 1117 1318 affectus
1138 1271 1240 1319 suum
1259 1254 1375 1320 locum
1395 1252 1499 1319 habe·

277 1364 375 1427 bant.
396 1362 488 1427 Nam
507 1380 553 1426 ex
571 1363 638 1439 his,
661 1364 721 1444 qui
735 1361 781 1425 ad
795 1369 1021 1426 sacramenta
1037 1361 1265 1443 accedebant,
1288 1361 1406 1445 aliqui,
1424 1362 1500 1427 irri-

272 1471 391 1536 siones
411 1469 561 1535 aliorum
581 1469 754 1549 timenter,
777 1470 838 1550 qui
860 1468 1025 1533 dicebant
1045 1486 1107 1533 eos
1126 1470 1217 1535 velle
1243 1479 1387 1535 sanctos
1411 1468 1498 1547 ficri,

270 1577 550 1658 intepeseebant.
572 1576 643 1651 Alii
661 1586 779 1641 autem
799 1575 1088 1659 perseverabant,
1111 1593 1178 1641 nec
1199 1575 1400 1658 hujusmodi
1422 1576 1500 1642 irri-

272 1684 429 1749 sionibus
442 1683 626 1748 cedebant.
644 1682 728 1747 Post
742 1684 985 1765 vespertinum
1007 1692 1127 1749 autem
1146 1682 1301 1749 officium
1321 1684 1500 1767 praelege-

271 1792 332 1856 bat
346 1793 398 1856 eis
412 1792 469 1856 ille
483 1791 635 1857 Sanctus
648 1791 659 1824 ⁴
673 1790 905 1855 christianam
920 1791 1129 1855 doctrinam
1140 1792 1228 1856 satis
1247 1792 1422 1874 frequenti
1437 1809 1498 1858 au·

273 1899 414 1965 ditorio.
429 1898 534 1963 Pueri
549 1908 667 1963 autem
681 1898 929 1980 praecaeteris
940 1898 1112 1979 prolicere
1126 1898 1352 1981 videbantur,
1365 1908 1399 1964 et
1411 1901 1499 1965 mul·

274 2017 349 2071 turn
357 2006 612 2071 aedificationis
622 2022 688 2071 sua
698 2007 814 2088 quiete
823 2014 858 2069 et
869 2005 1071 2086 devotione,
1085 2023 1166 2070 cum
1178 2006 1213 2070 in
1225 2006 1355 2088 templo
1367 2016 1498 2085 essent,

276 2114 356 2179 aliis
367 2114 585 2195 praebebant
595 2113 618 2179 ¹.

333 2219 406 2285 847.
448 2220 639 2303 Postquam
653 2220 796 2286 scholas
810 2219 823 2253 ‘
836 2222 1050 2300 clauserant,
1066 2220 1191 2287 eadem
1206 2220 1275 2287 hac
1289 2230 1425 2287 aestate
1438 2240 1501 2287 eas

273 2337 499 2411 aperuerunt,
515 2345 596 2395 cum
610 2346 689 2393 sese
702 2329 813 2411 pestis
827 2328 982 2409 suspicio
996 2328 1203 2409 remitteret;
1218 2328 1281 2394 sed
1296 2346 1377 2394 cum
1392 2331 1499 2410 paulo

273 2446 354 2518 post
368 2437 611 2501 vehementius
625 2436 791 2514 saeviret,
807 2434 951 2500 omnino
966 2434 1110 2499 relictae
1133 2443 1227 2516 sunt,
1243 2444 1278 2499 et
1298 2435 1440 2516 publico
1455 2435 1501 2501 ci·

274 2546 395 2610 vitatis
414 2545 530 2609 edicto
550 2562 673 2610 omnes
693 2544 837 2609 scholae
858 2543 1000 2608 suerunt
1021 2543 1178 2623 clausae,
1199 2553 1234 2607 et
1254 2543 1303 2607 ita
1328 2542 1437 2626 aliqui
1456 2561 1502 2607 ex

274 2654 416 2734 nostris,
439 2653 500 2736 qui
517 2652 642 2720 litteris
665 2652 798 2718 dabant
820 2667 978 2734 operam,
1003 2658 1037 2716 et
1052 2650 1127 2733 ipse
1142 2648 1182 2715 P.
1202 2650 1382 2733 Albertus,
1398 2650 1502 2717 Pata·

275 2763 372 2825 vium
394 2762 492 2826 missi
516 2772 610 2843 sunt;
636 2771 670 2826 et
695 2770 779 2827 tunc
803 2759 935 2824 mansit
959 2757 998 2822 P.
1022 2758 1157 2823 Caesar
1178 2776 1260 2824 eum
1285 2759 1398 2824 tribus
1423 2759 1503 2824 aliis

275 2886 385 2949 usque
400 2870 445 2934 ad
460 2869 621 2951 hiemem,
637 2878 672 2933 et
690 2885 782 2933 unus
804 2883 939 2947 eornm,
961 2867 1021 2947 qui
1040 2865 1168 2930 ibidem
1183 2866 1323 2932 inerant
1343 2866 1501 2948 admissi,

276 2976 414 3058 bospite
427 2978 534 3042 etiam
549 2978 753 3057 insalutato,
770 2975 929 3056 recessit,
943 2984 982 3038 ut
992 2973 1097 3038 facile
1108 2983 1202 3038 esset
1214 2975 1501 3039 animadvertere

276 3095 496 3167 quantopere
522 3085 745 3150 Probationis
770 3082 908 3148 Domus
939 3089 1033 3146 esset
1062 3083 1278 3162 necessaria,
1302 3090 1337 3146 et
1355 3082 1448 3163 quod
1468 3082 1504 3146 in

278 3192 419 3273 exiguis
443 3192 660 3274 Collegiolis,
689 3192 747 3257 ubi
762 3189 928 3272 occupati
946 3187 1072 3253 Patres
1094 3206 1165 3253 non
1187 3197 1342 3270 possent,
1358 3189 1505 3270 perinde

276 3309 381 3381 atque
395 3315 484 3380 opus
498 3310 603 3381 esset,
620 3300 767 3364 novitiis
781 3296 994 3380 adjuvandis
1009 3311 1154 3376 vacare,
1170 3315 1242 3362 non
1253 3297 1303 3362 illi
1315 3295 1506 3362 admodum

277 3407 409 3472 utiliter
423 3425 527 3472 suum
541 3409 758 3489 tyrocinium
777 3408 968 3489 deponunt.

333 3513 405 3578 848.
449 3513 563 3597 Hujus
583 3516 694 3597 pestis
715 3515 918 3594 occasione,
946 3523 985 3578 ut
1012 3515 1088 3597 ejus
1114 3513 1249 3578 scilicet
1270 3511 1462 3576 remedium
1484 3529 1506 3575 a

276 3619 430 3688 Domino
438 3622 760 3704 obtineretur,cnm
768 3621 978 3687 Patriarcha
990 3621 1247 3703 indulgentiam
1257 3619 1503 3699 concessisset,

278 3729 538 3795 confessionum
547 3730 672 3795 messis
685 3739 791 3795 aucta
800 3738 865 3810 est;
878 3729 1043 3809 quamvis
1056 3729 1187 3809 alioqui
1200 3725 1287 3790 satis
1298 3725 1506 3804 abundaret,

278 3845 312 3899 et
335 3839 521 3916 generales
547 3838 789 3901 confessiones
817 3844 893 3900 toto
921 3853 1016 3900 anno
1045 3835 1226 3916 negotium
1252 3832 1385 3898 nostris
1412 3833 1508 3897 exhi·

278 3944 413 4008 berent.

318 4214 327 4248 ί
356 4213 538 4270 supradictae,
548 4214 660 4268 scillcet,
669 4213 698 4258 P.
708 4211 828 4267 Sanctus,
837 4213 1008 4259 bononiensis.

315 4287 327 4320 ¹
353 4285 453 4331 Durum
465 4287 567 4342 quidem
577 4286 640 4330 lilnd
651 4287 724 4331 vitae
734 4291 891 4340 genenerat,
902 4285 969 4341 quod
980 4285 1005 4329 ln
1016 4284 1081 4328 vllla
1091 4283 1212 4328 Hartlanl
1224 4280 1252 4327 P.
1263 4279 1375 4328 Sanctae
1388 4285 1511 4337 gerebat.

275 4357 337 4404 ideo
346 4358 449 4414 rcrlblt,
464 4369 498 4403 ex
513 4370 590 4411 com„
600 4357 729 4402 Polanens
740 4357 813 4403 Patrl
824 4357 934 4402 Caesari
949 4355 1046 4409 Helml,
1056 4354 1166 4410 Collegll
1177 4353 1270 4400 Veneti
1282 4355 1395 4400 Rectorl:
1405 4357 1443 4401 ‘ll
1454 4355 1511 4402 Dua

277 4430 357 4475 Sento
367 4431 391 4475 si
400 4431 506 4485 procuri
523 4431 669 4475 conaolrrlo
684 4437 711 4474 et
720 4431 848 4475 animula
862 4440 911 4473 con
926 4430 1029 4481 lettere;
1040 4439 1053 4470 e
1063 4437 1113 4471 non
1129 4426 1195 4470 deve
1211 4437 1283 4470 emer
1297 4437 1363 4482 poca
1376 4438 1478 4483 pruove
1493 4428 1511 4479 lt

276 4509 333 4546 star
350 4513 422 4546 corne
440 4508 492 4558 sta,
507 4503 562 4548 eolo
577 4508 602 4546 et
618 4502 644 4547 ln
658 4503 697 4547 tal
711 4502 797 4557 luogo.
814 4502 849 4545 Al
863 4511 910 4546 sno
920 4507 1004 4556 tempo
1015 4499 1063 4544 Dio
1073 4497 1168 4543 Nostro
1179 4497 1288 4553 signore
1299 4499 1467 4554 proaedere,
1476 4498 1512 4543 9.·

316 4645 329 4679 ⁸
357 4648 469 4693 Schola·
478 4648 605 4703 intellige,
614 4659 665 4692 non
675 4648 756 4692 villae
767 4646 897 4703 llantlenl,
909 4646 940 4692 de
951 4656 1002 4701 qna
1011 4645 1143 4701 bacasque
1154 4655 1239 4690 sermo
1250 4644 1335 4691 lactas
1346 4649 1394 4700 est,
1405 4643 1450 4688 red
1461 4625 1514 4688 Ve'

278 4721 331 4767 neti
341 4719 464 4777 Collegit,
477 4726 503 4765 nt
516 4733 548 4765 ex
560 4720 727 4775 sequentibus
737 4725 820 4776 patet.
