3642 5350
774 443 838 502 Art.
861 443 932 504 1556
1412 437 1470 498 585

296 588 388 655 2526.
432 588 553 656 Alium
564 589 672 654 etiam
685 579 832 653 fratrem
850 587 1072 652 Ludovicum
1086 586 1131 650 de
1144 584 1320 662 Victoria,
1340 581 1401 664 qui
1419 583 1467 647 ad

236 696 455 762 Societatem
470 697 577 761 etiam
592 697 749 762 animum
762 694 961 778 adJ’ecerat,
983 710 1103 762 secum
1121 691 1296 785 deducere
1313 689 1466 754 Romam

238 803 363 884 voluit,
387 813 493 886 prout
511 803 716 867 facultatem
737 820 759 865 a
782 800 821 867 P.
846 801 985 882 Ignatio
1009 808 1208 883 acceperat;
1233 798 1297 862 sed
1319 804 1467 881 propter

237 911 415 989 morbum,
432 910 492 992 qui
513 919 673 992 tempore
690 907 920 992 profectionis
941 907 1085 986 accidit,
1105 923 1226 970 secum
1244 905 1342 969 illum
1360 903 1466 968 dedu·

238 1035 323 1082 cere
348 1036 420 1082 non
445 1018 576 1098 potuit,
603 1025 639 1080 et
662 1024 785 1082 neuter
813 1033 858 1079 ex
885 1013 1054 1079 fratribus
1082 1014 1118 1077 in
1145 1011 1323 1078 Societate
1350 1027 1465 1092 perse·

241 1125 393 1190 veravit.

299 1232 390 1296 2527.
436 1230 474 1295 ln
489 1230 656 1313 oppidum
671 1226 912 1312 Cantabri[ae]
931 1229 1090 1308 insigne,
1110 1227 1253 1291 nomine
1274 1225 1409 1303 Bilbao,
1426 1239 1465 1286 se
1524 1291 1527 1298 ⁴

235 1340 399 1418 contulit,
415 1347 453 1402 ut
468 1355 549 1402 cum
563 1349 690 1418 patruo
703 1337 848 1418 negotia
865 1336 1040 1416 quaedam
1055 1332 1266 1415 temporalia
1280 1340 1465 1408 tractaret;
1544 1409 1547 1415 ι

237 1456 274 1509 et
288 1463 369 1510 cum
383 1445 432 1508 ibi
446 1445 600 1526 quinque
614 1444 672 1508 vel
685 1460 750 1507 sex
771 1442 847 1508 dies
868 1453 1091 1519 versaretur,
1111 1439 1263 1522 privatis
1281 1437 1467 1519 colloquiis

242 1553 415 1633 quosdam
429 1569 475 1616 ex
490 1550 764 1630 consanguineis
779 1550 962 1630 utriusque
977 1565 1085 1614 sexus
1102 1547 1147 1612 ad
1162 1544 1396 1627 frequentiam
1412 1561 1467 1608 sa·

236 1667 502 1724 crementorum
520 1657 679 1723 adduxit.

299 1765 391 1832 2528.
434 1766 507 1831 Alii
521 1767 641 1844 etiam,
657 1765 786 1846 partim
802 1764 931 1828 horum
946 1763 1127 1845 exemplo,
1151 1762 1282 1844 partim
1302 1758 1466 1825 exhorta·

244 1874 339 1939 tione
354 1873 557 1938 eorumdem
572 1883 606 1936 et
622 1870 731 1953 ipsius
745 1871 784 1935 Ρ.
807 1870 1007 1950 Victoriae,
1029 1869 1095 1934 hos
1115 1869 1298 1934 consecuti
1316 1877 1414 1947 suut;
1434 1876 1469 1931 et

243 1998 326 2048 cum
340 1979 386 2044 ad
400 1981 654 2045 monasterium
670 1978 904 2060 quorumdam
919 1978 1169 2058 religiosorum
1187 1993 1249 2040 eos
1267 1974 1468 2052 direxisset,

238 2105 326 2154 cum
338 2103 471 2168 magna
491 2088 649 2168 ipsorum
668 2085 910 2149 consolatione
932 2084 1092 2148 confiteri
1109 2082 1244 2148 eisdem
1263 2090 1468 2163 coeperunt.

240 2195 381 2260 Etcum
395 2194 555 2276 virgines
569 2194 744 2275 quaedam
764 2192 902 2256 initium
923 2189 1171 2274 [sacramentis
1189 2187 1468 2272 frequentandis]

145 2285 150 2296 ’
236 2303 430 2382 dedissent,
448 2301 550 2381 aliae,
566 2299 793 2365 matrimonio
804 2297 960 2379 iunctae,
977 2310 1012 2362 et
1027 2298 1168 2378 viduae,
1184 2297 1405 2362 tantumdem
1418 2295 1468 2360 fa·

239 2427 322 2474 cere
337 2417 542 2490 coeperunt;
558 2419 593 2471 et
609 2407 845 2471 aemulatione
861 2406 1015 2488 quadam
1034 2406 1093 2487 pia
1114 2405 1204 2469 alias
1226 2403 1403 2468 adducere
1421 2403 1467 2468 ad

242 2516 312 2581 hoc
327 2517 441 2597 ipsum
457 2515 641 2578 curabant.

298 2623 390 2689 2529.
434 2621 571 2687 Harum
587 2630 706 2686 autem
720 2621 849 2700 mariti,
866 2620 996 2686 fratres
1011 2637 1054 2685 ac
1069 2618 1142 2701 filii,
1162 2619 1253 2684 inter
1273 2619 1371 2683 viros
1384 2615 1467 2682 huic

238 2731 459 2814 frequentiae
473 2731 612 2795 initium
627 2726 810 2805 dederunt;
827 2740 862 2793 et
877 2729 962 2811 quia
976 2730 1245 2792 obmurmurare
1264 2724 1374 2807 aliqui
1390 2741 1468 2789 coe·

239 2848 378 2921 perant,
395 2848 521 2902 contra
537 2854 660 2901 eorum
675 2837 771 2900 dicta
786 2854 848 2901 eos
863 2853 1005 2900 armare
1020 2834 1059 2899 P.
1075 2834 1237 2899 Victoria
1252 2833 1397 2899 studuit.

300 2944 392 3011 2530.
435 2944 475 3009 In
490 2943 621 3026 oppido
637 2944 745 3008 etiam
764 2943 906 3008 nomine
925 2941 1040 3022 Frias,
1057 2941 1219 3006 eamdem
1233 2939 1470 3021 frequentiam

240 3053 466 3119 introducere
481 3060 631 3116 conatus
642 3060 708 3114 est.
725 3050 947 3115 Invitabatur
957 3049 1034 3131 ipse
1046 3049 1188 3131 quidem
1200 3049 1247 3113 ad
1258 3048 1470 3112 concionan-

238 3161 325 3225 dum
339 3160 376 3223 in
391 3158 522 3241 oppido
538 3158 673 3237 Bilbao,
694 3155 758 3221 sed
777 3156 949 3221 honestas
967 3157 1012 3220 ob
1032 3173 1162 3221 causas
1176 3155 1213 3219 id
1233 3154 1470 3219 recusandum

241 3284 320 3331 esse
333 3266 482 3331 censuit.

300 3373 391 3439 2531.
435 3372 525 3439 Cum
539 3371 620 3437 iude
635 3373 776 3453 Burgos
786 3371 930 3449 rediret,
943 3372 1000 3435 vir
1011 3371 1156 3453 quidam
1171 3371 1251 3435 viae
1263 3370 1388 3435 ductor
1402 3368 1471 3450 ipsi

240 3480 322 3559 fuit,
345 3481 405 3562 qui
423 3482 552 3544 multos
572 3496 685 3543 annos
704 3479 756 3542 sic
778 3478 814 3541 iu
834 3488 982 3559 peccato
1002 3479 1144 3543 mortali
1157 3478 1316 3556 vixerat,
1338 3486 1377 3541 ut
1396 3476 1472 3540 fere

242 3588 376 3651 nullum
390 3586 629 3651 conscientiae
644 3587 849 3666 scrupulum
864 3603 907 3649 ea
922 3603 967 3649 ex
981 3603 1021 3649 re
1035 3586 1197 3664 baberet;
1213 3584 1277 3648 sed
1290 3602 1337 3647 ex
1352 3582 1472 3648 verbis

242 3692 282 3756 P.
299 3691 483 3757 Victoriae
499 3704 534 3757 et
549 3691 796 3757 exhortatione
815 3692 868 3755 sic
888 3692 1053 3772 resipuit,
1074 3702 1112 3755 ut
1131 3691 1274 3756 omnino
1293 3688 1472 3771 promitte-

244 3811 299 3865 ret
323 3818 361 3863 se
386 3800 623 3864 concubinam
648 3798 754 3863 domo
776 3798 987 3880 ejecturum,
1010 3800 1068 3861 vel
1087 3799 1122 3863 in
1142 3814 1290 3861 uxorem
1310 3812 1390 3860 eam
1412 3795 1472 3860 du·

242 3916 396 3971 cturum.

302 4014 394 4079 2532.
438 4012 574 4077 Nobilis
587 4013 732 4094 quidam
748 4012 906 4096 juvenis,
923 4013 983 4093 qui
998 4012 1088 4093 Regi
1102 4012 1335 4091 inserviebat,
1351 4010 1474 4074 Domi-

240 4138 310 4185 nus
324 4120 565 4201 Hieronymus
580 4118 623 4184 de
638 4119 792 4185 Chiaves
806 4120 960 4199 nomine,
976 4120 1117 4201 BurgiS,
1133 4121 1170 4184 in
1185 4118 1399 4183 Societatem
1413 4117 1472 4181 ad·

238 4229 371 4293 missus
386 4236 451 4307 est,
466 4227 529 4291 sed
542 4226 740 4302 SimancaS,
757 4226 978 4307 probationis
992 4227 1123 4306 gratia,
1139 4226 1205 4290 fuit
1221 4226 1430 4290 destinatus.

300 4334 392 4399 2533.
436 4332 589 4413 Quidam
603 4333 807 4413 religiosus,
824 4335 923 4397 velut
941 4335 1032 4396 alter
1053 4331 1092 4397 P.
1116 4331 1252 4407 Canus,
1275 4342 1310 4395 et
1331 4331 1474 4413 quidem

240 4441 399 4523 ejusdem
414 4440 558 4518 ordinis,
576 4442 635 4522 qui
650 4449 684 4505 et
700 4439 861 4504 doctrina
874 4449 908 4504 et
922 4440 1158 4505 concionandi
1169 4442 1303 4504 talento
1317 4458 1389 4503 non
1403 4456 1474 4503 me·

241 4548 398 4613 diocrem
413 4546 660 4612 auctoritatem
675 4548 742 4611 sibi
756 4558 1042 4628 comparaverat.
1059 4550 1169 4612 multa
1181 4555 1306 4611 contra
1317 4546 1473 4611 Societa-

241 4666 314 4720 tem
330 4664 490 4720 nostram
505 4654 623 4719 dicere
639 4655 771 4735 coepit;
792 4655 855 4718 sed
870 4654 940 4718 duo
959 4656 1135 4735 canonici,
1151 4653 1339 4720 Societatis
1353 4654 1473 4729 amici,
