3642 5350
328 403 383 476 alt
786 404 913 490 Cenon.
933 404 1051 491 Sooj
1093 460 1100 476 .

328 572 487 644 tererat3·
507 564 568 646 qui
591 564 695 629 solita
719 563 968 627 benevolentia
989 571 1133 635 annos
1159 565 1458 647 amplectebatur,
1488 580 1554 632 nec

329 673 444 737 solum
464 671 585 736 verbis
603 670 668 735 sed
683 671 790 735 rebus
804 670 892 751 ipsis
905 670 941 735 id
954 687 1042 752 prae
1061 688 1100 735 se
1119 672 1275 754 tum,
1288 680 1327 739 ut
1341 674 1506 755 apparuit
1519 673 1556 738 in

329 777 513 859 qu‘usdam
526 778 701 843 Abbatiae
716 778 958 859 concessione,
975 795 1066 859 quae
1085 780 1225 845 titulum
1239 781 1395 847 habebat
1412 780 1555 849 Romae

327 886 504 955 amatoris
521 886 542 967 ¹,
557 885 604 950 ad
618 902 725 967 quam
739 885 979 966 obtinendam,
996 886 1045 953 ad
1056 898 1286 967 augmentum
1301 888 1449 969 Collegii
1463 890 1557 955 Mes·

326 997 500 1075 sanensis,
516 1010 655 1059 omnem
670 1010 815 1075 operam
831 992 995 1073 navavit;
1011 1002 1046 1058 et
1061 996 1143 1076 quia
1158 996 1302 1061 vivebat
1317 996 1439 1061 Abbas
1460 1000 1553 1080 plus·

327 1123 434 1189 quam
447 1102 720 1186 sexagenarius,
736 1106 809 1184 egit
824 1121 905 1169 cum
925 1124 967 1172 eo
986 1116 1024 1170 ut
1045 1112 1125 1185 post
1144 1102 1254 1189 ipsius
1274 1115 1423 1171 mortem
1437 1105 1554 1172 Abba·

329 1215 416 1279 tiam
431 1212 614 1295 praedicto
634 1212 794 1293 Collegio
810 1213 963 1291 cederet,
983 1222 1018 1278 et
1038 1213 1083 1277 ad
1098 1212 1134 1278 id
1152 1228 1346 1277 consensus
1364 1213 1553 1293 imperato·

330 1321 380 1385 ris
394 1319 514 1385 Caroli
528 1320 795 1400 expectabatur,
808 1321 973 1400 quamvis
984 1319 1171 1385 translatio
1182 1336 1374 1400 regnorum
1386 1321 1422 1386 in
1432 1320 1556 1401 filium,

328 1445 421 1511 quae
435 1425 500 1491 sub
519 1427 625 1491 finem
646 1426 891 1508 praecedentis
912 1427 996 1491 anni
1015 1426 1110 1491 iacta
1132 1426 1247 1491 luerat
1267 1426 1290 1506 ¹,
1311 1429 1555 1494 executionem

328 1534 432 1618 hujus
446 1535 581 1614 negotii
594 1544 678 1599 tunc
693 1534 888 1614 impedivit.

391 1640 479 1707 1043.
522 1641 617 1707 Satis
631 1642 772 1706 solliciti
786 1641 928 1707 luerunt
943 1642 1055 1707 nostri
1068 1641 1272 1707 sacerdotes
1287 1660 1357 1707 non
1376 1644 1491 1709 solum
1509 1646 1554 1710 de

328 1752 384 1817 his
405 1748 431 1830 ³,
452 1748 513 1833 qui
533 1750 579 1814 ad
600 1750 769 1831 templum
791 1750 1027 1829 confluebant,
1049 1748 1111 1813 sed
1132 1749 1176 1815 de
1196 1750 1341 1815 inclusis
1362 1752 1468 1817 etiam
1491 1750 1551 1835 [iu]

327 1858 509 1924 coenobiis
522 1867 556 1921 et
571 1856 775 1921 carceribus
790 1858 900 1937 etqui
915 1858 1022 1921 etiam
1034 1857 1068 1921 in
1081 1858 1281 1923 triremibus
1292 1858 1551 1939 detinebantur;

328 1966 421 2031 etde
437 1964 705 2046 aegrotantibus
720 1964 878 2028 etiamin
897 1964 1048 2046 privatis
1067 1964 1230 2029 domibus
1250 1962 1313 2047 [ut]
1334 1966 1422 2031 bene
1441 1984 1551 2031 more·

326 2083 461 2153 rentur;
475 2090 540 2137 nec
551 2072 676 2136 tacebo
688 2069 938 2153 quodquidam
950 2089 994 2134 ex
1005 2071 1148 2151 nostris,
1162 2089 1243 2137 cum
1254 2072 1290 2136 in
1302 2073 1361 2137 via
1373 2084 1551 2138 mortuum

327 2180 505 2245 bominem
529 2179 733 2260 reperisset,
760 2176 861 2259 cujus
885 2177 1078 2259 sepeliendi
1099 2195 1223 2243 curam
1244 2196 1348 2245 nemo
1373 2182 1552 2261 suscipere

328 2288 527 2368 videbatur,
543 2286 697 2367 propriis
711 2286 868 2351 humeris
881 2304 962 2350 eum
974 2286 1141 2366 imposuit
1152 2296 1186 2350 et
1199 2287 1234 2351 in
1246 2289 1426 2369 templum,
1439 2289 1551 2368 sepul·

328 2406 430 2460 turae
444 2396 574 2475 gratia,
590 2393 803 2474 deportavit.
820 2392 916 2457 Idem
935 2393 1042 2458 alium
1063 2395 1252 2475 quemdam
1271 2395 1550 2473 semimortuum,

328 2504 533 2585 despectum
554 2500 640 2565 etin
659 2501 721 2565 via
738 2500 927 2581 jacentem,
945 2501 1102 2565 humeris
1117 2501 1309 2583 sublatum,
1325 2502 1361 2567 in
1376 2502 1551 2585 hospitale

328 2612 507 2694 publicum
521 2608 655 2675 detulit.

391 2719 478 2783 1044.
522 2716 639 2782 Patris
653 2734 739 2781 vero
750 2715 985 2783 Provincialis
996 2734 1082 2783 cura
1093 2734 1181 2799 erga
1192 2736 1366 2801 pauperes
1377 2720 1445 2784 boc
1456 2737 1550 2784 anno

326 2827 433 2893 etiam
450 2826 579 2891 eximia
595 2823 672 2905 fuit,
688 2834 859 2890 eteorum
878 2826 1082 2890 necessitati
1102 2843 1144 2890 ac
1163 2827 1270 2891 etiam
1290 2827 1550 2908 aegrotantium

329 2936 381 3000 sic
395 2934 560 3016 opitulari
574 2931 718 3012 studuit,
734 2941 772 2996 ut
787 2931 833 2996 ad
851 2942 1048 2998 extremum
1067 2947 1178 3014 usque
1199 2933 1294 2999 vitae
1316 2935 1479 3016 spiritum
1499 2935 1550 3000 eis

326 3043 490 3108 adiuerit.
507 3041 552 3105 Et
565 3040 641 3123 ejus
654 3039 813 3106 charitas
827 3040 1037 3121 primatibus
1052 3043 1154 3121 regni
1168 3041 1205 3106 iu
1219 3059 1387 3122 magnam
1398 3043 1550 3108 admira·

326 3153 457 3218 tionem
472 3149 688 3227 adducebat;
703 3157 738 3212 et
753 3147 862 3230 aliqui
875 3164 999 3213 eorum
1010 3147 1150 3231 publice
1162 3149 1326 3215 dicebant
1338 3158 1460 3216 veteru
1472 3168 1549 3215 san-

327 3269 466 3326 ctorum
488 3257 664 3338 exempla,
690 3255 787 3338 quod
807 3255 854 3320 ad
879 3255 1091 3322 charitatem
1118 3257 1255 3335 attinet,
1282 3258 1318 3322 in
1343 3260 1474 3324 nostris
1498 3275 1549 3322 re-

326 3376 410 3433 nata
425 3383 514 3431 esse.

389 3473 476 3539 10⁴5.
520 3472 670 3538 Curavit
684 3481 802 3538 autem
816 3473 875 3539 ille
888 3482 928 3538 ut
941 3472 1090 3538 Prorex
1110 3491 1156 3538 ex
1176 3491 1246 3539 una
1261 3483 1374 3556 parte,
1393 3473 1550 3540 civitatis

328 3583 560 3666 magistratus
572 3592 692 3646 autem
707 3597 954 3646 messanenses
968 3599 1013 3645 ex
1028 3580 1152 3661 altera,
1172 3581 1208 3645 in
1229 3597 1404 3663 pauperes
1422 3589 1456 3645 et
1477 3583 1548 3646 lan·

326 3699 476 3775 guentes
505 3689 811 3770 eleemosynarum
838 3688 1027 3768 largitione
1055 3705 1127 3753 non
1155 3688 1325 3754 mediocri
1352 3697 1546 3768 uterentur3

326 3816 409 3864 nam
424 3797 539 3879 panis,
554 3797 676 3860 vinum
691 3805 726 3859 et
742 3793 800 3875 jus
819 3795 987 3876 quotidie,
1009 3811 1135 3860 carnes
1155 3805 1274 3860 autem
1293 3795 1347 3859 bis
1368 3795 1404 3859 in
1422 3794 1550 3860 hebdo-

327 3905 445 3986 mada,
466 3904 559 3968 mille
577 3913 612 3968 et
631 3902 833 3984 quingentis
852 3902 927 3966 fere
941 3903 1156 3983 pauperibus
1170 3901 1488 3983 distribuebantur,
1514 3911 1548 3966 et
1639 3923 1644 3934 ·

327 4013 469 4080 interim
482 4013 557 4076 suis
571 4011 735 4076 manibus
745 4010 893 4090 ipsemet
904 4007 1139 4075 Prouincialis
1150 4009 1363 4092 pauperibus
1374 4009 1548 4074 ministra·

327 4122 400 4187 bat.
417 4120 461 4184 Et
476 4118 587 4201 aliqui
600 4134 647 4182 ex
664 4117 798 4186 nostris
816 4131 956 4198 semper
975 4117 1043 4182 hoc
1063 4117 1205 4198 pietatis
1222 4116 1337 4183 officio
1357 4117 1548 4197 iungeban-

321 4287 534 4300 ῌ-η

364 4399 374 4435 Ι
402 4399 473 4444 vida
483 4407 572 4454 supra,
581 4403 601 4444 t.
611 4407 650 4454 ru,
660 4408 721 4454 pag.
731 4397 780 4452 225,
789 4404 881 4444 annot.
894 4399 905 4444 l
916 4398 981 4446 adn.
994 4397 1043 4454 498,
1052 4403 1079 4442 et
1094 4397 1162 4444 inira
1176 4398 1219 4443 ubl
1236 4401 1330 4453 agetur
1344 4396 1375 4442 de
1392 4391 1549 4442 Provinclall

323 4469 488 4599 sqmtdla,
499 4541 609 4598 acllloat,
618 4543 646 4588 lo
654 4541 775 4588 Octobri·
785 4543 845 4589 libb.
856 4541 923 4588 Vide
932 4553 1019 4599 aupra,
1030 4549 1049 4589 t.
1060 4555 1087 4600 v,
1097 4553 1158 4599 pag.
1170 4543 1219 4600 814,
1234 4557 1260 4590 n.
1273 4543 1320 4598 863,
1330 4543 1372 4590 ubl
1382 4542 1444 4587 ordo
1460 4553 1477 4589 a
1487 4541 1550 4590 Cae·

322 4627 382 4664 aare
393 4615 490 4662 carolo
500 4617 526 4661 in
536 4625 680 4669 renatorum
690 4615 870 4661 translatione
879 4624 1002 4662 aervatna
1009 4617 1142 4663 enucleata
1152 4616 1286 4664 statuitur.

360 4689 374 4730 a
399 4687 446 4738 Ua.
456 4691 487 4734 at
497 4689 530 4734 de
539 4687 591 4735 lala.
