3642 5350
327 401 384 462 534
790 402 920 464 Cnnou.
940 401 1108 478 Soc.‘ths.

801 497 812 525 δ

388 545 480 611 2312.
523 545 617 612 Inter
632 547 768 612 nobiles
783 565 826 612 ac
837 549 1030 629 primarios
1045 548 1145 612 viros
1156 549 1257 614 multi
1270 548 1432 613 favorem
1447 565 1491 612 ac
1511 548 1569 614 be-

326 655 567 719 nevolentiam
582 654 750 720 societati
765 655 992 730 exhibebant;
1010 656 1071 720 alii
1086 663 1254 720 eventum
1266 673 1386 720 rerum
1401 665 1569 736 expecta·

327 761 427 827 bant.

387 867 480 932 2313.
523 868 626 949 Quod
641 869 687 932 ad
702 887 761 934 res
772 868 961 950 judiciales
976 869 1117 950 attinet,
1128 869 1292 951 quamvis
1303 870 1349 933 ab
1360 867 1568 950 Ordinatio,

329 986 368 1040 ut
382 977 549 1056 diximus
568 993 742 1042 censurae
757 984 883 1042 contra
898 985 1040 1041 nostros
1058 978 1177 1042 nullae
1193 977 1396 1041 declaratae
1411 977 1567 1059 lucrant,

329 1083 437 1164 aliqui
453 1084 580 1148 timore
595 1082 750 1164 quodam
769 1093 805 1148 et
823 1100 894 1147 non
910 1081 1062 1163 juridice
1081 1083 1119 1147 id
1136 1083 1272 1148 factum
1292 1083 1569 1165 cavillabuntur,

328 1192 429 1255 etita
444 1199 606 1254 curatum
622 1199 692 1269 est,
709 1200 746 1254 ut
761 1189 920 1255 Nunnius
939 1190 1169 1272 Apostolicus
1191 1190 1512 1272 Archiepiscopum
1532 1200 1570 1256 et

330 1297 408 1379 ejus
420 1298 608 1362 Vicarium
625 1296 763 1377 judices
779 1297 995 1378 apostolicos
1017 1298 1236 1377 nominaret,
1259 1307 1298 1362 ut
1316 1297 1360 1361 de
1376 1315 1488 1362 causa
1506 1315 1565 1362 no·

329 1415 483 1470 strorum
498 1421 734 1485 cognoscere,
755 1416 789 1469 et
804 1422 1051 1487 quaecumque
1071 1414 1251 1487 oporteret
1271 1405 1429 1485 legitime
1448 1406 1572 1470 iacere

327 1520 483 1594 possent.
512 1511 591 1576 Non
619 1522 740 1576 tamen
767 1513 844 1576 sine
879 1513 1083 1594 suspicione
1118 1511 1262 1593 quidam
1295 1519 1409 1589 erant,
1438 1513 1567 1576 timore

329 1627 492 1684 cessante
513 1619 735 1684 evocationis
751 1619 906 1700 Vicarii,
929 1620 1126 1685 rediturum
1146 1637 1225 1683 esse
1246 1618 1571 1699 Archiepiscopum

331 1726 376 1790 ad
390 1725 583 1806 ingenium,
600 1734 636 1790 et
650 1735 858 1791 curaturum
872 1727 1116 1807 expulsionem
1128 1724 1318 1791 Societatis
1329 1726 1374 1789 ab
1386 1743 1429 1790 eo
1439 1739 1568 1806 regom

331 1841 365 1897 et
381 1832 522 1913 quidem
538 1850 602 1913 per
621 1833 759 1897 litteras
777 1849 824 1897 ex
843 1834 945 1897 curia
964 1851 1116 1898 romana
1135 1841 1361 1912 emananteS,
1383 1850 1473 1913 quas
1495 1850 1565 1897 mo·

331 1940 437 2003 nachi
452 1949 485 2002 et
500 1941 623 2004 clerici
638 1940 829 2017 curabant,
847 1947 885 2003 ut
898 1941 1014 2004 nostri
1029 1957 1074 2003 ex
1088 1957 1154 2004 sua
1169 1941 1274 2004 domo
1289 1940 1569 2021 expellerentur,

329 2057 364 2111 et
379 2046 591 2129 quibusdam
606 2045 686 2110 aliis
697 2045 835 2126 juribus
850 2047 953 2128 regni
966 2047 1187 2128 Aragoniae,
1200 2065 1246 2110 ex
1257 2055 1333 2111 tota
1349 2048 1494 2110 civitate
1506 2052 1566 2110 no·

330 2163 424 2218 stros
449 2154 578 2234 expelli
603 2170 709 2234 posse
734 2155 939 2236 sperabant;
965 2165 1000 2218 et
1022 2171 1113 2238 quae
1128 2155 1226 2235 ipsos
1241 2154 1434 2217 movebant
1448 2152 1569 2234 hujtrs—

331 2261 427 2326 modi
441 2270 560 2339 erant,
577 2269 616 2324 ut
631 2262 739 2325 etiam
753 2279 798 2325 ex
819 2270 894 2325 toto
914 2262 1000 2325 orbe
1019 2271 1198 2324 terrarum
1219 2259 1433 2326 Societatem
1448 2261 1570 2342 expui*

330 2387 409 2432 sam
423 2370 567 2433 vellent.
1406 2383 1413 2396 ·

392 2475 484 2541 2314.
527 2476 672 2541 Interim
686 2475 817 2555 nostri,
835 2477 895 2557 qui
910 2475 1106 2555 redierant,
1122 2473 1314 2539 Societatis
1329 2476 1451 2540 munia
1471 2475 1573 2540 obire

330 2594 543 2665 coeperunt,
571 2593 606 2648 et
631 2583 874 2648 confitentium
896 2591 931 2647 et
956 2583 1294 2647 communicantium
1313 2582 1350 2646 in
1372 2591 1494 2648 nostro
1513 2601 1568 2647 sa-

330 2693 419 2758 cello
434 2709 566 2772 magna
582 2692 702 2756 statim
717 2690 916 2773 frequentia
931 2701 1124 2771 conspecta
1139 2699 1203 2755 est.
1220 2690 1312 2754 Aliis
1332 2691 1440 2754 etiam
1454 2691 1566 2755 chari·

329 2801 414 2863 tatis
435 2800 619 2880 operibuS,
635 2808 741 2880 prout
757 2808 933 2881 poterant,
950 2785 1142 2862 vacabant'.
1158 2797 1449 2863 Concionabatur
1462 2798 1499 2862 in
1513 2814 1571 2862 sa·

331 2908 419 2971 cello
435 2905 584 2986 Collegii
598 2906 637 2969 P.
654 2905 872 2986 Santander;
888 2924 972 2969 nam
987 2924 1033 2969 ex
1048 2906 1207 2970 ecclesiis
1227 2906 1326 2969 urbis
1345 2906 1464 2970 nullus
1483 2923 1570 2969 non—

331 3013 414 3078 dum
434 3030 647 3095 quemquam
662 3032 707 3077 ex
726 3013 870 3089 nostris,
893 3012 1170 3093 praedicationis
1188 3013 1308 3094 gratia
1321 3013 1526 3094 postulabat
1541 3017 1567 3089 ¹,

331 3121 496 3201 quamvis
512 3120 611 3201 prius
625 3121 806 3202 postulare
822 3118 916 3184 soliti
931 3128 1066 3199 essent,
1082 3137 1148 3183 nec
1163 3120 1293 3199 exigua
1313 3128 1408 3184 esset
1427 3120 1553 3184 concio

334 3236 500 3291 natorum
516 3228 676 3307 penuria.
1075 3281 1079 3286 ⁴

391 3332 482 3397 2315.
526 3332 572 3397 Hi
586 3343 722 3410 autern,
739 3351 828 3416 quos
847 3350 978 3415 capere
996 3341 1138 3415 poterat
1158 3341 1283 3397 nostra
1305 3333 1470 3413 ecclesia,
1487 3350 1574 3397 cum

332 3439 575 3504 consolatione
590 3450 624 3504 et
638 3439 881 3504 satisfactione
901 3459 974 3505 non
994 3440 1165 3504 mediocri
1191 3440 1340 3503 verbum
1359 3440 1427 3504 Dei
1448 3439 1566 3504 audie·

333 3547 431 3626 bant;
457 3556 492 3611 et
518 3546 688 3627 paulatim
711 3548 861 3628 populus
883 3547 1104 3627 quiescebat,
1121 3564 1204 3611 cum
1217 3548 1332 3610 bonus
1346 3547 1434 3611 odor
1449 3544 1568 3627 hujus-

331 3654 427 3718 modi
443 3654 657 3718 concionum
673 3670 735 3735 per
751 3655 874 3719 urbem
888 3665 1133 3737 spargeretur.

390 3760 480 3824 2316,
523 3760 612 3826 Cum
627 3771 746 3825 autem
761 3772 913 3842 quatuor
928 3770 1048 3826 essent
1071 3760 1292 3839 confessarii,
1311 3770 1573 3825 connumerato

331 3868 369 3932 P.
386 3866 505 3948 Rojas,
524 3868 608 3932 novi
622 3870 844 3948 poenitentes
858 3870 1008 3934 subinde
1029 3869 1074 3933 ad
1095 3877 1320 3932 sacramenta
1341 3868 1572 3949 suscipienda

332 3978 368 4040 in
384 3984 545 4040 nostrum
560 3978 731 4056 templum
746 3977 1017 4040 conveniebant.
1036 3975 1154 4040 Amici
1176 3984 1311 4055 autem,
1328 3975 1436 4039 immo
1455 3986 1491 4039 et
1509 3992 1569 4039 no·

332 4084 408 4162 stri,
425 4083 618 4147 convenire
630 4085 774 4147 omnino
786 4083 1051 4163 existimabant,
1066 4092 1104 4147 ut
1115 4092 1195 4164 post
1207 4092 1466 4163 tempestatem,
1479 4100 1577 4163 quae

332 4199 518 4269 tantopere
533 4200 674 4254 nostros
689 4191 1001 4271 Caesaraugustae
1016 4200 1263 4270 concusserat,
1277 4190 1387 4272 aliqui
1399 4191 1443 4254 de
1455 4187 1574 4255 Socie-

332 4306 421 4374 tate,
448 4298 509 4377 qui
533 4296 696 4361 doctrina
717 4307 752 4362 et
777 4298 991 4362 auctoritate
1022 4298 1211 4379 pollerent,
1244 4296 1576 4378 Caesaraugustam

332 4404 507 4484 venirent;
525 4412 562 4467 ut
577 4413 695 4468 essent
710 4406 768 4486 qui
788 4414 822 4469 et
843 4404 1051 4470 concionari
1066 4414 1101 4468 et
1121 4405 1242 4484 legere
1258 4405 1414 4485 assidue,
1431 4413 1466 4469 et
1484 4402 1574 4469 Cae-

374 4646 382 4677 ¹
411 4644 458 4690 us.
467 4645 655 4701 postulabant.
