3642 5350
768 445 833 506 Au.
854 446 925 505 1566
1410 446 1466 507 625

227 586 337 658 etiam
358 591 441 656 dum
460 591 619 672 singulos
641 591 831 673 alloquitur
850 607 1028 672 seorsum,
1050 601 1085 656 et
1106 590 1393 656 accommodatas
1417 593 1463 656 ad

229 717 292 764 eos
311 701 416 764 simul
435 699 624 763 conciones
643 698 763 777 habet,
779 698 928 762 multum
943 708 996 762 est
1022 699 1250 778 consolatus3
1277 715 1335 762 res
1355 699 1463 762 etiam

230 807 457 888 temporaleS,
473 806 594 885 quoin
610 813 705 868 statu
720 814 850 883 essent,
867 803 1057 886 diligenter
1072 803 1287 868 observavit.

290 910 383 976 2689.
426 910 465 976 ln
480 911 643 975 omnibus
662 921 781 974 autem
800 910 970 991 Collegiis
990 920 1052 976 aut
1072 911 1235 976 domibus
1254 910 1358 992 hujus
1380 911 1462 976 Pro·

230 1021 382 1098 vinciae,
399 1019 443 1082 de
458 1019 585 1100 quibus
600 1035 761 1081 seorsum
775 1027 830 1081 est
845 1027 976 1098 actum,
990 1020 1138 1084 curabat
1153 1018 1333 1083 ferventer
1345 1019 1463 1082 obser·

230 1127 312 1190 vari
326 1127 471 1206 regulas
481 1143 524 1188 ac
538 1125 682 1188 modum
693 1124 911 1205 procedendi
926 1123 1114 1191 Societatis
1128 1143 1135 1208 ;
1151 1133 1186 1188 et
1197 1135 1236 1189 ut
1248 1125 1348 1190 initio
1360 1123 1464 1205 hujus

231 1234 316 1298 anni
330 1233 469 1311 scribit,
486 1233 522 1296 in
541 1233 749 1296 universum
762 1232 798 1295 in
821 1240 895 1297 tota
917 1233 1107 1297 Provincia
1124 1231 1300 1298 Castellae
1321 1249 1380 1296 res
1401 1230 1463 1296 So·

230 1341 369 1406 cietatis
390 1357 560 1421 prospere
574 1356 613 1404 se
632 1339 825 1419 habebant,
844 1352 880 1404 et
898 1342 1000 1405 multi
1018 1358 1040 1403 a
1058 1339 1211 1404 Domino
1236 1339 1282 1403 ad
1301 1348 1463 1404 nostrum

229 1447 432 1512 Institutum
451 1447 685 1525 vocabantur,
708 1445 864 1526 egregiis
889 1445 1030 1510 dotibus
1050 1446 1223 1527 praediti;
1249 1455 1283 1510 et
1299 1447 1329 1509 is
1344 1463 1465 1509 cerne·

231 1554 336 1618 batur
351 1555 563 1635 populorum
583 1569 670 1633 erga
690 1550 906 1618 Societatem
929 1553 1076 1617 affectus
1104 1563 1139 1617 et
1159 1553 1285 1618 messis
1303 1563 1379 1618 tam
1404 1571 1460 1618 co-

229 1661 348 1741 piosa,
365 1669 403 1723 ut
423 1660 551 1740 ubique
570 1660 676 1740 pauci
694 1660 902 1724 viderentur
925 1677 1003 1725 esse
1023 1661 1135 1724 nostri
1150 1661 1302 1741 operarii
1323 1661 1463 1725 adeam

230 1767 479 1847 colligendam.

290 1873 382 1938 2690.
425 1873 549 1938 Studia
575 1875 682 1938 etiam
709 1876 747 1938 in
770 1875 948 1957 plerisque
974 1875 1157 1954 Collegiis,
1186 1875 1249 1938 sed
1271 1875 1465 1956 praecipuo

231 1980 470 2048 Salmanticae
484 1991 519 2044 et
540 1981 729 2062 compluti,
752 1982 942 2062 diligenter
956 1982 1215 2060 tractabantur,
1232 1982 1326 2062 quod
1341 1982 1387 2045 ad
1402 2000 1460 2045 no·

229 2098 382 2154 strorum
402 2089 527 2151 attinet
545 2087 761 2168 proiectum;
779 2106 861 2153 nam
880 2089 974 2170 quod
993 2087 1039 2152 ad
1061 2098 1229 2152 externos
1249 2089 1385 2168 attinet,
1402 2089 1464 2152 ubi

230 2197 377 2260 scholae
402 2213 423 2258 a
448 2195 580 2258 nostris
605 2206 750 2275 apertae
774 2203 891 2273 erant,
919 2204 957 2258 ut
980 2192 1195 2274 Placentiae,
1222 2195 1368 2276 Burgis,
1392 2196 1461 2260 Me-

229 2304 399 2382 thymnae
414 2307 449 2365 et
464 2303 502 2365 in
516 2300 738 2381 Monteregio
753 2301 897 2365 uberior
912 2301 1049 2366 fructus
1065 2303 1282 2382 capiebatur.

287 2409 379 2473 2691.
423 2408 614 2473 Residebat
635 2407 835 2472 Vallisoleti
854 2408 1101 2488 ProuincialiS,
1122 2409 1196 2474 fere
1211 2427 1351 2490 semper
1367 2412 1464 2473 vale·

228 2517 438 2595 tudinariuS,
452 2527 486 2580 et
498 2515 685 2580 multitudo
697 2532 832 2595 eorum,
846 2517 906 2596 qui
919 2517 1057 2580 consilii
1073 2527 1108 2580 et
1123 2517 1244 2580 auxilii
1256 2518 1374 2596 gratia
1390 2516 1463 2580 adi-

227 2624 325 2704 bant,
341 2633 380 2687 ut
392 2621 467 2704 ejus
481 2622 650 2687 valetudo
664 2623 874 2688 imbecillior
890 2633 985 2687 esset
996 2623 1179 2703 efficiebat,
1193 2623 1276 2687 dum
1288 2624 1342 2688 sui
1354 2623 1459 2688 ratio·

228 2748 309 2795 nem
330 2748 401 2794 nott
422 2730 587 2807 habebat,
611 2741 650 2794 ut
671 2730 885 2794 universalis
909 2732 993 2795 boni
1026 2740 1060 2795 et
1093 2732 1283 2795 multorum
1308 2747 1465 2811 magnae

229 2837 453 2901 auctoritatis
477 2837 659 2900 hominurn
686 2838 723 2901 in
748 2837 905 2918 ipsorum
931 2838 1173 2918 spiritualibus
1192 2838 1464 2901 necessitatibus

228 2945 403 3008 rationem
418 2944 576 3007 haberet.
591 2943 681 3007 Tam
696 2945 789 3007 enim
805 2944 870 3007 hos
885 2962 990 3025 quam
1011 2945 1100 3008 alios
1124 2962 1204 3009 cum
1219 2944 1461 3008 consolatione

228 3064 262 3115 et
278 3052 412 3115 auxilio
433 3069 454 3114 a
472 3068 511 3114 se
531 3050 707 3114 dimittere
726 3050 916 3129 nitebatur,
935 3060 969 3115 et
990 3052 1040 3115 ita
1059 3052 1158 3115 multi
1178 3070 1223 3115 ex
1243 3051 1368 3115 aulicis
1384 3068 1464 3115 sese

228 3159 442 3239 colligebant
456 3166 491 3220 et
505 3166 732 3222 sacramenta
745 3157 1031 3239 frequentabant.

287 3264 379 3329 2692.
422 3264 518 3329 Inter
530 3264 781 3344 occupationes
794 3274 913 3328 autem
924 3264 998 3328 lere
1010 3266 1198 3330 continuas
1210 3266 1343 3347 aliquot
1356 3264 1462 3329 etiam

228 3374 420 3438 conciones
435 3372 607 3450 habebat;
633 3381 667 3435 et
689 3372 781 3435 inter
794 3372 884 3435 alias
898 3373 976 3453 ipso
998 3373 1055 3436 die
1079 3371 1140 3437 gu
1158 3371 1346 3454 Stephani,
1369 3390 1464 3435 anno

226 3481 295 3544 hoc
318 3480 477 3558 ineunte,
499 3496 579 3542 cum
602 3477 774 3541 Infantem
797 3478 965 3543 Carolum
985 3498 1027 3543 ac
1049 3482 1176 3544 multos
1199 3481 1463 3545 ecclesiasticos

226 3590 419 3669 praelatos,
433 3597 467 3650 et
479 3586 693 3666 temporales
704 3585 879 3663 dominoS,
893 3604 936 3650 ac
949 3585 1096 3666 judices,
1110 3586 1289 3652 auditores
1301 3587 1461 3665 haberet,

227 3694 333 3758 valde
348 3693 414 3757 fuit
429 3694 607 3756 celebrata
624 3710 644 3755 a
659 3691 799 3755 Nuncio
819 3693 1030 3773 praesertim
1052 3692 1272 3775 Apostolic0,
1294 3694 1353 3776 qui
1370 3692 1461 3757 ordi·

227 3804 284 3867 nis
295 3799 355 3866 gn
371 3800 549 3863 Dominici
566 3800 763 3862 monachus
777 3810 812 3863 et
824 3801 939 3865 bonus
951 3802 1183 3865 concionator
1198 3811 1288 3881 erat,
1301 3802 1362 3884 qui
1373 3800 1465 3865 alias

227 3910 332 3973 tubas
354 3908 455 3973 verbi
477 3907 546 3971 Dei
571 3916 690 3969 tacere
715 3924 819 3986 posse
845 3908 950 3987 dixit,
977 3917 1166 3989 postquam
1192 3909 1251 3973 illa
1272 3909 1462 3987 sonuisset,

228 4026 432 4098 quamtunc
444 4015 649 4093 audierant3
670 4024 705 4078 et
718 4015 787 4077 alia
805 4012 1007 4094 hujusmodi
1025 4016 1126 4095 dixit,
1143 4034 1234 4097 quae
1249 4034 1321 4081 non
1344 4015 1462 4080 admo·

228 4126 313 4188 dum
330 4124 481 4188 libenter
496 4120 594 4201 Mag.
611 4122 731 4185 Canus
745 4130 779 4184 et
795 4122 855 4186 alii
870 4123 1013 4203 quidam
1028 4124 1233 4189 audiebant.

285 4230 377 4295 2693.
421 4228 677 4294 Commendata
697 4228 766 4310 ipsi
784 4228 899 4294 luerat
921 4232 1045 4295 concio
1061 4231 1302 4313 Epiphaniae,
1319 4248 1387 4311 quo
1405 4230 1463 4295 die

138 4382 145 4397 .
225 4339 408 4420 processio
432 4336 612 4416 generalis
637 4348 714 4400 erat
735 4337 974 4418 instituenda;
1002 4338 1063 4402 sed
1089 4358 1171 4405 cum
1197 4340 1323 4403 illaad
1344 4357 1465 4404 mona·

226 4446 373 4510 sterium
389 4444 532 4525 aliquod
546 4462 592 4507 ex
607 4442 791 4508 ordinibus
806 4446 1082 4510 mendicantium
1097 4458 1249 4511 ventura
1264 4455 1374 4525 esset,
1392 4462 1465 4509 mo·

227 4552 364 4617 destiae
388 4552 519 4631 gratia,
535 4560 570 4615 et
592 4568 637 4614 tte
652 4552 720 4615 illis
741 4550 947 4617 offensionis
962 4555 1105 4618 occasio
1125 4556 1281 4635 daretur,
1299 4570 1378 4619 eam
1393 4569 1466 4616 non

228 4660 388 4725 admisit.

378 4773 418 4829 T.
434 4792 474 4831 vr.
1249 4792 1287 4847 40
