3642 5350
787 444 851 507 Aa.
872 444 943 506 1556
1423 441 1479 503 733

248 590 330 657 dum
345 584 495 675 pateret3
510 591 573 657 sed
587 608 669 657 cum
683 600 820 658 tantum
835 592 976 658 unicum
991 592 1163 657 haberent
1174 590 1475 667 concionatorem,

250 700 310 766 illo
324 718 448 766 carere
462 701 538 765 sine
553 701 777 767 incommodo
791 719 863 766 non
883 710 1059 783 poterant.

311 808 356 874 Et
369 808 460 873 haec
474 808 517 873 de
528 807 703 874 Eborensi
716 808 886 889 Collegio.

367 1236 432 1303 DE
452 1236 685 1304 COLLEGIO
707 1238 770 1304 Sa
788 1236 982 1305 ANTONII
1002 1235 1363 1305 OLYSSIPONENSI

314 1555 406 1627 3174.
449 1560 487 1627 Ρ.
503 1560 713 1627 Emmanuel
727 1561 889 1629 Godinus
902 1563 984 1629 huic
996 1561 1156 1643 Collegio
1167 1561 1291 1643 primis
1302 1560 1482 1626 mensibus

257 1668 359 1750 hujus
373 1670 458 1734 anni
470 1670 624 1751 praefuit
640 1669 662 1752 ¹3
677 1670 741 1736 secl
755 1688 837 1737 cum
851 1671 1014 1736 nuntium
1028 1670 1144 1737 obitus
1157 1669 1195 1736 P.
1212 1668 1342 1750 Ignatii
1352 1669 1389 1733 in
1400 1666 1483 1733 Por-

257 1777 440 1857 tugalliam
455 1778 626 1860 venisset,
647 1787 682 1844 et
701 1779 905 1861 praedictus
926 1776 1031 1843 Pater
1049 1778 1276 1858 Emmanuel,
1297 1785 1336 1841 ut
1355 1775 1484 1841 Procu-

258 1892 358 1949 rator
381 1883 456 1966 ejus
479 1884 691 1951 Provinciae
714 1896 887 1952 venturus
915 1886 961 1952 ad
988 1884 1326 1968 Congregationem,
1351 1884 1485 1949 electus

258 1990 398 2070 luisset;
423 1993 537 2058 eidem
560 1994 720 2075 Collegio
741 1994 943 2076 praefectus
964 2003 1019 2059 est
1040 1992 1078 2058 P.
1101 1992 1308 2076 Alphonsus
1323 1992 1484 2057 Baretus.

259 2098 494 2181 vigintiduo,
510 2102 590 2183 plus
605 2103 732 2184 minus,
748 2121 794 2168 ex
809 2104 941 2167 nostris
956 2102 1005 2167 ibi
1018 2102 1270 2182 versabantur,
1286 2109 1321 2165 et
1334 2099 1423 2164 satis
1436 2096 1485 2163 di-

259 2206 425 2289 ligenter,
452 2198 674 2291 praesertim
688 2220 769 2292 post
792 2209 988 2275 adventum
1005 2209 1043 2274 P.
1070 2209 1245 2275 Ludovici
1269 2206 1442 2288 praedicti
1460 2205 1486 2285 ¹,

259 2312 447 2379 Societatis
460 2314 619 2397 Regulae
638 2328 673 2383 et
690 2318 904 2398 Institutum‚
922 2316 1026 2398 juxta
1041 2318 1228 2383 formulam
1243 2332 1413 2381 romanae
1427 2312 1487 2377 So-

260 2421 410 2503 cietatis,
429 2424 723 2491 observabantur.

319 2531 410 2597 3175.
455 2532 575 2615 Aliqui
589 2534 696 2599 etiam
710 2535 746 2599 in
760 2534 974 2600 Societatem
988 2535 1036 2600 ibi
1056 2534 1203 2600 admissi
1224 2533 1382 2612 luerunt;
1398 2532 1490 2596 inter

262 2657 351 2722 quos
370 2641 440 2707 duo
460 2660 506 2707 ex
529 2643 710 2725 primariis
729 2661 810 2709 cum
834 2652 1022 2726 parentum
1041 2658 1218 2708 consensu
1237 2641 1371 2723 recepti
1395 2649 1487 2706 sunt.

263 2733 336 2815 Alii
350 2750 450 2815 multi
464 2751 685 2816 tantumdem
698 2751 878 2832 iecissent,
893 2753 925 2816 si
939 2760 1099 2833 potestas
1114 2751 1197 2816 data
1209 2751 1345 2815 fuisset.
1358 2747 1489 2812 Incide-

263 2857 467 2923 runtetiam
488 2857 525 2922 hi
544 2859 580 2924 in
600 2860 722 2924 varios
744 2860 886 2925 morbos
907 2860 976 2924 hoc
996 2877 1102 2940 anno,
1124 2859 1288 2940 quamvis
1310 2854 1490 2939 Olyssipo·

265 2983 373 3030 nense
387 2967 526 3031 coelum
540 2966 682 3032 salubre
697 2967 888 3032 admodum
906 2969 968 3048 sit,
991 2966 1082 3032 adeo
1102 2976 1142 3031 ut
1162 2967 1281 3047 plures
1302 2973 1422 3029 essent
1435 2981 1491 3027 ae·
1550 2989 1553 2995 ·

263 3075 359 3153 groti
381 3091 487 3155 quam
507 3074 601 3154 sani,
622 3075 681 3156 qui
701 3075 753 3138 eis
772 3074 1016 3151 subvenirent;
1040 3075 1132 3139 inter
1157 3090 1246 3154 quos
1270 3080 1423 3154 quatuor
1446 3087 1492 3134 ex

265 3181 554 3263 praeceptoribus
568 3181 721 3248 luerunt.

323 3286 415 3351 3176.
457 3288 694 3355 Nihilominus
716 3291 886 3356 lectiones
906 3299 941 3355 et
962 3291 1237 3356 exercitationes
1259 3287 1493 3354 scholasticae

265 3396 407 3460 solitum
422 3413 566 3461 cursum
580 3399 647 3462 hoc
663 3416 756 3463 auno
778 3408 982 3480 tenuerunt,
998 3409 1034 3464 et
1055 3417 1120 3464 sex
1139 3400 1273 3463 classes
1292 3397 1493 3461 litterarum

267 3504 516 3570 humaniorum
528 3504 705 3586 frequenti
724 3505 915 3571 admodum
936 3506 1139 3571 auditorum
1157 3523 1305 3572 numero
1324 3513 1427 3569 erant
1445 3504 1494 3568 in·

268 3618 437 3692 structae,
453 3621 488 3677 et
507 3614 618 3678 multo
638 3614 757 3695 plures
777 3613 939 3696 luissent,
962 3616 1031 3680 nisi
1050 3614 1168 3679 aditus
1187 3613 1233 3677 ad
1252 3623 1413 3678 nostrum
1432 3627 1496 3692 gy·

268 3720 442 3785 mansium
456 3721 576 3786 multis
590 3721 714 3786 luisset
732 3725 955 3804 praecium,
971 3741 1015 3788 eo
1033 3723 1129 3805 quod
1148 3723 1294 3788 scholae
1316 3719 1496 3801 angustio·

268 3845 326 3892 res
341 3838 458 3893 essent
473 3846 580 3910 quam
595 3839 633 3893 ut
648 3829 699 3894 eis
714 3830 896 3912 capiendis
912 3829 1124 3895 sufficerent.

326 3935 418 4000 3177.
462 3935 562 4002 Multi
597 3954 642 4001 ex
669 3936 892 4002 scholasticis
925 3938 1067 4018 ingenio
1095 3937 1290 4018 florebant,
1319 3944 1355 4001 et
1388 3935 1498 4000 miros

269 4043 304 4108 in
326 4045 451 4110 litteris
473 4063 515 4110 ac
538 4045 729 4110 virtutibus
753 4062 966 4127 progressus
990 4045 1178 4111 faciebant.
1203 4045 1323 4109 Primo
1349 4043 1497 4108 sabbato

268 4155 400 4217 mensis
424 4152 508 4234 Maji
528 4164 774 4218 convenerunt
794 4154 831 4218 in
856 4171 966 4218 unum
985 4156 1105 4219 locum
1129 4170 1252 4218 omnes
1276 4152 1497 4234 scholastici,

269 4260 329 4324 ubi
354 4261 499 4342 quidam
526 4278 572 4325 ex
600 4260 714 4342 prima
744 4261 858 4326 classe
886 4262 1080 4342 positiones
1105 4261 1305 4326 rhetoricas
1331 4258 1499 4340 desendit;

270 4377 396 4433 contra
424 4386 528 4451 quem
557 4369 806 4452 condiscipuli,
836 4371 1043 4452 praemissis
1069 4369 1291 4436 orationibus
1315 4369 1436 4434 latinis
1465 4378 1500 4433 et

286 4509 485 4521 ια--ι-ι--ι-ι-ι..

313 4575 322 4610 ¹
350 4575 417 4621 Vide
428 4576 550 4622 Litterae
558 4578 789 4632 Quadrlmestns,
798 4583 818 4624 t.
828 4590 864 4634 ιν,
875 4589 937 4634 ρας.
947 4578 988 4623 367
997 4583 1025 4624 et
1033 4577 1083 4635 ⁴52,
1093 4580 1185 4635 qulbus
1195 4583 1307 4624 estuans
1317 4577 1454 4625 Polancus.

313 4645 325 4679 ¹
352 4648 381 4694 P.
401 4647 527 4695 Lndovlcl
553 4649 682 4696 Gonznlez
701 4649 732 4694 de
757 4649 878 4696 Camere.
903 4649 969 4695 Vide
993 4651 1152 4703 Ouarnuu,
1177 4651 1249 4698 ΗΜ.
1274 4653 1331 4699 Soc.
1349 4652 1421 4709 Jaes„
1438 4663 1463 4708 p.
1483 4662 1501 4708 r,

274 4721 317 4766 lib.
326 4733 380 4776 xva,
391 4733 415 4767 a.
425 4723 461 4779 585
472 4721 561 4780 Eprsr.
572 4723 602 4769 Ρ.
612 4723 712 4776 Nadal,
722 4729 742 4770 t.
750 4733 767 4770 r.
