3642 5350
369 395 426 456 526
832 395 960 455 Caaott.
982 391 1061 453 Soc.
1081 393 1153 468 Jas.

371 541 517 623 perinde
540 539 742 604 fructuosas
767 538 1073 620 Quadragesimae
1097 539 1288 602 conciones
1302 539 1525 619 habuissent;
1546 540 1598 602 sic

369 648 466 711 enim
481 648 670 711 multorum
685 647 941 712 conscientiam
955 646 1163 724 stimulavit,
1181 655 1220 709 ut
1234 646 1443 710 confessarii
1459 646 1505 710 ad
1520 663 1601 710 con·

368 754 543 818 sessiones
557 755 743 834 generales
757 754 864 818 totius
880 754 977 817 vitae
992 751 1187 817 audiendas
1201 771 1273 816 non
1287 752 1506 818 sufficerent.

433 861 524 925 2277.
568 861 607 924 In
622 861 843 925 hebdomada
863 870 990 924 sancta
1011 861 1245 924 concionatus
1260 869 1314 924 est
1333 861 1522 941 aliquoties
1543 877 1604 924 no·

371 981 450 1033 stro
464 969 502 1033 in
518 970 648 1049 templo
663 967 700 1031 P.
717 967 863 1048 Strada,
884 968 979 1048 quod
997 978 1073 1031 tota
1093 966 1376 1048 Quadragesima
1391 967 1511 1032 facere
1531 984 1603 1030 non

372 1084 549 1157 potuerat,
570 1093 662 1156 cum,
687 1084 829 1157 praeter
847 1075 1074 1157 quotidianas
1095 1075 1288 1138 conciones
1307 1074 1489 1156 intemplo
1512 1073 1602 1152 Pini,

373 1183 483 1246 etiam
496 1182 618 1246 diebus
633 1183 775 1246 veneris
790 1183 984 1246 secundam
999 1182 1207 1246 concionem
1221 1199 1345 1245 coram
1359 1181 1530 1261 Pro-rege
1544 1181 1605 1245 ha·
1642 1205 1646 1211 ’

372 1291 485 1368 beret,
501 1299 535 1352 et
550 1289 689 1370 aliquas
705 1290 784 1352 aliis
798 1289 922 1353 diebus
937 1289 1015 1351 aliis
1029 1288 1178 1365 in.locis;
1192 1287 1287 1351 vires
1300 1297 1420 1352 tamen
1431 1287 1607 1352 Dominus

372 1395 615 1474 conservavit,
631 1399 670 1458 tit
685 1396 739 1459 his
755 1395 936 1459 laboribus
950 1413 1055 1476 pares
1069 1403 1204 1474 essent,
1226 1396 1393 1476 quamvis
1408 1396 1495 1459 satis
1515 1395 1610 1459 debi-

374 1503 496 1566 litatus
511 1511 591 1583 post
605 1502 745 1567 Pascha
760 1520 782 1565 a
796 1503 944 1566 medicis
958 1504 1123 1566 inventus
1139 1499 1230 1584 [est]‚
1247 1502 1307 1582 qui
1321 1502 1367 1565 ad
1388 1520 1513 1566 curam
1532 1520 1611 1567 cor-

376 1610 474 1690 poris
489 1609 690 1674 habendam
705 1627 786 1674 eum
800 1610 1046 1674 hortabantur.

435 1715 526 1780 2278.
572 1715 698 1781 Postea
725 1717 942 1782 christianae
959 1716 1144 1780 doctrinae
1170 1716 1364 1780 tradendae
1384 1717 1607 1797 exercitium,

373 1825 472 1906 quod
487 1824 658 1888 hactenus
673 1821 681 1854 ¹
697 1824 830 1888 factum
845 1842 917 1888 non
931 1822 1048 1887 fuerat
1062 1822 1099 1886 in
1118 1823 1277 1902 Collegio
1296 1834 1439 1900 nostro,
1464 1825 1607 1889 inchoa·

372 1942 451 1996 tum
466 1942 531 2012 est;
547 1931 703 2012 quotidie
718 1939 836 1996 autem
851 1932 916 1995 sub
931 1948 1130 2011 vesperam,
1146 1929 1271 1995 diebus
1285 1942 1405 1996 autem
1416 1930 1517 1998 iestis
1526 1940 1607 2012 post

375 2039 572 2117 meridiem,
588 2039 690 2120 pueri
704 2040 740 2102 in
755 2037 836 2102 fidei
850 2048 995 2102 nostrae
1010 2037 1219 2101 rudimentis
1233 2039 1521 2117 instituebantur;
1538 2057 1607 2119 qua

374 2145 633 2209 exercitatione
649 2145 822 2223 absoluta,
839 2145 965 2208 concio
980 2163 1002 2208 a
1021 2143 1059 2207 P.
1079 2144 1241 2225 Baptista
1259 2143 1472 2226 Sepulveda,
1493 2145 1609 2225 (quem

379 2251 417 2316 P.
434 2251 550 2316 Miron
566 2251 731 2315 Valentia
745 2251 902 2330 miserat)
919 2252 965 2316 ad
979 2253 1244 2330 provectiorum
1258 2252 1445 2316 utilitatem
1458 2253 1608 2316 habeba·

376 2371 448 2440 tur,
465 2368 500 2423 et
513 2359 730 2439 frequentari
744 2376 831 2439 prae
847 2359 951 2421 solito
966 2360 1136 2439 templum
1150 2367 1312 2422 nostrum
1327 2359 1460 2439 coepit;
1475 2367 1510 2422 et
1523 2361 1609 2423 mul-

375 2477 453 2530 tum
468 2465 722 2530 aedificationis
737 2467 826 2529 haec
841 2483 928 2530 cura
943 2464 1149 2529 instituendi
1159 2463 1382 2545 juventutem
1405 2467 1608 2547 praebebat,

376 2575 467 2638 adeo
481 2584 531 2654 ut,
548 2573 592 2636 ab
606 2574 675 2636 illis
689 2574 808 2652 etiam,
825 2575 886 2654 qui
901 2573 981 2636 aliis
995 2573 1128 2636 nostris
1146 2571 1389 2636 functionibus
1409 2575 1610 2638 obmurmu-

380 2683 520 2762 rabant,
536 2682 627 2745 haec
641 2680 857 2745 laudaretur.

439 2788 531 2853 2279.
574 2787 679 2854 Initio
707 2787 792 2869 Maji
820 2806 900 2852 cum
926 2786 1073 2868 jubilaei
1101 2788 1236 2868 gratia,
1262 2789 1344 2852 licet
1370 2790 1458 2852 satis
1481 2788 1609 2869 tepide,

292 2900 301 2923 ⁸
380 2898 628 2962 Barchinonae
647 2898 873 2978 promulgata
898 2905 1003 2975 esset,
1030 2905 1131 2960 tanta
1155 2896 1338 2959 hominurn
1358 2895 1545 2959 multitudo
1565 2896 1611 2959 ad

380 3016 523 3069 nostros
542 3004 752 3083 confluebat,
772 3013 811 3066 ut
832 3004 915 3067 licet
939 3013 1091 3083 quatuor
1117 3003 1327 3067 confessarii
1347 3003 1408 3067 diu
1433 3012 1612 3084 noctuque
1666 3019 1672 3027 ·

380 3111 568 3176 audiendis
583 3111 864 3176 confessionibus
879 3120 1063 3188 vacarent,
1081 3112 1182 3174 multi
1197 3119 1317 3173 tamen
1332 3111 1447 3174 audiri
1461 3128 1533 3174 non
1552 3128 1611 3191 po·

382 3218 525 3281 tuerint.
542 3200 784 3297 Aegrotantes
800 3227 931 3296 autem,
948 3218 1008 3297 qui
1024 3217 1165 3297 plurimi
1180 3227 1281 3280 erant
1296 3218 1332 3281 id
1345 3218 1515 3297 temporis
1529 3217 1612 3282 Bar·

381 3318 576 3403 chinonae,
603 3324 695 3387 hanc
722 3323 984 3387 confessionum
1009 3340 1159 3387 messem
1186 3325 1379 3404 augebant3
1405 3325 1615 3405 quibusdam

382 3432 491 3496 etiam
505 3431 704 3513 spiritualia
719 3432 889 3495 exercitia
905 3446 987 3494 cum
1001 3430 1118 3494 fructu
1131 3432 1372 3497 tradebantur.

443 3537 534 3603 2280.
577 3538 758 3602 Evocatus
782 3538 898 3601 iuerat
924 3536 1091 3601 Valentia
1123 3537 1160 3602 P.
1190 3537 1319 3602 Strada
1348 3539 1474 3603 litteris
1504 3536 1618 3621 Ducis,

383 3646 593 3727 Maquedae,
610 3644 790 3725 Pro-regis
805 3644 827 3723 ¹,
845 3654 884 3708 ut
897 3644 948 3708 ibi
962 3646 1250 3724 concionaretur;
1267 3645 1331 3709 sed
1345 3647 1429 3726 quia
1443 3662 1555 3727 usque
1571 3644 1615 3709 ad

384 3752 523 3818 Pascha
537 3752 648 3833 ipsius
663 3770 771 3833 opera
786 3750 1034 3815 Barchinonae
1049 3754 1253 3816 necessaria
1264 3752 1340 3831 luit,
1354 3763 1389 3816 et
1401 3751 1438 3816 P.
1452 3752 1616 3817 Ramirez

385 3860 573 3925 Valentiae
592 3860 627 3924 id
648 3860 819 3941 temporis
842 3860 993 3922 verbum
1013 3859 1081 3924 Dei
1100 3860 1347 3940 praedicabat,
1371 3878 1443 3923 non
1468 3859 1617 3923 recessit

385 3968 611 4031 Barchinona
626 3984 735 4048 usque
751 3965 796 4029 ad
811 3966 1070 4030 Ascensionem
1084 3965 1240 4045 Domini,
1254 3984 1324 4047 quo
1341 3967 1397 4031 die
1412 3964 1450 4031 P.
1465 3966 1616 4030 Michael

385 4074 568 4137 Govierno
583 4071 845 4137 Barchinonam
860 4073 906 4137 ad
921 4073 1205 4137 concionandum
1220 4074 1366 4153 missuS,
1388 4075 1464 4137 suis
1479 4073 1619 4136 concio·

385 4182 490 4245 nibus
515 4197 724 4261 prosperum
742 4180 837 4244 dedit
856 4180 1007 4243 initium.
1029 4179 1185 4261 Reliquit
1205 4189 1324 4244 autem
1345 4180 1383 4243 P.
1404 4178 1532 4245 Strada
1553 4178 1620 4242 Re·

384 4297 522 4352 ctorem
537 4286 686 4368 Collegii
700 4287 738 4351 P.
754 4285 929 4369 Joannem
940 4285 1065 4366 Giesti,
1079 4303 1121 4350 ac
1135 4287 1174 4351 P.
1187 4286 1387 4368 Baptistam
1399 4287 1442 4350 de
1453 4286 1622 4367 Sepulve·

430 4492 438 4523 ¹
468 4491 514 4537 Mn.
531 4496 670 4539 roclenus.

429 4564 439 4596 ¹
466 4563 641 4609 Bernardlnns
651 4564 784 4611 Cardena·
793 4568 820 4610 et
831 4562 958 4616 Pacheco,
966 4563 998 4608 tle
1012 4576 1063 4619 quo
1078 4576 1167 4619 supra,
1185 4575 1244 4609 cum
1259 4570 1385 4619 ageretur
1395 4564 1427 4609 de
1438 4564 1554 4619 collegio
1566 4565 1623 4610 Va·

390 4635 496 4679 ltntloo.
