3642 5350
767 431 831 490 Arv.
854 430 924 489 1556
1403 429 1458 490 523
1535 380 1538 384 ‡

226 574 330 638 cibus
351 592 432 639 eum
458 576 649 660 urgebant,
676 585 714 640 ut
738 578 774 640 in
793 577 924 657 templo
944 577 1056 640 multo
1075 574 1219 656 majori,
1243 577 1456 656 cognomine

226 679 316 761 Fini,
333 699 375 746 eo
390 682 446 746 die
462 683 752 764 concionaretur;
773 693 808 747 et
827 685 912 764 quia
933 701 976 746 ea
995 683 1146 746 ecclesia
1160 692 1283 747 nostro
1298 682 1459 763 Collegio

225 786 498 869 adversabatur,
519 800 554 882 et
576 789 775 854 aedificium
801 789 974 854 ecclesiae
998 788 1169 870 impedire
1193 807 1256 871 per
1279 790 1376 854 litem
1401 808 1457 853 co·

228 905 313 959 nata
327 906 405 960 erat
419 902 440 974 l,
461 915 506 960 ne
520 898 703 962 videretur
718 897 858 962 animus
872 905 1077 962 nostrorum
1092 905 1217 961 contra
1236 915 1297 960 eos
1313 913 1458 976 exaspe-

228 1010 338 1083 ratus,
356 1002 407 1066 eis
423 1003 460 1066 Ρ.
477 1003 607 1068 Strada
622 1004 812 1085 acquievit.

288 1109 379 1173 2266.
422 1110 499 1174 Hoc
522 1099 640 1176 aut'em
665 1111 731 1177 fuit
758 1113 1006 1189 observatum,
1032 1112 1127 1192 quod
1148 1110 1363 1189 adversarii,
1385 1128 1459 1174 non

228 1217 342 1279 solum
370 1217 430 1298 qui
450 1217 586 1297 litibus,
607 1218 670 1282 sed
690 1219 750 1299 qui
775 1219 1058 1282 oblocutionibus
1087 1217 1206 1283 multis
1230 1215 1400 1282 Societati
1419 1234 1462 1280 se

228 1323 470 1404 opponebant,
491 1334 526 1388 et
546 1325 708 1389 demoliri
728 1324 927 1405 aedilicium
946 1325 1168 1404 nitebantur3
1193 1324 1243 1389 illi
1257 1323 1325 1404 ipsi
1340 1323 1385 1386 ad
1399 1340 1460 1386 no·

231 1446 315 1492 vum
330 1441 487 1495 nostrum
503 1433 691 1512 templum,
713 1443 751 1496 ut
766 1433 983 1496 christianae
998 1432 1182 1495 doctrinae
1201 1430 1397 1494 audiendae
1410 1431 1461 1493 in·

228 1546 417 1618 teressent,
445 1538 573 1602 devote
595 1539 865 1603 conveniebant.
893 1538 974 1604 Non
999 1550 1118 1603 tamen
1142 1537 1329 1601 defuerunt
1353 1538 1463 1601 etiam

230 1652 354 1722 postea
376 1645 436 1726 qui
455 1655 655 1710 nostrorum
670 1646 879 1727 patientiam
901 1645 1197 1723 detractionibus,
1223 1645 1332 1707 immo
1347 1654 1381 1708 et
1395 1645 1462 1709 liti-

230 1751 297 1814 bus
311 1751 430 1833 etiam,
446 1762 666 1816 exercerent.

291 1855 381 1920 2267.
424 1856 505 1922 Duo
527 1859 747 1939 scholastici,
771 1879 791 1924 a
814 1859 852 1924 P.
881 1858 1011 1923 Strada
1034 1859 1196 1937 admissi,
1212 1857 1363 1921 Romam
1385 1858 1460 1921 mit·

231 1963 328 2027 tendi
342 1975 445 2028 erant
459 1983 540 2029 cum
554 1965 681 2030 Fratre
695 1977 818 2030 nostro
835 1965 993 2030 Antonio
1008 1965 1088 2029 Gou
1102 1965 1126 2044 ⁸,
1147 1964 1209 2028 sed
1223 1965 1385 2028 triremes
1400 1982 1465 2028 eos

229 2070 416 2134 admittere
430 2074 634 2152 noluerunt,
652 2073 747 2154 quod
762 2073 967 2136 vectoribus
985 2072 1091 2136 nimis
1107 2073 1231 2153 plenae
1250 2060 1385 2150 essent;
1411 2070 1463 2133 illi

230 2187 361 2254 tamen,
378 2179 412 2241 in
428 2179 567 2243 ltaliam
578 2180 806 2260 navigaturo,
822 2182 914 2244 alter
926 2196 1049 2242 eorum
1061 2194 1184 2243 comes
1194 2176 1381 2258 adjunctus
1394 2186 1464 2255 est,

231 2285 320 2348 alter
338 2285 373 2348 P.
388 2285 517 2368 Joanni
532 2287 677 2352 Cheralt
690 2285 714 2365 ⁶,
741 2305 845 2368 quem
861 2285 1186 2366 Caesaraugustam
1200 2284 1239 2348 Ρ.
1257 2282 1387 2347 Strada
1401 2285 1464 2348 mi-

230 2391 287 2470 sit,
304 2402 341 2455 ut
357 2391 455 2456 Patri
470 2391 608 2457 Roman
623 2392 636 2425 ⁸
651 2394 785 2458 auxilio
801 2402 908 2457 esset.

289 2497 380 2563 2268.
423 2499 583 2564 Venerat
602 2500 806 2582 praedictus
824 2499 951 2564 Frater
970 2509 1091 2563 noster
1109 2498 1288 2562 Antonius
1307 2515 1388 2561 curn
1403 2499 1465 2560 tri·

230 2606 385 2671 remibus
400 2607 674 2689 Barchinonam,
691 2617 726 2671 et
740 2624 953 2689 progressus
966 2607 1084 2670 luerat
1098 2622 1178 2670 cum
1193 2607 1309 2668 classe
1323 2604 1370 2668 ad
1384 2621 1464 2687 por·

232 2724 307 2778 tum
321 2714 478 2795 ejusdem
492 2717 661 2795 regionis,
677 2716 819 2779 nomine
841 2714 1026 2794 Palamos,
1054 2715 1113 2777 ubi
1128 2731 1208 2777 curn
1227 2714 1327 2777 socio
1343 2711 1462 2792 adjun-

231 2820 299 2892 ct0,
317 2814 526 2893 cognomine
537 2814 736 2878 Monserrat
750 2811 773 2893 ⁸,
789 2814 827 2876 in
840 2830 990 2893 gravem
1005 2814 1166 2877 morbum
1181 2812 1314 2890 incidit,
1331 2821 1366 2874 et
1380 2809 1466 2873 inde

233 2918 280 2982 ad
294 2920 452 2983 vicinum
466 2920 655 3002 quemdam
677 2922 806 3001 locum,
830 2922 972 2985 nomine
988 2918 1060 2985 San
1075 2918 1192 2999 Feliu,
1211 2930 1250 2983 ut
1266 2926 1465 2996 curaretur,

233 3026 372 3090 delatus
390 3027 603 3108 (complures
628 3028 722 3091 enim
747 3027 794 3090 ibi
819 3028 1104 3107 consanguineos
1129 3026 1312 3105 habebat),
1341 3025 1468 3105 paucis

231 3132 355 3197 diebus
371 3135 463 3198 diem
480 3135 567 3198 obiit
582 3144 779 3199 extremum
794 3132 818 3195 ⁶.
834 3133 920 3214 EJus
935 3143 1054 3198 autem
1069 3134 1198 3209 sociuS,
1220 3133 1392 3197 Gironam
1406 3132 1463 3195 dc·

231 3240 375 3320 ductus,
398 3242 590 3305 convaluit.

234 3587 332 3644 sicilia
343 3601 424 3645 cnyos
438 3590 507 3635 altos
521 3590 729 3635 merectmlentos
740 3591 764 3633 le
781 3590 901 3633 valleron
917 3589 948 3632 de
963 3595 1039 3643 parte
1054 3589 1085 3633 de
1097 3590 1125 3633 la
1142 3587 1271 3644 Maleatad
1288 3588 1409 3643 imperial
1423 3588 1467 3631 dei

234 3660 276 3703 Sr.
286 3660 318 3706 D.
330 3660 421 3706 Carlos
431 3661 456 3705 V
467 3662 490 3707 el
502 3663 577 3707 titulo
588 3662 619 3705 de
630 3661 717 3706 Conde
728 3662 759 3705 de
769 3661 876 3705 Altona.
887 3660 981 3705 Caso...
995 3671 1043 3704 con
1054 3660 1101 3705 D!
1114 3661 1175 3705 Ana
1185 3662 1216 3703 de
1232 3659 1359 3713 Cardono,
1368 3658 1424 3713 biju
1434 3658 1466 3701 de

236 3732 270 3775 D.
282 3730 419 3777 Feruando
429 3733 544 3787 serundo
556 3733 646 3787 anna
656 3733 687 3775 de
698 3739 754 3775 este
764 3733 878 3785 titulo...‚
895 3730 1069 3776 Condestable
1083 3731 1115 3775 de
1132 3732 1263 3785 aragon„
1275 3729 1388 3782 Bornos,
1402 3726 1468 3771 Bla-

234 3814 282 3846 son
293 3804 326 3847 de
336 3802 458 3858 Espaaa.
468 3810 485 3849 t.
494 3815 512 3860 r,
522 3815 583 3859 pag.
594 3805 642 3855 lli.
653 3804 703 3848 115.

276 3874 284 3908 ¹
313 3874 379 3919 Vlde
389 3887 476 3931 snpra,
487 3886 505 3920 t.
516 3888 540 3927 v,
549 3886 609 3930 pag.
619 3875 669 3929 381,
679 3888 704 3919 n.
715 3876 776 3929 1031,
788 3887 845 3931 pag.
858 3875 907 3929 885,
918 3888 942 3922 n.
952 3875 1006 3921 1012
1014 3882 1040 3920 et
1051 3887 1111 3930 pag.
1121 3874 1171 3929 ³86,
1181 3886 1206 3919 n.
1217 3874 1278 3919 illu.

273 3948 285 3981 ¹
313 3948 380 3993 Vlde
391 3958 477 4002 supra,
488 3954 508 3993 t.
519 3960 555 4002 iv,
565 3960 627 4004 pag.
636 3948 684 4003 855,
695 3960 719 3993 n.
733 3947 783 4003 760,
792 3954 879 3993 annot.
890 3948 910 4003 2,
922 3959 947 3991 n.
958 3948 979 3998 1.·
990 3956 1016 3992 et
1025 3949 1094 3992 infru
1108 3947 1208 4001 statim,
1223 3959 1248 3991 ιι.
1257 3945 1319 4000 2268,
1331 3950 1357 3988 et
1367 3956 1467 3999 seqq.-

233 4020 283 4065 Hic
293 4030 356 4065 vero
366 4030 413 4063 me.
424 4019 504 4063 habet
515 4018 574 4064 Θου.
1323 4050 1327 4058 .

272 4092 284 4125 ⁸
312 4090 378 4136 Vide
388 4102 476 4147 supra,
487 4098 505 4135 t.
516 4104 541 4145 v,
553 4102 612 4147 pag.
622 4091 671 4143 3115,
682 4102 708 4135 ιι.
720 4090 857 4135 lilla-Hic
866 4091 894 4135 ln
903 4102 951 4135 ms.
961 4091 1059 4143 legitur
1075 4090 1305 4143 Caesaraugusta:
1317 4088 1364 4133 sad
1376 4098 1468 4143 perpe-

231 4174 298 4207 ram.

273 4236 285 4268 ⁴
313 4234 340 4277 P.
349 4233 500 4288 Alphonsus
509 4232 619 4279 Roman.

272 4307 284 4341 ὅ
312 4306 406 4351 Confer
418 4318 483 4362 qnae
494 4308 563 4351 dictu
574 4314 633 4351 sunt
643 4318 730 4363 snpra,
743 4313 761 4351 t.
772 4320 806 4362 iv,
817 4320 877 4363 pag.
888 4308 936 4360 355,
947 4319 972 4351 ιι.
982 4308 1031 4361 760,
1041 4315 1130 4353 annot.
1139 4292 1182 4352 2.'

273 4376 286 4409 ⁶
313 4376 444 4423 '‘Y’endoa
460 4378 542 4423 Roma
558 4380 695 4433 [Antonius
711 4380 777 4433 Gou]
793 4390 859 4435 para
874 4392 918 4423 ser
933 4380 1106 4433 Procurador,
1120 4380 1203 4425 murlo
1219 4390 1251 4422 en
1266 4377 1303 4421 Sa
1319 4377 1468 4421 Phelicede

235 4450 354 4506 GniJolas
364 4448 428 4505 [San
437 4449 512 4495 Fellu
522 4452 554 4495 de
565 4450 692 4505 Guixols1,
703 4458 795 4505 pnerto
806 4452 837 4495 de
848 4450 987 4502 Catulum,
997 4453 1106 4495 astando
1120 4463 1186 4506 para
1200 4452 1367 4495 embarcarse
1381 4449 1407 4491 el
1416 4451 1469 4492 ado

236 4523 267 4565 de
279 4522 352 4575 lbbl.„
362 4521 555 4571 Rivaonvnrna.
567 4522 639 4566 Hr'sl.
649 4534 696 4566 ms.
707 4524 741 4566 de
751 4523 794 4566 las
804 4523 966 4567 Provincias
976 4525 1010 4568 de
1020 4523 1142 4578 Espaaa,
1156 4530 1176 4567 t.
1191 4533 1209 4572 ι.
1226 4522 1270 4565 iol.
1285 4520 1319 4573 16,
1334 4519 1466 4564 v.·Patet

237 4599 325 4637 autem
345 4604 377 4637 ex
398 4592 524 4637 caronrco
543 4592 717 4639 Rlvndenelra
737 4602 782 4639 aut
802 4594 858 4649 ejus
877 4596 1015 4640 librarium
1030 4606 1134 4649 errare,
1155 4595 1198 4650 qni
1217 4593 1354 4646 scripserit
1372 4591 1469 4637 obiisse

237 4663 282 4709 Fr.
293 4662 357 4720 Gon,
368 4675 435 4709 auno
446 4665 505 4709 1551.
