3642 5350
323 334 379 401 328
598 327 599 330 '
669 287 673 295 ·
780 330 907 397 Canon.
928 329 1005 395 Soc.
1025 329 1095 409 Jns.

326 492 444 549 mento
456 500 527 548 non
537 501 643 565 posse
654 484 844 549 videretur.
857 482 984 548 Patres
995 491 1113 547 tamen
1124 480 1302 562 Elpidium
1313 488 1348 544 et
1358 478 1553 544 Antonium

326 591 520 657 Vinchium
538 592 665 657 minori
684 610 764 657 cum
783 591 1008 657 incommodo
1028 589 1153 653 abesse
1172 605 1278 669 posse
1298 588 1553 669 aliquantisper

328 700 372 763 ab
387 717 430 764 eo
444 717 557 781 regno
576 700 777 780 videbatur,
799 711 835 765 et
854 700 983 764 minori
1003 699 1120 762 adhuc
1139 696 1177 762 P.
1198 696 1366 771 Mionam‚
1388 696 1434 761 ad
1452 694 1553 776 cujus

328 808 617 889 consolationem,
638 818 677 872 ut
694 806 846 873 Romam
866 808 981 888 ipsum
1004 813 1194 871 revocaret
1215 803 1253 869 Ρ.
1274 803 1453 884 vicarius
1474 820 1539 886 sup

327 915 466 996 pliciter
480 913 519 978 P.
535 914 775 997 Hieronymus
790 916 997 997 postulavit.

392 1021 479 1086 1340.
522 1022 602 1087 Non
620 1040 746 1104 parum
760 1023 951 1088 sollicitum
969 1022 1123 1088 reddidit
1142 1020 1304 1086 eumdem
1323 1021 1361 1085 P.
1384 1020 1555 1102 Hierony·

330 1147 427 1195 mum
442 1132 595 1211 quinque
608 1130 760 1208 illorum,
778 1132 838 1213 qui
852 1132 1008 1197 Bibonae
1020 1130 1192 1210 obierant,
1209 1147 1305 1194 mors
1316 1137 1339 1210 ¹,
1355 1146 1427 1193 non
1441 1130 1556 1193 solum

331 1237 425 1317 quod
438 1238 521 1301 boni
536 1238 690 1319 operarii
705 1248 740 1303 et
755 1256 908 1319 magnae
919 1238 1178 1320 expectationis
1193 1238 1243 1301 illi
1257 1246 1386 1317 essent,
1401 1237 1463 1301 sed
1474 1238 1557 1316 quia

331 1344 470 1409 difficile
492 1346 580 1410 alios
602 1346 759 1427 ipsorum
782 1349 859 1412 loco
880 1346 1027 1410 idoneos
1048 1343 1213 1427 [mittere]
1235 1354 1367 1425 posset.
1393 1343 1559 1425 Augebat

332 1453 602 1518 sollicitudinem
616 1454 709 1534 quod
725 1453 763 1518 P.
779 1454 1003 1519 Eleutherius
1023 1470 1177 1535 expuere
1196 1452 1408 1533 sangninem
1422 1452 1559 1532 coepis-

332 1572 386 1625 set
400 1558 423 1641 ',
440 1558 541 1641 quus
556 1562 634 1626 loco
650 1561 688 1625 Ρ.
704 1560 848 1627 Petrum
868 1562 1069 1627 Venustum
1083 1561 1256 1625 Bibonam
1271 1561 1378 1641 misit,
1395 1569 1434 1624 nt
1449 1558 1560 1623 Colle·

332 1670 394 1749 gio
419 1680 611 1750 praeesset,
633 1670 664 1733 si
684 1670 832 1750 ipsemet
853 1670 890 1734 P.
913 1669 1137 1735 Eleutherius
1151 1668 1378 1748 Panormum,
1394 1684 1480 1731 suae
1500 1684 1559 1729 va·

333 1776 499 1841 letudlnis
513 1776 642 1856 gratia,
663 1778 781 1841 venire
795 1780 913 1841 vellet.

396 1884 483 1947 1341.
528 1882 598 1948 Sed
613 1902 694 1949 cum
708 1884 802 1949 bono
818 1886 937 1950 animo
952 1894 1046 1950 esset
1060 1885 1265 1967 praedictus
1278 1883 1503 1949 Eleutherius
1517 1901 1560 1948 ac

334 1992 459 2055 melius
480 1992 638 2071 haberet,
658 2009 725 2056 nec
744 1991 961 2057 Panormum
982 1996 1046 2073 ire,
1070 2002 1108 2058 ut
1132 1993 1419 2074 permittebatur,
1442 1993 1560 2071 vellen

334 2099 438 2165 rediit
449 2099 597 2181 ipsemet
609 2098 647 2162 P.
657 2096 852 2180 Venustus
863 2118 906 2163 ac
918 2101 1038 2165 retulit
1049 2100 1224 2182 quaedam
1239 2100 1315 2163 visa
1329 2108 1364 2165 et
1375 2100 1507 2179 audita,
1517 2116 1563 2163 ex
1627 2158 1632 2166 .

334 2207 462 2289 quibus
479 2206 599 2287 colligi
616 2216 767 2288 poterat,
787 2208 951 2289 quamvis
966 2209 1138 2290 optimum
1153 2208 1251 2272 illum
1266 2209 1384 2273 virum
1396 2206 1420 2285 ³,
1438 2208 1485 2272 ad
1500 2224 1563 2288 gu-

334 2316 577 2381 bernationem
593 2324 712 2379 tamen
726 2316 831 2380 valde
846 2314 1014 2380 idoneum
1028 2333 1099 2380 non
1114 2316 1264 2395 censeri,
1279 2325 1314 2379 et
1334 2326 1563 2380 externorum

335 2424 442 2488 etiam
461 2423 551 2487 haec
571 2423 787 2487 existimatio
803 2432 890 2505 erat;
908 2424 1134 2503 cogitaverat
1149 2423 1291 2487 autem*
1305 2424 1351 2487 ad
1366 2423 1564 2503 Collegium
1619 2452 1623 2459 ·

335 2531 465 2595 Montis
483 2529 629 2610 Regalis
651 2530 689 2594 P.
712 2531 956 2596 Eleutherium
977 2530 1182 2610 transferre,
1205 2530 1300 2612 quod
1314 2538 1376 2595 aer
1390 2530 1439 2595 ibi
1460 2529 1564 2594 valde

335 2638 487 2704 salubris
502 2646 606 2717 esset,
624 2648 659 2702 et
675 2637 755 2702 inde
770 2637 808 2702 P.
825 2638 1003 2718 Elpidium
1018 2656 1214 2719 removere,
1231 2638 1396 2720 quemad
1416 2638 1487 2702 alia
1505 2654 1564 2719 po·

335 2748 405 2812 tius
430 2765 537 2830 quam
565 2745 610 2810 ad
642 2747 938 2826 gubernationem
971 2740 1137 2812 idoneum
1170 2747 1390 2829 experientia
1423 2747 1565 2812 demon·

335 2856 482 2920 strabat.

400 2962 488 3026 1342.
532 2961 832 3027 concionatorum
844 2964 952 3026 etiam
967 2964 1114 3043 penuria
1130 2964 1360 3043 sentiebatur;
1373 2973 1408 3026 et
1423 2962 1461 3026 Ρ.
1475 2962 1567 3026 Otel·

336 3075 409 3136 lum
429 3088 648 3153 magnopere
670 3071 817 3151 optabat
832 3071 986 3136 Ducissa
1003 3069 1048 3136 ad
1069 3090 1176 3136 unam
1191 3073 1317 3136 saltem
1331 3070 1567 3152 Quadragesi·

337 3196 432 3242 mam
451 3179 626 3242 Bibonam
640 3178 745 3258 mitti;
768 3189 803 3242 et
824 3179 918 3242 hanc
938 3179 1137 3260 penuriam,
1158 3189 1300 3261 praeter
1319 3179 1408 3243 alias
1427 3195 1567 3257 causaS,

337 3287 462 3350 merito
478 3286 611 3350 habere
632 3285 747 3367 potuit
768 3285 1016 3366 Prouincialis,
1035 3298 1072 3351 ut
1092 3286 1236 3351 omnino
1257 3286 1514 3368 profectionem
1532 3286 1567 3350 in

337 3392 546 3474 Hispaniam
561 3393 751 3474 omitteret,
767 3393 860 3457 unde
876 3393 984 3458 etiam
998 3395 1044 3458 ad
1060 3393 1257 3475 praefixum
1269 3395 1569 3475 Congrcgationis

338 3512 476 3581 tempus
487 3499 562 3581 J'am
577 3501 694 3565 redire
709 3500 894 3565 commode
910 3519 983 3565 non
997 3511 1148 3582 poterat.

401 3607 488 3671 1343.
531 3609 576 3671 Et
590 3609 651 3688 ita,
669 3608 833 3689 quamvis
854 3608 1009 3673 Ducissa
1030 3627 1151 3673 mense
1169 3607 1364 3673 Novembri
1384 3608 1496 3673 filium
1509 3627 1569 3690 pe·

336 3715 487 3797 perisset
501 3715 606 3797 (quod
627 3733 760 3796 magna
782 3717 916 3780 laetitia
936 3726 1049 3780 totam
1069 3717 1166 3780 illam
1181 3717 1324 3780 domum
1338 3717 1521 3798 Pro-regis
1536 3728 1570 3782 et

338 3822 512 3888 Ducissae
537 3823 730 3904 affecerat),
761 3825 797 3888 in
826 3821 948 3888 Sicilia
976 3842 1120 3889 manere
1150 3824 1320 3889 decrevit.
1350 3825 1434 3890 Ideo
1463 3827 1570 3890 etiarn

340 3930 378 3995 P.
395 3929 607 3995 Annibalem
619 3932 662 3995 de
675 3931 868 3996 Condretto
880 3931 1046 4012 cupiebat
1060 3932 1226 4012 retinere,
1240 3932 1353 3997 donec
1363 3933 1439 4014 ipse
1450 3951 1471 3996 a
1483 3933 1571 3998 Con·
1680 4009 1683 4013 ¹

341 4038 549 4119 gregatione
564 4040 725 4120 generali
745 4038 780 4104 in
802 4038 960 4104 Siciliam
979 4039 1160 4119 rediisset,
1181 4041 1275 4122 quod
1295 4042 1391 4106 velut
1411 4043 1573 4106 columna

344 4255 555 4266 ———-

383 4389 393 4424 ¹
421 4388 488 4434 Vide
499 4401 587 4446 supra,
597 4403 657 4446 pag.
667 4391 715 4446 315,
727 4404 751 4437 n.
762 4391 822 4437 1283.

384 4461 396 4493 ¹
423 4462 489 4506 Vide
500 4473 587 4518 snpra,
598 4475 658 4518 pag.
668 4463 717 4516 ³15.
727 4475 752 4507 n.
764 4463 825 4508 raet.

383 4533 396 4566 ³
422 4533 535 4590 Patrem,
546 4535 611 4589 nell..
621 4534 800 4581 Eleutherium
811 4535 971 4582 Pontanum.

385 4605 396 4638 ⁸
424 4605 604 4652 Provinctalls.
