3642 5350
288 400 290 404 ’
359 392 416 463 398
819 396 946 460 Canon.
967 394 1044 460 Soc.
1063 393 1135 474 Jns.

361 562 519 615 terarum
546 547 798 614 humaniorum
823 547 963 628 aperire
987 546 1112 627 primis
1136 544 1317 610 mensibus
1342 561 1414 609 non
1438 542 1593 609 sineren-

361 660 453 724 tur¹.
642 658 646 667 ⁴

423 764 511 829 1699.
554 763 705 830 Parochi
720 764 827 828 etiam
838 760 1060 842 juventutem
1075 760 1121 826 ad
1132 770 1275 826 nostros
1290 760 1462 825 accedere
1476 759 1592 841 prohi-

359 875 500 952 bebant,
517 881 664 953 propter
679 871 838 936 divinum
861 870 1026 949 officium,
1047 868 1143 952 quod
1162 870 1198 933 in
1218 868 1379 933 ecclesiis
1399 868 1592 933 decantare

360 983 410 1048 illi
423 980 517 1047 soliti
532 988 644 1045 erant.
662 978 863 1061 Optabatur
882 987 1001 1042 autern
1022 977 1198 1042 adventus
1212 976 1251 1041 P.
1267 977 1381 1060 Jonae
1397 974 1533 1051 Adleri,
1552 987 1591 1039 ut

359 1091 433 1155 suis
446 1088 676 1154 concionibus
689 1087 857 1168 populum
874 1102 1085 1167 germanum
1100 1084 1256 1165 juvaret,
1273 1094 1308 1148 et
1322 1083 1466 1148 Rectori
1480 1083 1591 1152 Vien·

359 1197 461 1263 nensi
474 1194 574 1274 duoS,
590 1194 667 1276 eJus
681 1194 771 1272 loco,
788 1194 826 1258 P.
844 1192 1010 1258 Canisius
1025 1192 1208 1257 offerebat.

422 1302 510 1368 1700.
553 1302 735 1367 Vivebant
752 1302 864 1366 nostri
879 1318 991 1383 usque
1012 1299 1058 1364 ad
1071 1300 1178 1364 finem
1191 1297 1409 1381 Septembris
1432 1320 1478 1365 ex
1498 1319 1592 1367 com·

360 1412 458 1478 muni
482 1410 656 1492 Principis
680 1410 833 1489 aerario,
859 1419 893 1474 et
920 1418 1057 1474 tantum
1082 1408 1254 1490 pecuniae
1280 1408 1331 1472 eis
1358 1409 1590 1488 tribuebatur,

360 1527 529 1601 quantum
544 1517 591 1582 ad
609 1517 744 1582 victum
762 1527 796 1581 et
818 1516 985 1581 vestitum
999 1514 1186 1593 sufficeret;
1203 1526 1237 1579 et
1252 1515 1288 1579 id
1309 1514 1451 1597 quidem
1466 1515 1591 1598 primis

358 1626 538 1693 mensibus
552 1624 598 1689 ad
612 1625 798 1689 utilitatem
812 1634 1016 1688 nostrorum
1028 1623 1146 1703 cessit,
1164 1623 1248 1703 quia
1262 1622 1393 1687 multae
1410 1640 1590 1704 expensae

360 1732 669 1800 extraordinariae
694 1732 770 1797 fieri
790 1731 1005 1795 debuerunt:
1026 1730 1090 1794 sed
1108 1749 1130 1794 a
1149 1728 1241 1795 sesto
1266 1728 1327 1794 Sil
1346 1730 1530 1796 Michaelis
1554 1733 1591 1797 in

360 1842 519 1922 singulos
532 1840 729 1905 trimestres
743 1838 886 1903 ducenti
900 1838 1026 1902 doreni
1039 1854 1243 1917 rennenses,
1259 1838 1306 1902 ad
1320 1856 1497 1920 expensas
1512 1839 1590 1904 Col·

359 1949 453 2030 legio
473 1947 684 2023 ordinarias,
708 1946 882 2027 assignati
901 1944 1054 2024 fuerunt,
1076 1946 1126 2009 ita
1144 1955 1183 2009 ut
1202 1946 1426 2026 octingentos
1439 1946 1590 2027 singulis

360 2055 463 2121 annis
483 2054 701 2135 acciperent;
722 2062 757 2117 et
776 2055 858 2133 quia
876 2069 1017 2117 annona
1039 2052 1226 2116 abundans
1244 2062 1279 2115 et
1303 2069 1376 2116 non
1402 2069 1487 2117 cara
1511 2063 1588 2117 erat

358 2162 585 2244 Ingolstadii,
612 2161 659 2225 ad
686 2160 812 2241 viginti
840 2159 1027 2225 commode
1052 2161 1303 2224 sustentandos
1331 2160 1420 2223 haec
1449 2176 1588 2225 summa

359 2270 447 2335 satis
466 2279 555 2333 erat.
571 2268 628 2333 Ab
647 2268 727 2331 aliis
741 2268 986 2348 eleemosynas
1006 2267 1180 2347 accipere,
1196 2266 1326 2331 nedum
1341 2276 1472 2349 petere,
1491 2264 1588 2349 [non]

360 2375 558 2458 oportebat,
575 2374 739 2457 quamvis
754 2392 775 2439 a
790 2374 959 2455 religiosa
979 2372 1133 2455 quadam
1151 2384 1326 2452 matrona,
1349 2383 1387 2438 ut
1402 2375 1589 2440 satisfieret

360 2484 472 2566 ipsius
494 2482 687 2562 devotioni,
702 2482 806 2563 panis
820 2492 855 2545 et
869 2482 992 2545 vinum
1012 2480 1059 2544 ad
1077 2480 1268 2545 Missarum
1287 2482 1463 2547 sacrificia
1478 2484 1589 2565 quoti-

359 2590 417 2655 die
436 2589 688 2671 accipiebatur.
712 2587 803 2668 Quia
824 2606 911 2652 vero
932 2606 953 2651 a
973 2588 1098 2652 ritibus
1121 2589 1279 2653 romanis
1300 2600 1335 2653 et
1354 2591 1589 2655 caeremoniis

359 2698 614 2780 aliquantulum
628 2696 867 2761 discesserant
882 2697 919 2760 in
933 2695 1043 2760 Missa
1058 2695 1221 2777 dicenda,
1238 2697 1380 2762 missale
1401 2715 1588 2763 romanum

357 2823 421 2888 per
432 2806 586 2870 amicum
597 2803 784 2886 quemdam
795 2803 926 2868 Rector
938 2803 1147 2884 obtinuit3et
1158 2805 1208 2868 ita
1221 2804 1378 2869 adhibita
1390 2807 1584 2887 diligentia,

358 2930 436 2979 sese
451 2929 599 2977 romano
614 2911 696 2976 ritui
713 2911 938 2976 conformare
952 2911 1165 2976 nitebantur.

420 3019 507 3084 1701.
550 3018 735 3083 Postulata
754 3028 808 3082 est
830 3027 949 3082 autem
970 3017 1122 3084 facultas
1137 3021 1182 3084 ab
1197 3021 1373 3103 Episcopo
1395 3022 1586 3089 Eistetensi

357 3126 593 3194 concionandi
606 3127 643 3190 in
657 3126 761 3207 pagis
778 3124 996 3206 Ingolstadio
1017 3127 1158 3203 vicinis,
1180 3138 1217 3191 ut
1232 3128 1325 3192 bona
1348 3146 1428 3193 cum
1446 3147 1535 3211 pace
1550 3140 1585 3195 et

356 3234 603 3300 benevolentia
628 3234 739 3315 ipsius
763 3243 797 3297 et
823 3234 973 3297 aliorum
998 3233 1033 3296 id
1061 3233 1137 3297 fieri
1160 3246 1296 3315 posset,
1325 3237 1489 3317 quamvis
1513 3255 1586 3302 non

356 3343 570 3425 ignorabant
584 3358 623 3406 se
638 3357 717 3405 eam
739 3342 988 3406 auctoritatem
1003 3360 1025 3406 a
1044 3339 1135 3406 Sede
1151 3342 1358 3422 Apostolica
1373 3361 1584 3410 concessam

359 3450 503 3515 habere.

419 3556 506 3622 1702.
551 3555 748 3639 Episcopus
763 3565 880 3622 autem
899 3575 980 3622 cum
994 3557 1068 3621 suis
1083 3557 1295 3624 consiliariis
1311 3576 1349 3622 se
1366 3561 1457 3624 velle
1476 3560 1585 3624 idne·

354 3665 675 3747 gotiumtractare,
690 3665 749 3728 vel
762 3666 878 3745 potins
889 3663 984 3729 Duci
998 3665 1176 3729 Bavariae
1187 3667 1408 3730 committere
1420 3667 1521 3731 dixit.
1538 3667 1583 3732 Et

354 3773 446 3838 lorte
460 3773 528 3850 vir,
545 3773 676 3852 alioqui
690 3772 888 3836 catholicus
903 3784 938 3836 et
952 3774 1100 3853 amicus,
1117 3791 1189 3837 non
1204 3774 1324 3854 libere,
1341 3784 1380 3839 ut
1395 3775 1581 3852 voluisset,

354 3881 559 3945 facultatem
579 3878 795 3944 concedebat
815 3879 891 3943 sine
905 3879 1079 3962 Principis
1099 3882 1367 3962 approbatione,
1384 3884 1479 3963 quod
1493 3881 1584 3946 sedi·

353 3989 487 4053 tionem
501 3987 656 4068 aliquam
671 4004 692 4050 a
706 3988 852 4068 populo,
868 3987 934 4051 sub
950 3996 1100 4068 utraque
1111 3987 1230 4069 specie
1241 3990 1506 4054 communicare
1521 4007 1583 4054 vo·

354 4097 459 4175 lente,
474 4095 511 4158 in
525 4095 703 4175 plerisque
718 4093 895 4158 Bavariae
909 4094 998 4158 locis
1011 4095 1170 4159 timebat.

417 4201 505 4266 1703.
547 4200 651 4266 Circa
667 4199 760 4265 idem
774 4211 913 4282 tempus
928 4201 1058 4280 singuli
1072 4200 1083 4233 ¹
1098 4211 1300 4267 nostrorum
1321 4203 1479 4268 membra
1500 4205 1583 4269 Uni·

394 4446 410 4512 ΙΙ
431 4445 523 4490 Tricas
533 4447 565 4490 ob
579 4445 683 4490 scholas
699 4443 878 4490 inferioresab
895 4445 959 4500 ipsis
974 4445 1134 4500 paedagogis
1149 4454 1242 4501 motas,
1259 4457 1400 4502 earumque
1416 4448 1515 4492 exltum
1529 4447 1584 4492 luae

354 4525 446 4563 namot
456 4519 600 4572 Aonrcout,
612 4517 681 4562 Hist.
694 4517 771 4562 Pron.
785 4517 873 4561 Germ.
882 4517 957 4573 sup„
966 4517 1029 4561 Dec.
1039 4517 1060 4570 2,
1069 4529 1093 4560 n.
1101 4517 1129 4561 97
1136 4523 1162 4561 et
1170 4529 1231 4573 seq„
1241 4520 1284 4562 ubi
1295 4519 1344 4563 hac
1353 4520 1488 4565 occasione
1498 4520 1584 4576 ‹lispu-

354 4592 421 4638 tetlo
430 4590 461 4634 de
470 4590 566 4634 nostrl·
575 4589 718 4645 gymnasiis
729 4589 882 4635 instituitur.

395 4663 406 4700 ¹
432 4661 479 4709 lo.
490 4662 615 4716 singulti.
