3642 5350
807 386 871 453 Au.
894 388 964 454 1556
1446 384 1501 454 soi

268 533 318 604 ita
337 536 466 604 multas
488 538 729 603 consessiones
750 539 873 603 audire
892 539 1088 621 permissus
1107 556 1180 603 non
1199 548 1269 619 est,
1286 557 1368 604 cum
1389 540 1499 603 etiam

268 646 374 711 latine
389 646 468 729 ipso
484 646 540 709 die
555 644 617 709 §.2¹
637 646 818 710 Benedicti
833 646 1041 710 concionari
1055 645 1225 711 debuerit.

332 752 420 817 1539.
463 752 570 817 Dedit
589 761 708 817 autem
726 753 777 817 illi
791 751 966 817 Dominus
984 754 1152 835 gratiam,
1169 767 1206 817 ut
1222 754 1349 818 mirum
1370 752 1408 818 in
1427 768 1498 816 mo·

267 861 351 926 dum
365 869 400 926 et
414 860 610 925 Archiduci
626 871 660 924 et
675 860 796 924 curiae
811 870 845 923 et
859 861 938 924 aliis
952 861 1175 925 audientibus
1189 862 1424 925 satisfaceret.

329 968 417 1033 1540.
460 966 528 1048 Qui
543 977 662 1032 autem
676 985 847 1049 perverso
859 969 975 1048 magis
986 978 1088 1032 erant
1100 969 1230 1049 auimo,
1245 968 1409 1031 dicebant
1424 968 1498 1048 qui-

266 1076 347 1141 dem
360 1075 753 1140 Doctorem·Canisium
767 1076 956 1139 veritatem
971 1092 1202 1156 cognoscere,
1219 1076 1374 1140 sedeam
1388 1075 1497 1155 expli·

267 1200 350 1247 care
365 1183 476 1263 nolle;
502 1183 600 1247 etita
616 1182 659 1246 de
675 1183 753 1246 aliis
774 1184 921 1262 nostriS,
941 1200 1030 1263 quos
1046 1181 1194 1262 iesuitas
1215 1182 1275 1246 illa
1294 1182 1330 1245 in
1350 1182 1497 1262 regione

266 1291 454 1371 vocabant,
471 1291 603 1355 sentire
617 1291 712 1355 soliti
727 1300 848 1369 erant;
870 1288 964 1376 quod
984 1291 1131 1370 scilicet,
1153 1290 1248 1354 docti
1269 1300 1387 1354 essent
1407 1290 1498 1353 etin

267 1400 380 1463 sacris
393 1399 501 1463 rebus
515 1399 649 1463 versati
665 1416 708 1462 ac
722 1396 872 1463 solidam
888 1398 1086 1462 doctrinam
1106 1397 1295 1478 babentes;
1319 1397 1383 1461 sed
1403 1397 1497 1478 quod

265 1505 411 1570 nimium
426 1505 557 1570 addicti
571 1516 691 1569 essent
705 1504 866 1570 Romano
881 1504 1043 1569 Pontifici
1057 1515 1092 1569 et
1106 1506 1192 1569 novi
1210 1505 1370 1585 ipsorum
1390 1521 1496 1568 evan·

266 1612 351 1693 geiii
365 1613 509 1677 inimici.
615 1656 620 1665 ·

327 1719 413 1785 1541.
457 1720 526 1785 seu
550 1738 620 1802 quo
645 1720 760 1800 magis
784 1720 924 1786 insitae
948 1730 983 1785 et
1002 1721 1063 1785 alii
1080 1702 1252 1785 haeretici
1272 1720 1339 1783 sibi
1360 1718 1405 1782 ab
1426 1719 1494 1782 noc

263 1844 360 1891 novo
376 1827 536 1908 Collegio
556 1828 737 1907 timebant,
760 1845 803 1891 eo
827 1827 998 1909 majorem
1023 1827 1302 1892 consolationem
1328 1825 1495 1891 catholici

263 1952 386 1999 omnes
400 1934 599 1999 sentiebant
613 1934 632 1999 ¹.

323 2041 412 2105 1542.
455 2041 545 2106 Cum
560 2041 667 2122 Regis
682 2043 894 2106 auctoritate
908 2043 976 2107 sibi
990 2044 1193 2121 commissa,
1214 2043 1251 2105 in
1270 2039 1493 2123 praedictum

263 2150 516 2214 monasterium
538 2148 740 2231 Oybinense
762 2150 798 2213 in
822 2151 946 2214 eadem
969 2148 1252 2231 Quadragesima
1268 2167 1306 2213 se
1326 2148 1493 2213 contulis-

262 2265 316 2321 set
329 2255 352 2337 ¹,
368 2256 450 2321 inde
465 2274 523 2321 res
538 2259 667 2322 multas
681 2258 728 2322 ad
742 2275 845 2321 usum
860 2259 1033 2321 ecclesiae
1048 2269 1082 2321 et
1097 2257 1246 2337 Collegii
1262 2256 1376 2321 ‘nostri
1396 2256 1491 2320 detu-

261 2365 312 2444 iit;
329 2364 493 2445 quamvis
508 2362 621 2445 major
636 2382 721 2444 pars
736 2365 881 2459 maximi
893 2365 985 2428 illius
1000 2374 1035 2429 et
1047 2365 1131 2428 oiim
1142 2364 1305 2428 ditissimi
1316 2371 1492 2428 monaste·

231 2454 236 2463 ⁶
260 2472 305 2535 rii
323 2471 479 2553 expilata
499 2471 626 2551 suerat;
651 2482 684 2535 et
710 2472 873 2536 homines
892 2473 1107 2550 saeculares
1130 2473 1239 2535 immo
1260 2480 1295 2536 et
1316 2470 1491 2535 foeminas

261 2578 380 2657 etiam,
398 2579 653 2644 monasterium
668 2580 784 2660 ipsum
799 2579 1038 2643 inhabitantes
1053 2579 1200 2642 invenit.

322 2687 410 2772 1543.
452 2688 504 2752 Εο
519 2696 637 2752 autem
654 2688 757 2752 modo
769 2688 1002 2752 constituerat
1018 2687 1095 2751 Rex
1108 2698 1147 2751 ut
1160 2688 1273 2751 nostri
1287 2687 1491 2752 fruerentur

259 2795 361 2860 bonis
375 2792 451 2875 ejus
466 2795 682 2874 monasterii,
697 2805 817 2859 utnon
829 2795 1137 2859 administratores
1148 2803 1276 2874 essent,
1292 2794 1356 2858 sed
1371 2811 1491 2874 quam-

260 2902 342 2967 dam
356 2918 532 2966 summam
546 2902 777 2982 pecuniarum
793 2902 943 2981 singulis
958 2902 1076 2980 annis,
1093 2900 1128 2965 id
1148 2910 1212 2975 est,
1234 2902 1328 2965 mille
1348 2910 1383 2965 et
1406 2918 1489 2982 qua·

260 3008 467 3089 dringentos
482 3017 517 3071 et
534 3007 570 3070 15
586 3007 727 3072 daleros
741 3005 753 3038 ⁸
769 3027 790 3072 a
805 3009 950 3072 civitate
966 3010 1120 3090 quadam
1134 3009 1253 3073 vicina
1268 3007 1405 3072 Zitavia
1416 3006 1430 3038 ⁴
1441 3025 1493 3072 re·

259 3115 428 3198 ciperent,
445 3115 502 3179 cui
516 3115 655 3179 civitati
670 3115 1012 3179 administrationem
1022 3116 1287 3197 praedictorum
1298 3115 1345 3179 ad
1356 3115 1490 3196 aliquot

257 3239 371 3287 annos
386 3223 558 3287 committi
572 3223 724 3302 volebat,
741 3232 778 3285 ut
794 3224 871 3302 ipsa
887 3232 921 3285 et
936 3223 1095 3302 exigeret
1109 3222 1227 3286 debita
1249 3233 1284 3286 et
1302 3238 1412 3302 agros
1430 3238 1490 3286 co·

257 3331 346 3394 leret
360 3347 403 3422 ac
418 3330 542 3393 domos
557 3329 729 3408 reficeret,
747 3329 849 3410 (quae
865 3348 1011 3394 munera
1027 3331 1150 3408 nostri,
1168 3348 1210 3393 eo
1225 3328 1436 3410 praesertim
1452 3329 1488 3392 in

258 3439 349 3516 loco,
367 3437 465 3501 obire
484 3437 627 3501 minime
648 3437 834 3517 poterant),
856 3448 890 3500 et
912 3437 1132 3518 praedictam
1154 3454 1328 3500 summam
1355 3437 1489 3500 nostris

256 3546 513 3626 persolverent.
525 3543 625 3626 Quae
636 3546 841 3622 transactio,
857 3545 917 3608 ubi
929 3545 1141 3609 auctoritate
1152 3544 1261 3625 Regis
1271 3543 1367 3607 facta
1378 3554 1486 3620 esset,

256 3651 415 3732 Romam,
437 3663 475 3716 ut
495 3651 764 3716 confirmaretur
787 3669 808 3714 a
827 3651 971 3716 Summo
992 3651 1160 3716 Pontifice
1176 3662 1210 3714 et
1231 3650 1485 3715 monasterium

257 3759 415 3840 Collegio
430 3760 601 3840 uniretur,
618 3759 792 3823 mittenda
808 3768 896 3824 erat.

317 3867 405 3931 1544.
448 3867 528 3951 Jam
552 3876 670 3931 autem
690 3866 842 3930 redierat
864 3866 1031 3946 Pragam.
1054 3884 1135 3930 cum
1155 3866 1269 3930 nostri
1282 3865 1319 3929 21
1339 3865 1484 3947 ApriliS,

255 3985 293 4040 ut
307 3976 461 4040 diximus
475 3973 498 4056 ⁸,
515 3993 557 4038 eo
569 3985 808 4054 accesserunt,
825 3975 975 4038 sednon
990 3984 1092 4038 erant
1111 3975 1230 4038 omnia
1249 3983 1323 4038 tam
1341 3984 1483 4054 parata,

296 4145 305 4178 ¹
333 4144 400 4189 Vide
411 4157 500 4200 supra,
511 4153 533 4189 t.
543 4155 569 4198 v,
579 4157 640 4201 pag.
650 4145 698 4198 249,
710 4157 736 4190 n.
748 4145 796 4200 tut,
807 4157 868 4201 pag.
878 4146 927 4198 255,
938 4157 963 4191 u.
975 4145 1024 4200 718,
1037 4152 1064 4189 et
1072 4156 1134 4200 pag.
1143 4143 1193 4199 257,
1203 4157 1228 4188 u.
1238 4143 1290 4188 723.

295 4216 306 4249 ¹
332 4215 545 4272 liaconsersns.

294 4287 307 4321 ⁸
332 4287 389 4333 Non
398 4289 475 4344 piune
485 4289 642 4344 perspicitur
653 4290 712 4344 quid
722 4291 845 4335 librarius
855 4291 998 4346 scripserit.
1005 4290 1117 4336 Videtur
1127 4296 1215 4335 tamen
1223 4291 1276 4346 legi
1287 4301 1363 4346 posse
1372 4290 1414 4345 15,
1424 4292 1486 4337 licet

254 4360 361 4405 obscure
371 4360 516 4406 admodum.
527 4361 606 4412 Inirs.
617 4373 645 4405 u.
654 4362 715 4413 1551.
726 4363 768 4407 ubi
779 4362 810 4405 de
820 4363 913 4407 eadem
923 4374 951 4407 re
961 4369 1000 4407 est
1011 4373 1105 4418 sermo,
1116 4373 1238 4406 uumerus
1248 4361 1413 4418 rotundatur,
1424 4363 1486 4408 dici·

255 4440 346 4487 tuique
357 4432 432 4476 milis
442 4437 468 4476 et
478 4433 697 4487 quadringentos.

293 4505 306 4538 ⁸
333 4502 379 4548 tis.
389 4503 432 4548 hlc
448 4510 475 4548 et
489 4505 517 4549 iu
533 4505 699 4560 sequentibus
713 4506 786 4561 locis,
800 4505 839 4550 uti
854 4506 922 4550 idem
936 4517 1028 4551 nomeu
1043 4507 1120 4558 redit,
1136 4506 1216 4551 babet
1229 4505 1352 4552 Xitsvis:
1366 4514 1407 4552 est
1421 4519 1486 4553 vero

256 4577 318 4620 urbs
328 4575 546 4621 Zitavia-Vide
557 4576 771 4634 Busuususussu,
782 4579 799 4623 1.
810 4591 842 4632 c.,
852 4587 870 4622 t.
883 4591 899 4631 1,
909 4590 970 4634 pag.
980 4579 1021 4622 625
1030 4584 1056 4622 et
1066 4591 1123 4634 seq.

294 4646 306 4681 ⁸
335 4647 542 4704 Nuper,u.ib.⁰›8.
