3642 5350
783 432 847 491 Au.
873 432 940 490 1556
1426 424 1481 494 423

312 576 399 641 1818.
443 575 544 640 Alter
559 577 667 640 etiam
681 576 858 639 Henricus
873 574 1060 654 Somalius,
1076 577 1307 656 dionatensis,
1324 594 1405 656 cum
1420 595 1482 642 ca-

249 687 332 767 pitis
347 685 480 760 dolore,
496 683 589 746 sicut
604 683 640 746 in
655 684 768 761 Italia,
785 686 833 746 ita
849 683 957 745 etiam
968 682 1137 746 Coloniae
1153 683 1380 764 affligeretur,
1394 685 1479 750 Dio·

250 800 409 863 nantum,
423 807 514 869 quae
525 790 641 869 patria
655 788 729 871 ejus
745 798 832 867 erat,
850 790 980 852 missus
991 799 1055 867 est,
1068 791 1128 853 ubi
1142 800 1177 854 et
1192 791 1387 855 valetudini
1398 810 1478 856 con-

250 899 374 973 suluit;
396 898 521 960 melius
540 898 633 960 enim
655 896 786 959 habere
808 896 938 976 coepit;
960 908 996 960 et
1015 914 1085 960 non
1110 899 1186 961 sine
1211 898 1328 963 fructu
1347 900 1477 964 ibidem

249 1013 414 1069 versatus
433 1013 487 1067 est
504 1014 539 1066 et
559 1004 666 1066 etiam
688 1002 824 1067 Leodii.
846 1002 937 1066 Nam
956 1002 1126 1067 Dionanti
1141 1006 1305 1069 canonici
1324 1016 1359 1069 et
1374 1005 1477 1070 deca·

249 1130 316 1176 nus
329 1113 471 1192 plenam
485 1110 552 1190 ipsi
567 1110 803 1173 concionandi
820 1119 1034 1189 potestatem
1049 1110 1149 1188 (licet
1167 1112 1204 1174 in
1219 1113 1333 1175 sacris
1346 1114 1474 1177 ordini-

248 1220 314 1283 bus
330 1218 542 1282 constitutus
557 1234 628 1280 non
642 1218 747 1291 esset)
763 1216 924 1280 iecerunt
947 1214 975 1295 ¹,
997 1226 1031 1280 et
1051 1218 1087 1280 in
1107 1217 1243 1281 duobus
1258 1220 1398 1299 templis
1419 1220 1479 1282 ali·

249 1326 386 1406 quoties
401 1323 632 1387 concionatus
651 1334 721 1401 est;
744 1334 778 1386 et
800 1340 880 1386 cum
903 1339 1025 1386 rumor
1039 1341 1187 1404 sparsus
1206 1334 1311 1401 esset,
1329 1326 1423 1405 quod
1442 1326 1478 1389 in

249 1451 385 1498 summo
401 1431 531 1511 templo
548 1429 824 1493 concionaturus
840 1440 950 1507 esset,
968 1448 1010 1493 eo
1029 1428 1144 1510 maj0r
1158 1432 1263 1495 solito
1277 1434 1382 1496 turba
1396 1450 1480 1496 con·

248 1541 358 1605 fluxit.
376 1538 548 1603 Canonici
564 1546 684 1600 autem
699 1546 734 1600 et
748 1537 856 1618 aliqui
872 1555 917 1600 ex
932 1536 1070 1600 civibus
1084 1538 1310 1617 collegiolum
1325 1556 1389 1604 sex
1404 1556 1479 1620 per·

250 1664 419 1712 sonarum
435 1644 625 1708 Societatis
641 1642 809 1708 Dionanti
824 1661 895 1706 non
907 1660 1033 1722 parum
1044 1643 1216 1723 optabant
1226 1645 1395 1723 obtinere,
1408 1664 1481 1711 non

249 1756 361 1819 solum
376 1762 414 1816 ut
427 1752 651 1833 juventutem
669 1750 904 1827 instituerent,
922 1750 985 1813 sed
1004 1760 1042 1812 ut
1056 1753 1225 1831 populum
1239 1753 1357 1832 etiam,
1373 1753 1481 1817 immo

248 1872 284 1926 et
299 1863 431 1925 clerum
445 1859 625 1923 docerent.

312 1967 398 2031 1819.
443 1966 544 2030 Multi
559 1966 665 2029 etiam
680 1966 730 2029 illi
749 1966 921 2041 confiteri,
939 1983 1020 2030 cum
1036 1966 1205 2029 sacerdos
1215 1984 1285 2029 non
1299 1977 1402 2047 esset,
1418 1986 1480 2031 vo·

248 2077 377 2153 lebant;
406 2084 441 2138 et
467 2074 574 2153 aliqui
600 2073 707 2136 etiam
726 2090 809 2137 suos
829 2072 931 2149 filioS,
954 2075 1041 2137 utin
1061 2072 1238 2137 Societate
1257 2082 1380 2137 nostra
1401 2073 1479 2138 Deo

246 2183 434 2257 servirent,
451 2177 659 2244 offerebant.
675 2178 799 2243 Leodii
813 2180 922 2243 etiam
939 2181 1128 2260 collegium
1142 2178 1330 2244 Societatis
1342 2180 1415 2261 jam
1435 2183 1480 2245 ab

245 2308 288 2353 eo
304 2300 462 2369 tempore
477 2304 548 2349 non
560 2303 685 2365 parum
701 2287 927 2366 expetebant,
943 2287 1006 2350 sed
1023 2286 1120 2367 prius
1130 2304 1238 2350 unum
1254 2299 1316 2350 aut
1331 2290 1480 2351 alterum

246 2396 546 2472 concionatorem,
569 2408 632 2472 per
651 2408 740 2471 quos
758 2390 918 2455 Societas
939 2394 1045 2471 paulo
1068 2394 1184 2473 magis
1198 2394 1327 2474 populo
1347 2394 1479 2459 innote-

247 2512 379 2578 sceret;
406 2504 441 2565 in
467 2517 571 2581 quem
597 2516 699 2563 usum
719 2498 913 2585 Hearicum
936 2497 1167 2564 Sommalium
1182 2502 1426 2577 retinuissent,
1449 2502 1480 2565 si

248 2628 329 2673 cum
344 2609 438 2670 bona
454 2605 684 2688 Superiorum
700 2606 806 2669 venia
822 2606 857 2669 id
872 2606 948 2669 lieri
963 2606 1147 2687 potuisset.

311 2714 399 2781 1820.
443 2713 549 2778 Pater
565 2715 670 2777 etiam
682 2713 851 2778 Costerus
863 2715 897 2777 in
911 2715 1079 2794 patriam,
1092 2715 1128 2779 id
1140 2724 1204 2792 est,
1218 2713 1444 2778 Mechliniam
1456 2715 1480 2790 ¹,

248 2827 315 2888 hac
331 2825 459 2902 hyeme
474 2821 604 2885 r'nissus
620 2831 673 2885 est
689 2838 710 2882 a
725 2819 762 2883 P.
780 2821 982 2899 Leonardo,
996 2833 1034 2885 ut
1049 2839 1193 2885 suorum
1207 2831 1390 2901 parentum
1407 2821 1478 2882 ani·

248 2950 325 2996 mos
339 2933 508 3011 placaret,
526 2929 584 2991 ubi
601 2939 674 2990 tota
691 2946 733 2991 ea
746 2929 879 2992 familia
894 2930 963 3010 ipsi
977 2929 1141 2993 consessa
1155 2940 1219 3007 est,
1237 2939 1271 2992 et
1286 2929 1478 2993 maximam

247 3040 342 3102 vitae
357 3037 640 3101 emendationem
655 3035 823 3114 pollicita,
841 3053 883 3098 ac
899 3037 1049 3116 singulis
1068 3039 1247 3100 mensibus
1262 3053 1300 3098 se
1321 3035 1367 3099 ad
1386 3051 1479 3098 com-

246 3145 450 3208 munionem
464 3133 770 3222 ¹frequentandam
798 3143 944 3206 animati
971 3155 1069 3222 sunt,
1091 3143 1255 3224 quamvis
1269 3141 1344 3221 ejus
1365 3150 1481 3206 mater

246 3261 376 3315 octavo
391 3251 529 3330 quoque
545 3247 600 3311 die
617 3247 652 3311 id
666 3248 787 3310 facere
804 3249 953 3312 instituit
968 3267 1011 3312 ac
1023 3251 1139 3330 coepit
1154 3248 1177 3309 ³.

309 3357 396 3421 1821.
442 3353 630 3436 [Quoniam
642 3356 773 3418 mentio
789 3354 882 3418 facta
893 3354 959 3437 est]
974 3357 1099 3420 horum
1110 3345 1283 3430 P'atrum⁸,
1297 3355 1479 3435 quiRoma

248 3466 346 3528 missi
360 3475 453 3541 sunt,
471 3463 555 3526 illud
571 3462 700 3524 addam
720 3463 815 3542 quod
834 3462 982 3542 pedibus
1002 3474 1115 3527 totum
1136 3465 1203 3527 iter
1222 3462 1333 3527 Roma
1354 3461 1481 3526 Bassa·

247 3588 331 3634 num
351 3587 462 3650 usque
484 3567 713 3631 confecerunt
732 3569 836 3631 simul
858 3586 939 3631 cum
958 3568 997 3631 P.
1020 3568 1184 3650 Gasparo
1205 3569 1384 3651 Gropillo,
1406 3568 1479 3649 qui,
1576 3627 1584 3646 ,

152 3727 158 3738 .
247 3693 328 3741 cum
342 3677 492 3740 Romam
507 3675 675 3753 venisset,
693 3675 765 3738 dux
780 3676 849 3739 illis
864 3675 1001 3740 itineris
1016 3676 1212 3740 Bassanum
1224 3693 1336 3757 usque
1346 3676 1474 3755 luerat;

248 3784 412 3865 quamvis
427 3783 535 3864 aliqui
550 3799 594 3845 ex
609 3782 671 3858 εἰς,
689 3781 835 3861 pedibus
847 3800 892 3846 ex
904 3784 1024 3846 labore
1036 3784 1172 3847 itineris
1184 3784 1342 3847 nonnihil
1356 3792 1475 3847 essent

246 3889 383 3969 offensi,
396 3890 489 3953 inter
502 3906 592 3970 quos
607 3888 644 3951 P.
661 3887 816 3969 Joannes
830 3887 958 3952 Rezius
969 3889 1044 3953 fuit.
1061 3890 1212 3954 Bassani
1225 3901 1343 3954 autem
1358 3890 1403 3954 ad
1418 3890 1476 3953 de·

243 4106 328 4138 rere...
339 4092 437 4138 Verum
453 4093 491 4138 utl
509 4093 599 4136 nihil...
618 4099 665 4144 cst,
678 4102 727 4146 quo
745 4102 795 4136 non
811 4092 894 4146 possis
908 4093 1017 4138 abuti...
1032 4105 1155 4147 processu
1171 4096 1303 4149 temporie,
1318 4096 1479 4142 consuetodo

242 4167 412 4221 irrepserat...
421 4167 486 4209 haec
496 4171 730 4220 progymnasmata
741 4165 773 4208 ad
788 4164 869 4208 risum
879 4165 1036 4218 captandum
1051 4172 1108 4210 tota
1118 4165 1255 4209 relerendl.
1270 4166 1412 4211 liliberales
1422 4168 1478 4220 prl-

243 4249 310 4280 mum
319 4237 370 4290 ¹locl
383 4243 409 4280 et
420 4243 536 4293 satyrae,
549 4245 607 4278 mox
619 4233 697 4278 etlam
708 4235 848 4279 lescenninl
859 4245 937 4290 atque
947 4235 1050 4280 obsceni
1066 4237 1136 4280 sales
1145 4238 1220 4281 allati
1231 4238 1257 4281 ln
1269 4238 1379 4282 medium
1390 4244 1459 4282 sunt.
1470 4268 1477 4280 .

242 4309 270 4352 ld
282 4319 345 4358 eruo
356 4308 469 4352 muneris
479 4307 521 4350 ubl
536 4307 652 4350 delatum
668 4313 737 4350 esset
753 4305 863 4361 Nostris,
880 4307 983 4352 omnino
993 4309 1183 4352 constituerunt
1195 4309 1228 4352 ad
1239 4310 1389 4354 honestiora
1400 4320 1482 4364 argu-

242 4385 329 4424 menta
337 4379 500 4434 juventutem
511 4378 671 4431 traducere„

283 4451 292 4484 ¹
321 4449 358 4495 lis
370 4449 544 4506 secit-Vffle
555 4446 678 4495 Litterae
688 4449 919 4504 Quadrimestres,
928 4457 948 4494 t.
959 4461 996 4506 tv,
1006 4461 1067 4506 pag.
1077 4451 1126 4495 om.

283 4523 294 4554 ¹
322 4521 543 4567 MuMerlim'am.

285 4593 297 4625 ³
324 4593 531 4648 rotmanus.

285 4667 297 4698 ⁴
324 4663 369 4708 Mn.
381 4665 531 4719 Antequam
543 4669 653 4720 accepta
665 4667 800 4709 mentione
810 4665 905 4709 horum
914 4669 1054 4720 patrum...
