3642 5350
338 415 394 474 442
795 418 925 481 Canos.
945 420 1023 479 soc.
1043 419 1114 492 Jns.

339 561 386 623 tis
406 561 581 628 nobilibus
601 566 703 647 (quos
723 569 861 649 equites
880 569 1000 631 tusoni
1018 568 1096 629 sive
1117 565 1260 629 velleris
1274 567 1418 637 vocant)
1441 562 1488 625 ad
1505 560 1571 624 Re

340 684 422 747 gem
437 671 630 751 venissent,
646 676 760 738 nostri
775 684 893 739 tamen
908 675 1050 738 evocati
1063 686 1098 737 et
1112 690 1176 753 per
1189 671 1360 736 Comitem
1376 669 1572 749 Ruigomez

341 787 425 839 ante
439 790 670 858 conspectum
684 780 795 863 Regis
815 781 960 845 adducti
974 781 1130 845 fuerunt.

405 880 492 947 1893.
536 886 644 951 Dedit
665 900 784 952 autem
804 889 839 953 in
859 890 984 970 primis
1003 889 1141 951 litteras
1165 885 1203 949 P.
1230 884 1371 965 Ignatii,
1397 899 1488 963 quas
1511 882 1570 945 ille

341 999 484 1070 apertas
500 994 664 1074 perlegit;
686 995 812 1061 deinde
831 998 1008 1059 rationem
1027 1012 1113 1057 suae
1127 992 1377 1075 postulationis
1395 990 1441 1053 de
1459 988 1570 1053 Colle·
1621 1038 1625 1046 ,

339 1096 410 1175 giis
425 1098 461 1161 in
477 1100 599 1180 Belgio
615 1102 838 1169 instituendis
853 1102 891 1165 P.
907 1102 1158 1181 Ribadeneyra
1171 1100 1273 1176 dixit,
1285 1111 1321 1162 et
1333 1116 1396 1178 per
1406 1106 1571 1178 quartam

343 1204 451 1268 borae
465 1216 603 1286 partem
619 1210 788 1291 quidquid
800 1211 916 1274 visum
927 1219 981 1273 est
992 1209 1173 1305 expedire,
1186 1205 1287 1285 dixit,
1300 1214 1336 1268 et
1346 1222 1479 1285 magna
1489 1219 1572 1267 cum

318 1304 323 1313 '
342 1313 537 1377 attentione
547 1312 625 1378 Rex
639 1316 754 1395 ipsum
769 1318 917 1396 audivit;
930 1334 974 1381 ac
985 1316 1127 1379 demum
1139 1313 1321 1396 respondit
1331 1330 1371 1375 se
1383 1312 1501 1375 omnia
1513 1326 1572 1390 op·

342 1418 427 1480 time
441 1419 669 1499 intellexisse;
685 1435 719 1487 et
734 1425 816 1504 quia
832 1426 966 1505 scripto
981 1422 1239 1501 comprehensa
1258 1428 1361 1483 erant
1381 1429 1501 1498 capita
1515 1434 1572 1480 eo·

344 1541 434 1603 rum,
451 1543 542 1606 quae
558 1531 667 1592 verbo
682 1531 834 1611 dixerat,
855 1532 891 1595 id
905 1530 1078 1611 scripturn
1093 1536 1102 1568 ¹
1117 1528 1196 1591 Rex
1211 1526 1420 1606 postulavit,
1437 1540 1472 1587 et
1486 1524 1520 1587 ei
1533 1539 1574 1586 se

345 1633 551 1711 responderi
569 1637 713 1716 recepit.

407 1736 495 1801 1894.
537 1740 672 1807 Eodem
686 1743 742 1807 die
758 1744 885 1808 Comes
898 1743 1025 1809 Feriae
1040 1760 1062 1805 a
1076 1742 1233 1823 quodam
1244 1740 1406 1805 ministro
1422 1738 1574 1802 cubiculi

344 1846 435 1925 regii
450 1848 622 1913 intellexit
637 1850 731 1931 quod
747 1850 784 1915 P.
801 1852 1051 1932 Ribadeneyra
1065 1851 1201 1931 Regem
1220 1850 1396 1913 allocutus
1414 1856 1523 1921 esset;
1538 1852 1575 1907 et

345 1969 427 2015 cum
440 1954 498 2017 ille
517 1958 739 2036 praedictum
761 1959 932 2038 scriptum
954 1976 1064 2041 penes
1084 1976 1124 2021 se
1142 1958 1308 2033 haberet,
1330 1964 1368 2018 ut
1385 1953 1496 2033 Regis
1513 1971 1573 2016 no·

346 2059 439 2121 mine
463 2060 641 2144 Episcopo
667 2065 910 2130 Attrebatensi
931 2066 943 2099 ⁸
964 2064 1084 2144 daret,
1106 2064 1250 2144 rogavit
1273 2079 1353 2125 eum
1377 2060 1506 2124 Comes
1530 2076 1576 2121 ne

346 2166 444 2245 prius
469 2168 570 2232 daret
595 2169 775 2252 Episcopo
800 2172 1003 2253 praedicto,
1025 2190 1131 2253 quam
1152 2173 1228 2251 ipse
1250 2187 1331 2234 eum
1355 2169 1575 2232 admoneret.

346 2270 484 2336 Deinde
507 2276 618 2339 adivit
643 2277 816 2342 Comitem
838 2278 1045 2359 Ruigomez,
1063 2289 1101 2343 ut
1122 2278 1338 2359 Episcopum
1352 2274 1575 2340 Attrebaten·

347 2395 422 2441 sem
435 2380 479 2443 de
494 2381 562 2445 hoc
576 2386 721 2463 negotio
737 2387 944 2450 conveniret
959 2398 994 2450 et
1005 2386 1091 2450 illud
1102 2386 1172 2466 ipsi
1182 2384 1460 2459 commendaret,
1472 2390 1508 2443 et
1518 2380 1578 2443 ille

349 2488 509 2564 promisit
524 2506 563 2553 se
578 2490 613 2554 id
628 2494 721 2555 serio
736 2493 926 2557 facturum.

411 2592 497 2657 1895.
541 2596 678 2662 Deinde
698 2598 826 2665 Comes
846 2600 990 2681 Feriae,
1012 2600 1059 2663 ad
1078 2599 1213 2680 Regem
1233 2613 1458 2680 progressus,
1478 2594 1577 2657 intel·

349 2701 458 2780 ligere
474 2704 518 2766 ab
534 2706 612 2785 ipso
626 2708 738 2770 voluit
753 2725 800 2772 an
814 2709 931 2772 visum
946 2708 1015 2788 ipsi
1029 2707 1154 2770 luisset
1169 2706 1302 2786 negotii
1317 2705 1431 2768 nostri
1446 2703 1577 2766 bonam

348 2809 521 2874 rationem
541 2831 619 2876 esse
640 2833 661 2876 a
681 2814 718 2878 P.
740 2814 991 2896 Ribadeneyra
1011 2813 1185 2877 redditam
1206 2816 1307 2892 (nam
1325 2811 1370 2876 D.
1392 2810 1520 2874 Petrus
1532 2809 1579 2871 de

349 2913 475 2980 Zarate
491 2921 547 2981 vel
562 2937 690 2984 saxum
705 2923 774 2984 illis
789 2922 987 2985 rationibus
1001 2939 1146 2984 movere
1158 2937 1263 3001 posse
1275 2916 1502 2996 affirmabat);
1516 2920 1529 2951 ⁸
1543 2925 1579 2978 et

349 3022 468 3086 omnia
484 3025 520 3088 in
544 3025 652 3106 Regis
672 3045 779 3093 manu
802 3030 920 3110 posita
941 3047 1036 3108 esse,
1058 3040 1093 3091 et
1112 3028 1268 3091 studium
1286 3035 1489 3089 nostrorum
1506 3040 1577 3086 ser·

349 3129 467 3193 viendi
482 3131 558 3196 Deo
574 3151 617 3197 ac
631 3133 720 3216 Regi
741 3137 777 3199 in
797 3137 857 3200 illa
877 3154 943 3199 sua
966 3136 1168 3216 provincia,
1190 3134 1331 3216 quidvis
1350 3134 1427 3212 ipse
1447 3131 1581 3194 dehac

347 3237 577 3316 collegiorum
592 3241 812 3307 institutione
828 3253 1011 3321 statueret,
1027 3241 1256 3322 significavit.

413 3343 499 3408 1896.
543 3345 619 3411 Rex
644 3361 761 3413 autem
788 3351 877 3413 haec
903 3351 981 3430 ipsa
1004 3367 1043 3412 se
1064 3349 1280 3412 intellexisse
1301 3349 1408 3426 dixit,
1429 3356 1464 3412 et
1487 3347 1580 3427 quod

351 3461 534 3528 praeterea
550 3453 729 3534 adjecerat
744 3458 787 3520 de
802 3457 980 3537 Episcopo
996 3455 1265 3534 Cameracensi,
1282 3457 1343 3537 qui
1356 3465 1500 3518 nostros
1520 3453 1579 3516 ad·

351 3557 489 3622 mittere
511 3563 663 3625 nolebat.
686 3563 821 3627 Deinde
842 3564 920 3628 Rex
939 3563 1114 3643 quaedam
1135 3571 1366 3642 percontatus
1389 3571 1459 3640 est,
1484 3560 1582 3624 circa

350 3663 401 3744 id,
419 3665 511 3744 quod
526 3670 742 3748 postulatum
758 3671 886 3749 fuerat,
902 3680 938 3733 et
953 3669 996 3733 de
1015 3670 1156 3732 ratione
1173 3667 1407 3748 Superiorum
1426 3667 1578 3731 Societa-

351 3773 396 3835 tis
410 3784 567 3854 nostrae,
582 3785 617 3839 et
632 3779 841 3841 nominatim
857 3779 900 3841 de
917 3779 994 3857 ipso
1008 3777 1044 3840 P.
1058 3776 1319 3856 Ribadeneyra,
1333 3794 1378 3838 an
1390 3785 1485 3838 esset
1497 3791 1580 3838 con·

350 3880 524 3960 cionator,
537 3891 571 3944 et
583 3899 664 3946 cum
675 3901 754 3948 esse
766 3886 1058 3948 concionatorem
1070 3883 1313 3963 respondisset
1328 3882 1469 3946 Comes:
1485 3881 1580 3959 talis,

351 3988 475 4068 inquit,
492 3990 576 4052 milii
592 3992 691 4054 visus
711 4002 776 4055 est.

391 4153 400 4186 ¹
429 4155 495 4200 Vide
504 4159 551 4202 hoc
561 4159 586 4202 ln
596 4159 691 4204 Curias
701 4161 735 4205 de
746 4159 801 4204 San
812 4161 959 4214 [guotrat.
970 4171 1008 4212 vr,
1018 4173 1077 4216 pag.
1090 4161 1129 4204 15⁸
1138 4168 1165 4204 et
1175 4173 1229 4215 seq.

391 4227 403 4258 ¹
429 4227 495 4274 Erat
505 4231 527 4274 le
536 4231 664 4276 Antonius
673 4231 805 4288 Perrenot,
817 4241 908 4287 postea
919 4233 1138 4288 Archlepircopus
1146 4231 1338 4286 Mechllnerula,
1346 4229 1586 4276 CardlnallsGran-

351 4299 469 4344 vellanns
478 4302 547 4352 (vide
558 4302 625 4346 inira
635 4304 734 4354 atatim,
745 4315 769 4347 n.
787 4303 856 4352 1898).
869 4305 909 4348 Ad
924 4317 979 4348 rem
993 4305 1093 4348 iaciunt
1108 4305 1175 4347 dnae
1190 4305 1314 4358 epistolae
1326 4303 1354 4346 P.
1366 4303 1482 4356 Polancl,
1497 4301 1526 4344 P.
1538 4300 1581 4344 Rl·

351 4371 508 4417 vadeneirae
523 4374 637 4427 scriptae
652 4385 686 4417 ex
700 4377 889 4420 commissione
904 4375 952 4420 Sti.
965 4376 1069 4430 lgnatll,
1086 4387 1152 4430 quas
1163 4375 1221 4419 vide
1233 4374 1330 4419 cartas
1344 4375 1378 4418 de
1394 4375 1449 4417 San
1464 4373 1586 4427 ignatio,

353 4447 371 4482 t.
383 4453 418 4494 vr,
428 4453 489 4496 pag.
499 4443 596 4488 audeat.

392 4513 404 4546 ⁸
430 4513 565 4567 Nimirum,
576 4515 656 4570 “Regi
668 4516 760 4561 Comes
775 4517 868 4562 Feriae
884 4517 1042 4573 significavit
1052 4518 1139 4562 omnia
1153 4518 1180 4561 in
1194 4515 1274 4571 Regis
1288 4528 1365 4562 mann
1379 4528 1436 4561 esse
1450 4513 1545 4570 posita,
1554 4521 1584 4559 et

353 4584 511 4629 Societatem
521 4587 607 4630 studio
617 4589 700 4632 teneri
711 4589 841 4634 serviendi
852 4589 907 4634 Deo
918 4601 948 4633 ac
959 4589 1026 4643 Regi
1032 4590 1059 4633 ln
1067 4591 1113 4633 illa
1120 4601 1169 4632 sua
1175 4589 1321 4642 provincia,
1330 4588 1452 4643 quidquid
1461 4589 1516 4643 lpse
1526 4585 1582 4630 Rex

351 4657 383 4698 de
394 4656 459 4700 haec
470 4656 644 4712 collegiorum
654 4659 816 4706 institutione
825 4668 976 4714 statueret„
