3642 5350
772 347 837 406 Au.
858 346 928 405 1556
1429 345 1467 402 69

226 502 317 574 quot
332 493 364 557 ei
376 493 560 557 confessae
576 501 669 572 sunt,
687 503 721 556 et
736 493 871 574 reliqua
888 510 978 574 quae
998 492 1186 570 habebant;
1203 491 1367 572 quamvis
1393 489 1466 554 Ab·

227 599 376 681 batissa,
393 609 531 664 retenta
546 602 707 682 pecunia,
726 601 795 664 alia
811 602 862 663 eis
877 600 1008 663 utenda
1022 599 1184 662 reddidit.

292 707 364 770 214.
408 707 496 772 Cum
517 706 710 788 jubilaeum
730 725 750 769 a
773 705 918 770 Summo
940 705 1108 769 Pontifice
1129 722 1339 769 concessum
1360 704 1465 769 Ame-

232 816 309 878 riae
324 815 547 892 innotuisset,
563 815 687 877 ultima
703 813 837 877 scilicet
852 813 1030 876 dominica
1044 810 1243 890 Adventus,
1265 812 1309 874 ab
1330 829 1463 875 aurora

235 939 345 1003 usque
361 922 529 984 adunam
543 921 659 984 noctis
674 921 800 984 horam
824 919 844 997 ¹,
866 920 902 982 in
925 918 1205 982 confessionibus
1226 917 1264 981 P.
1286 917 1465 997 Georgius

231 1039 430 1108 occupatus
444 1037 535 1106 erat;
557 1029 789 1108 magistratus
809 1035 928 1090 autem
946 1035 981 1088 et
999 1026 1135 1088 nobiles
1154 1043 1226 1088 non
1245 1042 1380 1106 paucos
1401 1043 1464 1088 no·

230 1145 291 1198 ctu
309 1135 474 1199 audiebat
489 1145 523 1198 et
544 1152 657 1216 usque
677 1133 722 1196 ad
743 1135 884 1197 tertiam
903 1133 1019 1196 noctis
1039 1132 1166 1195 horam
1187 1150 1268 1195 cum
1289 1133 1339 1195 eis
1359 1150 1465 1195 occu·

229 1243 393 1322 pabatur.

292 1350 365 1413 215.
407 1349 443 1413 A
457 1349 580 1428 vigilia
596 1358 714 1412 autem
730 1346 866 1410 Natalis
881 1346 1026 1411 Domini
1041 1347 1196 1428 quotidie
1211 1346 1357 1410 Missam
1372 1347 1463 1408 cele·

232 1457 340 1519 brare
354 1457 390 1518 in
404 1457 535 1536 templo
550 1465 673 1518 nostro
689 1454 805 1534 coepit
820 1463 854 1517 et
870 1455 906 1516 in
920 1454 996 1517 dies
1010 1471 1089 1516 eam
1109 1454 1325 1517 audientium
1342 1468 1460 1515 nume·

233 1580 295 1626 rus
309 1562 503 1626 crescebat.
521 1561 741 1625 concinnata
757 1579 799 1624 ea
816 1557 992 1640 [ecclesia]
1009 1560 1123 1624 fuerat
1139 1560 1253 1639 magis
1267 1561 1303 1622 in
1318 1559 1403 1636 dieS,
1425 1568 1460 1622 et

233 1669 347 1733 Roma
373 1669 418 1732 ad
444 1687 483 1732 se
507 1669 626 1748 aliqua
653 1669 699 1731 ad
723 1669 887 1731 altarium
913 1678 948 1730 et
974 1668 1085 1747 ipsius
1108 1666 1229 1747 templi
1251 1675 1461 1730 ornamenta

230 1778 326 1864 mitti
351 1775 534 1839 Ameriam
554 1775 762 1855 postulavit3
791 1793 857 1839 nec
882 1775 982 1856 prius
1004 1774 1236 1838 christianam
1259 1773 1459 1837 doctrinam

229 1885 413 1964 explicare
427 1884 464 1946 in
478 1901 521 1946 ea
535 1884 648 1947 voluit
664 1900 770 1964 quam
786 1882 997 1946 concinnata
1020 1889 1128 1960 esset3
1151 1897 1216 1943 nec
1236 1882 1351 1944 solum
1370 1897 1461 1959 quae

234 1991 333 2053 initio
348 1991 589 2070 praediximus
604 1989 625 2067 ¹,
642 1991 704 2053 sed
719 1989 789 2051 alia
804 1990 916 2052 multa
931 1989 977 2051 ad
990 1987 1064 2067 ejus
1078 1987 1198 2068 templi
1214 1995 1461 2050 ornamentum

230 2099 290 2160 vel
304 2098 443 2161 sublata
458 2097 516 2160 vel
530 2097 649 2160 addita
664 2097 816 2160 fuerunt.

292 2205 363 2268 216.
406 2205 462 2268 Ex
477 2205 711 2284 eleemosynis
727 2213 845 2267 autem
866 2204 971 2266 facile
996 2203 1174 2280 vivebant,
1196 2219 1305 2282 quum
1326 2200 1461 2265 'liben-

233 2291 401 2392 ter'quae
428 2311 473 2374 ad
498 2311 632 2374 victum
655 2319 756 2373 erant
781 2311 984 2374 necessaria
1004 2311 1101 2373 cives
1120 2309 1251 2373 nostris
1270 2308 1461 2372 communi·

228 2428 366 2483 carent.
1129 2496 1131 2498 ,

292 2525 364 2589 217.
407 2526 496 2591 Cum
513 2537 631 2591 autem
651 2526 690 2591 P.
711 2525 847 2591 Natalis
867 2543 914 2588 ex
932 2524 1105 2606 Hispania
1127 2522 1277 2587 Romam
1298 2523 1427 2587 rediret
1448 2519 1461 2554 ⁴

228 2651 314 2697 cum
330 2631 367 2699 P.
383 2633 557 2715 Victoria,
574 2651 638 2715 per
654 2633 862 2699 Amerinum
877 2633 1073 2712 Collegium
1088 2631 1252 2695 transivit
1271 2641 1309 2695 ut
1329 2639 1462 2695 statum

228 2759 352 2805 ‘rerum
368 2742 523 2805 omnium
538 2742 728 2823 dispiceret
742 2739 754 2773 ⁸
768 2750 803 2805 et
818 2740 916 2805 Patri
930 2740 1078 2804 Vicario
1093 2738 1252 2802 referret.

291 2848 336 2912 Et
350 2850 439 2912 haec
454 2848 498 2911 de
512 2848 683 2912 Amerino
699 2848 867 2929 Collegio.

293 3379 364 3444 218.
407 3380 562 3463 Populus
576 3382 761 3462 Morbegni
776 3384 840 3445 sub
855 3384 1057 3463 ingressum
1075 3382 1190 3446 Vallis
1211 3382 1354 3446 Telinae
1369 3381 1397 3461 ⁸,
1422 3390 1461 3445 ut

226 3488 397 3567 superius
411 3488 564 3552 diximus
579 3488 607 3568 ²,
629 3490 729 3569 situs
750 3490 824 3553 suis
844 3491 982 3569 litteris
1005 3490 1144 3554 decima
1165 3500 1267 3553 sexta
1286 3490 1405 3553 Martii
1428 3498 1463 3552 et

229 3594 409 3673 vigesima
434 3596 587 3659 secunda
613 3595 747 3677 Aprilis
773 3596 817 3660 ad
844 3596 882 3659 P.
908 3596 1086 3677 Ignatium
1107 3596 1210 3675 datis,
1235 3597 1458 3675 collegiolum

275 3868 282 3899 ¹
312 3869 417 3925 Nempe,
428 3884 507 3927 usque
518 3874 551 3917 ad
561 3884 638 3917 unam
648 3874 740 3919 horam
749 3881 807 3928 post
817 3885 938 3919 occasum
948 3875 1018 3919 solis.
1030 3874 1073 3918 Sic
1086 3875 1165 3918 tertia
1176 3874 1260 3919 noctis
1274 3875 1339 3917 hora
1354 3872 1392 3928 (ut
1406 3883 1460 3919 sta·

227 3939 514 3992 timdicituriesthora
525 3946 604 3989 tertia
614 3952 672 4000 post
686 3946 748 3989 solis
763 3956 891 4000 occasum,
905 3946 981 4001 juxta
996 3952 1147 3999 usurpatam
1163 3956 1178 3989 a
1193 3944 1316 3988 Romanis
1333 3944 1462 3988 rationem

230 4011 364 4057 dividendi
374 4013 449 4067 diem,
460 4022 506 4059 aut
516 4018 668 4062 numerandi
679 4018 767 4061 horas.

273 4082 285 4113 ¹
311 4081 377 4137 Peg.
391 4084 426 4137 66,
439 4086 520 4129 ΜΒ.

272 4152 286 4185 ⁸
313 4152 410 4199 Mau&

272 4226 285 4257 ⁴
311 4223 485 4272 liarediens.

272 4296 285 4329 ⁸
311 4296 350 4351 Id,
364 4308 393 4341 ut
406 4299 512 4353 iaceret,
528 4302 632 4356 scripsit
647 4301 782 4357 Polancus,
798 4313 831 4346 ex
850 4314 915 4348 com.
930 4302 988 4352 Vlc.
1003 4303 1075 4359 Gen,
1086 4302 1131 4348 MP
1147 4303 1234 4349 Natali
1245 4304 1418 4360 Florentiam,
1433 4306 1459 4349 lt

225 4368 307 4423 -Nom,
318 4375 346 4413 et
356 4368 384 4412 P.
396 4369 508 4426 Georgio
519 4372 609 4418 Passio
618 4372 646 4417 30
656 4374 771 4429 ejusdem
782 4375 886 4419 menois.

272 4438 286 4472 θ
312 4441 574 4490 linhubetcelinae.

273 4512 286 4543 ἲ
314 4514 551 4571 videaupratav,
563 4528 622 4572 pag.
635 4517 730 4563 lab-189:
741 4518 793 4563 “De
804 4520 920 4575 hisquae
936 4520 1060 4565 Morbenli
1073 4526 1100 4565 et
1115 4522 1174 4566 aliis
1189 4522 1252 4567 locis
1267 4522 1335 4567 citra
1349 4522 1459 4567 Romam

227 4594 311 4640 gesta
321 4591 404 4641 sunt,
