3642 5350
350 416 402 487 1321
801 426 929 489 Canon.
950 426 1026 487 Soc.
1047 426 1116 501 Jas.

350 574 426 639 stro'
450 576 740 657 communicaret,
763 575 944 640 desiderio
963 574 1168 655 proficiendi
1190 592 1260 639 non
1281 577 1516 640 mediocriter·
1529 577 1578 641 in·

349 681 550 746 flammatus
574 684 770 765 spiritualia
790 685 964 748 exercitia
983 684 1102 747 iacere
1124 682 1273 762 optavit,
1300 691 1334 745 et
1354 684 1412 746 ille
1437 683 1578 764 quidem

350 798 537 869 acceperat
561 790 813 855 exercitiorum
837 790 966 855 librum
991 808 1013 854 a
1040 790 1076 853 P.
1097 788 1303 854 Salmerone
1328 791 1487 869 missum,
1514 792 1578 855 sed

349 896 475 960 instrui
493 898 539 960 ab
559 898 679 979 aliquo
702 898 859 980 cupiens,
881 899 950 962 hoc
970 898 1015 962 ab
1035 900 1112 978 ipso
1132 896 1171 961 P.
1188 898 1349 977 Baptista
1369 893 1575 977 postulavit.

348 1002 409 1066 Ille
423 1012 552 1082 autem,
569 1020 694 1084 parum
714 1005 845 1086 alioqui
868 1006 903 1069 in
925 1004 1127 1085 hujusmodi
1146 1004 1325 1067 exercitiis
1340 1015 1515 1082 versatus,
1534 1024 1577 1069 ea

348 1110 576 1175 nihilominus
590 1111 743 1176 Domino
755 1111 969 1176 Villanovae
986 1112 1182 1192 proposuit,
1197 1112 1256 1192 qui
1275 1112 1357 1174 licet
1371 1113 1415 1175 ob
1431 1114 1575 1191 negotia

348 1218 500 1299 plurima
515 1226 549 1282 et
560 1220 688 1298 gravia
704 1237 775 1283 non
789 1228 909 1300 posset
923 1228 1049 1281 exacte
1060 1235 1138 1282 sese
1149 1219 1186 1281 in
1201 1219 1252 1281 eis
1266 1235 1445 1298 exercere,
1463 1220 1577 1299 proie-

349 1325 397 1388 cit
411 1324 638 1390 nihilominus
653 1326 808 1406 egregie;
825 1336 859 1389 et
874 1326 1038 1406 quamvis
1050 1326 1106 1389 vir
1117 1334 1209 1388 esset
1221 1341 1374 1405 magnae
1387 1327 1577 1391 auctorita·

348 1432 405 1510 tis,
423 1432 469 1494 ad
482 1432 696 1512 perfectiora
711 1432 887 1513 aspirauS,
904 1431 948 1496 de
962 1440 1058 1495 statu
1077 1431 1173 1495 vitae
1193 1433 1362 1496 mutando
1381 1434 1576 1512 cogitabat:

301 1614 303 1619 ,
407 1537 478 1601 490.
522 1538 643 1603 Militis
671 1538 856 1619 cujusdam
889 1538 1167 1614 consessionem,
1197 1540 1256 1620 qui
1289 1541 1459 1603 sacerdos
1487 1552 1576 1619 erat,

348 1642 386 1708 P.
403 1644 641 1726 Hieronymus
654 1645 799 1724 audivit;
818 1646 975 1727 quicum
990 1662 1121 1724 magna
1137 1646 1233 1709 vitae
1254 1648 1468 1727 praeteritae
1485 1666 1576 1711 com·

348 1753 537 1832 punctione
556 1751 770 1818 Societatem
793 1753 934 1833 ingredi
952 1753 1128 1833 cupiebat,
1149 1762 1184 1816 et
1206 1752 1306 1816 adid
1326 1752 1477 1817 Romam
1492 1755 1575 1817 mis-

351 1876 413 1923 sus
428 1870 491 1924 est.

408 1967 478 2031 491.
522 1967 603 2032 Non
628 1968 717 2032 satis
738 1968 896 2033 italicam
920 1969 1079 2048 linguam
1104 1968 1142 2033 P.
1164 1970 1403 2050 Hieronymus
1427 1968 1577 2033 Rubiola

349 2074 491 2138 tenebat
509 2074 528 2154 ¹,
549 2086 717 2139 ettamen
740 2075 878 2139 adeam
899 2076 1024 2139 melius
1039 2076 1291 2140 addiscendam
1311 2076 1465 2140 studium
1480 2078 1577 2140 adhi-

349 2182 464 2261 bebat;
487 2192 521 2245 et
543 2200 624 2246 cum
644 2200 764 2246 mense
785 2182 869 2263 Maji
888 2184 1059 2246 lectiones
1080 2185 1297 2247 christianae
1313 2184 1496 2247 doctrinae
1516 2201 1577 2264 ag·

349 2304 496 2369 gressus
517 2298 621 2369 esset,
641 2291 741 2354 multi
762 2290 867 2354 etiam
888 2307 935 2353 ex
956 2291 1134 2370 primariis
1154 2292 1241 2354 viris
1267 2308 1347 2354 eum
1366 2292 1578 2372 perlibenter

349 2396 550 2460 audiebant.
567 2396 611 2461 Et
627 2408 664 2460 ut
680 2398 758 2477 ipse
772 2406 935 2475 testatur,
951 2396 1111 2461 divinum
1126 2399 1297 2461 auxilium
1312 2399 1497 2462 manifeste
1512 2416 1577 2462 suo

349 2502 385 2566 in
406 2504 532 2584 spiritu
553 2504 737 2584 sentiebat;
762 2516 796 2567 et
822 2504 871 2567 ita
891 2522 962 2567 non
986 2506 1096 2568 multo
1121 2514 1202 2584 post
1227 2506 1433 2569 concionari
1460 2506 1577 2569 italice

349 2611 475 2692 coepit.
498 2608 568 2676 Sed
590 2610 756 2676 comitate
779 2620 812 2673 et
833 2611 1018 2676 charitatis
1036 2610 1295 2692 significatione
1315 2630 1386 2689 eos
1409 2630 1488 2676 cum
1504 2614 1577 2694 quie

349 2718 415 2782 bus
441 2719 581 2798 agebat,
607 2719 674 2782 sibi
699 2727 734 2782 et
758 2719 890 2782 nostris
914 2719 1136 2782 conciliabat.
1164 2719 1209 2782 Et
1234 2721 1271 2783 in
1297 2735 1427 2799 magna
1457 2738 1576 2785 rerum

349 2827 505 2889 omnium
516 2827 664 2905 penuria
676 2825 889 2889 hilaritatem
898 2825 1005 2888 animi
1018 2827 1173 2889 sentiens
1185 2843 1227 2889 ac
1239 2844 1326 2907 prae
1338 2845 1376 2890 se
1390 2826 1519 2906 ferens,
1541 2837 1575 2890 et

349 2934 480 2997 nostris
492 2933 648 2996 animum
662 2942 697 2995 et
711 2933 990 2996 consolationem
1005 2932 1167 3012 addebat,
1181 2941 1216 2995 et
1230 2942 1396 2996 externos
1411 2934 1457 2996 ad
1471 2935 1575 2997 bene·

348 3041 540 3104 volentiam
556 3048 590 3102 et
605 3039 651 3102 ad
665 3039 860 3103 subsidium
874 3040 1058 3103 serendum
1074 3040 1258 3103 invitabat:
1278 3058 1359 3103 nam
1374 3041 1482 3104 etiam
1499 3043 1574 3105 reli·

348 3147 439 3227 giosi
466 3146 688 3210 diversorum
714 3147 877 3210 ordinum
898 3147 1023 3222 libros,
1045 3164 1134 3228 quos
1156 3148 1200 3209 ab
1221 3149 1273 3210 eis
1294 3159 1414 3211 mutuo
1435 3149 1576 3228 petebat

350 3255 443 3332 (cum
457 3254 654 3334 Collegium
673 3255 836 3333 proprios
859 3272 930 3318 non
955 3254 1125 3332 haberet),
1148 3255 1296 3317 libenter
1318 3255 1351 3317 ei
1371 3255 1514 3318 dabant.
1532 3255 1576 3318 Et

348 3361 548 3425 Cardinalis
570 3361 678 3424 etiam
700 3361 832 3424 indies
853 3363 970 3440 magis
988 3361 1020 3424 ei
1041 3361 1270 3441 afficiebatur3
1291 3371 1326 3424 et
1346 3379 1493 3442 prorsus
1514 3380 1577 3443 per

348 3487 428 3534 eum
443 3469 562 3549 aliqua
578 3467 752 3532 Dominus
768 3469 981 3548 operabatur
1000 3478 1074 3532 tam
1096 3470 1217 3548 magni
1232 3470 1399 3532 momenti
1418 3481 1455 3531 ut
1471 3488 1575 3550 expe·

347 3577 410 3641 riri
424 3595 462 3640 se
478 3578 554 3657 ipse
569 3577 702 3640 diceret
718 3577 811 3656 quod
826 3577 1043 3657 speculative
1059 3579 1134 3656 ipse
1150 3577 1248 3657 prius
1261 3575 1445 3639 didicerat:
1457 3576 1503 3639 ad
1518 3595 1575 3640 res

347 3685 552 3766 praeclaras
566 3683 695 3748 debilia
707 3683 940 3747 instrumenta
955 3682 1071 3746 Deum
1086 3701 1279 3763 assumere,
1293 3693 1330 3746 ut
1344 3683 1419 3764 ejus
1434 3685 1575 3764 gratiae

349 3810 420 3857 non
435 3793 612 3855 humanae
627 3791 821 3854 industriae
836 3791 1087 3854 tribuerentur.

409 3897 479 3963 492.
523 3897 604 3962 Duo
624 3898 749 3962 novitii
775 3897 964 3976 florentini,
981 3897 1131 3962 Cosmus
1148 3908 1187 3960 et
1202 3899 1358 3981 Joannes
1380 3899 1538 3979 Baptista
1554 3899 1576 3977 ¹,

353 4007 391 4071 P.
406 4006 580 4089 Joannem
594 4005 791 4085 Baptistam
806 4005 1074 4084 Firminianum,
1091 4006 1151 4086 qui
1166 4003 1278 4068 Senas
1293 4016 1451 4084 venerat,
1465 4008 1577 4070 secuti

350 4124 442 4194 sunt;
456 4123 490 4178 et
506 4131 586 4178 cum
598 4113 802 4193 aliquandiu
817 4113 853 4176 in
868 4113 1027 4190 Collegio
1043 4113 1202 4192 luissent,
1220 4112 1370 4177 Romam
1386 4133 1406 4176 a
1422 4113 1460 4177 P.
1478 4113 1578 4193 lgna·

393 4393 401 4426 ¹
431 4393 561 4448 Hispanus
572 4399 629 4436 crat
640 4392 748 4436 Rubiola
758 4397 783 4436 et
794 4391 857 4435 duos
867 4402 948 4435 annos
958 4402 1016 4435 cum
1024 4391 1128 4436 dimidio
1142 4393 1168 4436 in
1183 4391 1261 4435 Italia
1272 4398 1405 4446 exegerat.
1414 4391 1481 4436 Vide
1492 4403 1579 4446 supra,

354 4473 372 4512 1.
384 4477 419 4516 111,
430 4477 489 4520 pag.
499 4465 547 4514 381,
559 4465 606 4508 sub
618 4464 691 4508 linem
702 4475 770 4508 nom.
781 4464 827 4507 839.

389 4539 401 4570 ²
428 4537 461 4581 Hi
472 4539 543 4592 pucrl
554 4537 639 4580 adbuc
650 4542 734 4588 erant,
745 4547 791 4579 nec
802 4548 892 4592 parum
904 4537 1001 4592 negotii
1012 4539 1108 4581 nostris
1118 4538 1290 4588 lacessebant,
1303 4537 1362 4580 dnm
1373 4538 1406 4580 ab
1414 4547 1463 4579 uno
1474 4537 1499 4580 111
1509 4537 1578 4580 allud

350 4611 487 4664 collegium
506 4621 552 4664 per
569 4608 673 4654 ltaliam
690 4608 845 4665 migrabant,
863 4617 890 4654 ut
909 4609 998 4654 videre
1015 4611 1066 4655 erit
1083 4610 1109 4654 ln
1124 4609 1199 4654 Nova
1218 4609 1293 4654 Serio
1312 4610 1467 4654 litterarum
1485 4609 1579 4653 Sancti

351 4681 463 4738 Ignatii.
