3642 5350
816 405 881 464 nl.
902 405 973 497 15⁵⁶
1024 404 1027 410 ’
1456 406 1512 467 515

314 548 431 614 2230.
479 547 550 616 Sed
573 552 665 616 inter
679 557 818 615 ceteros
841 551 898 614 vir
924 550 1080 631 quidam,
1105 559 1235 630 aetate,
1252 551 1450 616 eruditione
1474 561 1510 616 et

272 658 409 736 pietate
427 658 588 739 celebris,
610 659 753 722 nomine
768 657 865 738 Mag.
888 655 1061 722 Verdolai
1076 663 1098 736 ¹,
1123 658 1249 722 eodem
1269 667 1430 739 tempore
1450 659 1510 722 ad·

274 763 409 829 ‘missus
433 772 498 829 est.
515 765 755 830 Concionator
770 765 878 830 etiam
906 764 964 829 hic
984 773 1062 828 erat
1082 772 1287 846 veteranus;
1307 774 1402 830 totos
1417 767 1511 831 enim

278 871 407 953 viginti
430 890 543 936 annos
564 873 646 937 huic
666 873 862 938 ministerio
884 890 965 937 curn
983 890 1057 936 non
1077 871 1249 936 mediocri
1268 874 1345 937 zelo
1366 873 1513 945 honoris

275 975 346 1042 Dei
365 979 548 1058 tribuerat;
571 980 626 1042 vir
645 979 719 1060 jam
738 977 1085 1062 quinquagenarius,
1106 989 1142 1043 et
1160 980 1197 1043 in
1215 997 1284 1060 quo
1300 981 1512 1061 evangeliea

277 1095 471 1167 paupertas
485 1103 529 1149 ac
543 1087 689 1150 libertas
704 1086 899 1166 conspicua
914 1095 1004 1166 erat,
1020 1093 1055 1150 et
1069 1103 1136 1167 pro
1150 1087 1311 1168 praemio
1322 1088 1512 1152 multorum

275 1191 440 1256 laborum
460 1193 526 1256 fuit
545 1193 705 1257 habitum
725 1193 821 1274 quod
842 1192 887 1257 ad
908 1191 1122 1257 Societatem
1143 1211 1164 1256 a
1184 1192 1339 1257 Domino
1362 1203 1514 1258 vocatus

275 1297 396 1376 fuerit,
413 1308 447 1361 et
461 1298 555 1364 fama
572 1297 674 1380 hujus
689 1300 874 1378 ingressus
890 1297 1031 1382 [sparsa
1046 1297 1111 1381 est]
1128 1300 1165 1363 in
1180 1299 1293 1363 tribus
1307 1300 1378 1364 iilis
1390 1301 1513 1381 regnis

277 1403 498 1484 Aragoniae,
515 1405 748 1470 Catalauniae
766 1415 801 1470 et
815 1402 1017 1486 Valentiae,
1031 1407 1207 1486 inquibus
1221 1407 1428 1471 notissimus
1441 1408 1512 1472 fue·

275 1519 345 1575 rat.
362 1511 429 1575 Hic
444 1510 508 1576 Dr.
525 1511 698 1577 Verdolai
711 1513 750 1577 P.
767 1513 910 1593 ignatio
926 1511 1113 1576 familiaris
1128 1512 1318 1593 aliquando
1332 1513 1461 1593 fuerat,
1478 1523 1513 1579 et

274 1618 325 1683 ad
335 1617 549 1683 Societatem
560 1637 640 1684 eum
648 1620 825 1684 adducere
837 1619 1059 1701 cupierat,ut
1070 1637 1116 1683 ex
1128 1616 1205 1698 ejus
1216 1619 1343 1683 litteris
1354 1621 1401 1684 ad
1410 1638 1512 1702 prae·

273 1726 412 1790 dictum
425 1725 596 1790 Verdolai
611 1728 807 1804 constabat,
823 1743 912 1808 quas
926 1727 984 1790 ille
999 1743 1109 1806 penes
1122 1743 1161 1789 se
1176 1724 1446 1806 diligentissime
1458 1745 1513 1792 as-

280 1833 459 1910 servabat,
476 1843 510 1896 et
524 1835 572 1897 ita
585 1832 736 1898 Romam
751 1834 808 1898 ille
824 1833 869 1898 ad
884 1833 923 1897 P.
939 1833 1119 1913 ignatium
1129 1832 1252 1897 venire
1265 1835 1512 1916 constituerat,

279 1948 314 2002 et
328 1955 409 2002 cum
423 1942 491 2005 iter
504 1941 550 2004 ad
565 1939 632 2004 hoc
645 1939 762 2022 'ipsum
777 1939 980 2004 Barcinona
994 1939 1217 2019 instituisset,
1230 1957 1364 2020 paucos
1377 1940 1452 2005 dies
1464 1941 1514 2005 ibi

279 2056 531 2125 commoratus,
551 2047 672 2111 nescio
698 2065 848 2128 quorum
873 2063 994 2125 suasu,
1022 2047 1237 2110 sententiam
1257 2049 1422 2127 mutavit;
1448 2048 1512 2113 sed

277 2161 415 2233 postea,
432 2151 636 2218 Valentiam
650 2152 803 2233 redienS,
821 2152 1038 2217 Societatem
1049 2161 1103 2216 est
1114 2153 1309 2233 ingressus.

337 2257 428 2322 2231.
472 2259 657 2324 Aiiocutus
672 2261 787 2324 fuerat
802 2259 897 2324 hunc
913 2260 1031 2323 virum
1045 2260 1085 2323 P.
1102 2259 1264 2340 Baptista
1278 2259 1303 2339 ¹,
1320 2269 1354 2324 et
1369 2260 1514 2326 rationi·

276 2367 344 2430 bus
364 2385 444 2430 eum
465 2368 718 2446 convincebat,
741 2367 834 2449 quod
857 2367 998 2447 ingredi
1018 2365 1232 2430 Societatem
1248 2367 1406 2442 deberet;
1430 2369 1527 2449 quia.

274 2483 397 2537 tamen
411 2474 504 2554 apud
519 2492 557 2538 se
572 2475 727 2538 nondum
743 2475 999 2553 constituebat,
1021 2491 1068 2537 an
1088 2473 1125 2536 id
1145 2473 1343 2553 expediret,
1364 2474 1473 2539 scribi
1491 2494 1512 2538 a

276 2579 315 2643 P.
335 2579 479 2644 Vicario
492 2581 624 2662 aliquid
640 2581 752 2645 eidem
769 2582 927 2662 optabat,
944 2580 1020 2654 sed,
1033 2589 1071 2644 ut
1087 2578 1252 2658 diximus,
1266 2581 1302 2643 in
1314 2579 1511 2662 Collegium

278 2687 509 2752 Valentinum
523 2691 628 2769 paulo
643 2700 722 2770 post
738 2688 915 2753 admissus
929 2698 994 2752 est.

336 2795 428 2859 2232.
472 2795 560 2861 Cum
576 2798 681 2877 bona,
697 2814 760 2877 per
776 2806 926 2861 mortem
940 2796 1085 2861 Domini
1101 2796 1196 2860 Petri
1211 2794 1445 2859 Domenech⁸
1464 2797 1511 2859 ad

274 2902 428 2983 Collegii
448 2902 631 2967 Valentini
653 2904 871 2968 dotationem
895 2904 1076 2982 reditura,
1093 2913 1128 2966 et
1154 2904 1243 2981 alia,
1270 2921 1316 2966 ex
1340 2901 1513 2966 heredita·

277 3019 314 3073 te
330 3018 488 3073 materna
505 3012 550 3075 ad
573 3011 688 3091 ipsum
710 3010 748 3074 Ρ.
772 3012 1031 3091 Hieronymum
1052 3010 1263 3074 Domenech
1284 3010 1510 3091 pertinentia,

278 3133 370 3199 quae
395 3126 476 3181 ante
501 3118 758 3199 professionem
783 3118 943 3198 Collegio
968 3119 1183 3195 donaverat,
1208 3126 1470 3197 occuparentur
1490 3136 1512 3181 a

197 3244 201 3257 ’
277 3224 360 3287 D.¹¹⁸
378 3222 589 3304 Magdaiena
606 3225 791 3305 Angelica,
808 3224 984 3306 quaejam
998 3234 1188 3306 nupserat;
1205 3225 1318 3288 donec
1338 3207 1512 3288 elucesce-

276 3339 331 3393 ret
344 3329 391 3411 id,
407 3331 501 3412 quod
512 3330 590 3412 jure
606 3332 681 3395 iieri
697 3332 857 3410 debebat,
874 3344 908 3396 et
923 3332 1129 3395 facultatem
1146 3332 1253 3395 etiam
1269 3331 1416 3395 haberet
1432 3331 1511 3396 Col·

274 3438 408 3517 legium
423 3437 468 3501 ad
482 3438 664 3519 praedicta
679 3439 773 3503 bona
788 3439 984 3519 retinenda,
1005 3456 1096 3518 quae
1116 3458 1161 3502 ex
1179 3457 1288 3502 manu
1311 3447 1451 3502 mortua
1466 3437 1512 3501 ad

278 3561 422 3608 manum
436 3554 611 3609 mortuam
627 3545 814 3609 transferri
829 3564 874 3608 ex
888 3546 982 3609 bona
998 3555 1099 3625 parte
1115 3545 1300 3619 debebant;
1319 3545 1511 3626 quamdam

278 3652 451 3715 rationem
465 3652 543 3715 iniit
558 3652 595 3715 P.
609 3652 736 3733 Miron,
757 3663 796 3716 ut
816 3652 930 3733 major
945 3660 1149 3716 nostrorum
1165 3668 1335 3715 numerus
1349 3652 1386 3714 in
1401 3651 1511 3715 Colle·

276 3758 339 3837 gio
354 3756 557 3839 Valentino,
574 3769 767 3840 quamtum
782 3759 991 3838 habebatur,
1009 3760 1058 3822 ali
1071 3767 1203 3839 posset.
1221 3757 1326 3821 Ratio
1339 3767 1458 3821 autem
1470 3774 1513 3820 ea

277 3864 358 3944 fuit,
381 3866 475 3946 quod
493 3866 594 3929 multi
616 3866 761 3929 nomina
782 3883 846 3929 sua
870 3864 1060 3946 dederunt,
1089 3874 1123 3929 et
1145 3882 1214 3944 pro
1237 3863 1513 3945 uniuscujusque

275 3971 424 4035 arbitrio
447 3972 639 4053 quamdam
658 3973 831 4053 pecuniae
854 3989 1030 4035 summam
1050 3971 1095 4036 ad
1115 3981 1323 4035 nostrorum
1340 3978 1515 4035 sustenta·

275 4079 409 4142 tionem
425 4079 639 4155 conferrent;
657 4088 788 4143 etcum
804 4076 1050 4142 aedificatione
1075 4094 1198 4141 eorum
1221 4078 1380 4141 omnium
1398 4077 1436 4141 id
1457 4074 1514 4141 fie-

318 4354 327 4387 ¹
356 4354 384 4399 P.
394 4354 506 4407 Joannes
515 4354 657 4412 Verdolay.
668 4356 736 4400 Vide
751 4367 817 4410 qnae
832 4356 864 4399 de
879 4356 929 4399 hoc
943 4356 1002 4398 viro
1016 4354 1116 4409 scripta
1130 4359 1192 4398 sunt
1206 4364 1295 4408 supra,
1305 4359 1328 4398 t.
1344 4366 1381 4408 iv,
1391 4352 1513 4409 prauis.

274 4436 302 4470 n.
312 4424 360 4481 7³⁶,
373 4432 460 4472 annot.
468 4428 488 4479 i,
497 4428 541 4471 ubi
551 4427 647 4472 dicitur
657 4438 673 4471 a
684 4426 814 4472 societate
825 4426 851 4471 in
862 4426 1030 4471 carthusiam
1040 4427 1131 4470 deinde
1143 4426 1289 4470 transiisse.

318 4497 330 4529 ²
357 4496 385 4542 P.
395 4497 516 4553 Baptista
527 4500 557 4543 de
569 4498 677 4543 Barms.
969 4501 975 4508 '

275 4602 279 4615 .
317 4566 336 4598 θ’
356 4568 480 4614 Dominus
489 4570 743 4615 Petrus'Do'mene'ch
758 4571 815 4615 erat
826 4576 902 4625 pater
917 4570 999 4614 nostri
1016 4568 1166 4623 Hieronymi
1183 4568 1340 4621 Domeneeh,
1351 4568 1445 4623 dequo
1459 4567 1519 4623 pin·

275 4638 346 4684 rima
358 4640 383 4683 in
394 4638 533 4696 Epistoiae
544 4641 657 4697 Mixiae,
668 4647 687 4685 t.
697 4652 716 4698 1,
727 4642 832 4697 passim,
843 4642 886 4687 nbi
899 4642 1028 4696 agiturne
1038 4642 1112 4685 domo
1127 4640 1273 4696 valentine.
