3642 5350
355 392 408 453 1⁴4
811 390 939 453 Canon.
958 390 1035 451 Soc.
1053 390 1124 465 Jns.

354 546 487 619 serunt,
504 547 542 601 ut
560 555 633 601 non
654 538 706 601 eis
726 537 912 601 audiendis
932 545 1051 619 posset
1075 533 1115 602 P.
1140 536 1346 600 Ludovicus
1361 535 1533 611 sufficere3
1550 544 1586 600 et

355 663 436 710 cum
450 645 605 710 fructum
622 644 767 709 uberem
787 642 1098 724 animadverteret,
1114 644 1278 726 cupiebat
1293 660 1404 725 usque
1427 644 1473 707 ad
1493 642 1585 723 Qua·

354 752 593 832 dragesimam
607 752 654 815 ibi
669 769 824 830 manere,
841 761 876 815 et
891 751 1097 815 facultatem
1112 768 1133 814 a
1148 750 1187 815 P.
1207 751 1346 831 ignatio
1367 751 1528 830 obtinuit,
1546 758 1584 814 ut

354 860 484 924 ibidem
499 860 632 941 aliquot
648 859 763 922 adhuc
777 859 853 923 dies
873 861 1089 924 extraheret.

412 966 483 1031 528.
526 966 678 1047 Quidam
689 966 874 1046 Sacerdos,
891 968 951 1047 qui
963 985 1042 1031 eum
1054 975 1093 1030 ut
1107 967 1272 1031 Aresium
1286 966 1424 1031 veniret
1439 967 1584 1047 impule-

355 1084 422 1155 rat,
439 1076 597 1139 eruditus
611 1092 654 1138 ac
669 1075 758 1154 piuS,
775 1074 983 1153 religionem
997 1076 1137 1155 ingredi
1152 1075 1298 1156 optabat
1313 1083 1348 1137 et
1367 1074 1412 1137 ad
1427 1073 1582 1137 Societa-

354 1193 426 1250 tem
441 1192 518 1247 erat
533 1183 636 1246 valde
650 1198 860 1263 propensus
874 1182 937 1246 sed
948 1191 1092 1263 propter
1104 1182 1394 1263 impedimentum
1405 1179 1582 1261 quoddam

356 1290 532 1354 admissus
543 1307 614 1354 non
625 1298 692 1352 est.

413 1397 485 1461 529.
528 1397 680 1478 Quidam
696 1398 798 1477 aliuS,
815 1398 860 1461 ad
871 1397 1105 1462 ministerium
1116 1395 1363 1477 coadjutorum
1374 1398 1532 1475 idoneus,
1546 1413 1585 1459 se

251 1587 254 1595 .
355 1504 523 1571 Societati
538 1505 673 1569 obtulit.

413 1612 484 1677 530.
527 1613 709 1678 Exercitia
735 1614 935 1696 spiritualia
959 1614 1169 1694 quibusdam
1193 1613 1438 1676 sacerdotibus
1458 1629 1583 1693 propo·

355 1738 440 1784 nere
454 1722 576 1799 voluit;
592 1720 654 1785 sed
669 1722 729 1784 uni
741 1730 878 1785 tantum
898 1721 1092 1802 proposuit,
1110 1720 1274 1801 quamvis
1293 1720 1372 1784 aliis
1389 1718 1585 1784 meditatio·

358 1846 422 1891 nes
437 1828 610 1909 quasdam
624 1829 733 1893 dedit.

414 1935 485 1999 531.
529 1935 619 2000 Cum
644 1945 762 1999 autern
780 1944 861 2016 post
882 1937 1124 2015 vespertinum
1147 1936 1299 2001 officium
1323 1936 1529 1999 scholastici
1549 1935 1585 1998 in

355 2042 499 2107 modum
513 2043 656 2123 dialogi,
682 2055 787 2124 prout
807 2060 828 2106 a
849 2042 887 2107 P.
904 2041 1088 2108 Ludovico
1107 2044 1270 2107 instructi
1290 2053 1404 2121 erant,
1425 2042 1583 2106 christia·

355 2167 439 2214 nam
454 2151 653 2215 doctrinam
665 2151 802 2232 publice
813 2152 1035 2230 recitassent,
1048 2151 1158 2230 civeS,
1176 2152 1234 2232 qui
1249 2151 1452 2232 frequentes
1467 2150 1586 2213 admo·

355 2259 439 2322 dum
447 2259 668 2339 spectabant,
682 2259 830 2322 multum
842 2258 923 2321 inde
936 2257 1191 2323 aedificationis
1203 2267 1237 2322 et
1248 2259 1406 2322 laetitiae
1417 2274 1586 2337 concepe-

355 2374 438 2429 runt
462 2375 503 2439 et,
521 2366 657 2446 gratias
672 2365 711 2430 P.
736 2365 922 2430 Ludovico
949 2376 1116 2446 egerunt,
1142 2366 1202 2447 qui
1227 2366 1289 2429 tali
1315 2366 1477 2429 doctrina
1503 2381 1587 2428 suos

355 2472 446 2537 filios
465 2473 693 2537 instruxerat.
710 2471 848 2538 Aderat
866 2481 901 2537 et
922 2472 1103 2552 Vicarius,
1125 2473 1184 2554 qui
1204 2474 1352 2537 multum
1374 2471 1586 2536 consolatio·

355 2580 411 2644 nis
425 2581 532 2644 etiam
553 2580 760 2661 accipiebat.

414 2687 486 2752 532.
529 2689 701 2769 Quamvis
724 2698 842 2754 autem
861 2690 1126 2770 significaverat
1149 2689 1306 2754 Aretinis
1324 2707 1363 2753 se
1387 2690 1493 2770 paulo
1513 2687 1585 2751 diu·

356 2796 425 2860 tius
440 2797 534 2875 apud
548 2814 609 2860 eos
635 2814 852 2878 mansurum,
868 2806 1031 2861 sanctam
1049 2797 1286 2860 obedientiam
1307 2796 1500 2861 obtendens
1522 2796 1586 2859 eis·

356 2903 436 2967 dem
450 2902 630 2984 valedixit,
654 2903 750 2985 prius
767 2913 886 2968 tamen
901 2907 1093 2968 multorum
1108 2904 1388 2968 confessionibus
1404 2904 1535 2967 auditis
1551 2911 1586 2967 et

355 3009 473 3074 fructu
487 3029 557 3076 non
571 3011 782 3092 poenitendo
797 3014 957 3076 collecto.

413 3117 485 3181 533.
528 3117 703 3183 Sacerdos
717 3120 859 3201 quidam
872 3118 1025 3199 juveniS,
1047 3120 1106 3182 ubi
1126 3137 1284 3184 sororem
1304 3120 1340 3182 in
1362 3119 1587 3183 matrimonio

358 3227 579 3306 collocasset,
596 3225 765 3290 Societati
781 3244 818 3290 se
833 3235 947 3291 totum
959 3227 1088 3291 dedere
1104 3225 1220 3308 [velle]
1237 3226 1464 3306 significavit.

416 3333 487 3397 534.
531 3331 718 3398 Referebat
751 3334 919 3399 Vicarius
952 3351 1133 3416 nunquam
1167 3352 1206 3398 se
1233 3343 1370 3398 tantum
1404 3333 1587 3397 hominum

358 3457 571 3505 concursum
601 3443 647 3505 ad
684 3443 830 3506 verbum
856 3441 926 3505 Dei
958 3441 1170 3505 audiendum
1202 3440 1350 3520 vidisse,
1377 3453 1412 3504 et
1436 3440 1504 3504 illis
1529 3441 1587 3504 tri·

357 3547 456 3628 ginta
472 3559 505 3612 et
524 3549 636 3613 tribus
658 3549 792 3628 diebus,
820 3565 908 3630 quos
929 3548 1047 3612 Aresii
1072 3548 1202 3628 exegit,
1225 3557 1298 3611 tam
1323 3548 1400 3628 ipse
1420 3547 1587 3612 Vicarius

357 3672 464 3737 quam
482 3656 647 3720 nobilitas
667 3667 752 3737 tota,
775 3655 850 3736 ejus
870 3655 1100 3720 concionibus
1120 3656 1291 3719 intererat
1311 3654 1497 3719 dominicis
1517 3655 1587 3718 die-

358 3762 434 3843 bus;
457 3762 592 3828 feriatis
613 3765 721 3828 etiam
746 3764 847 3828 multi
872 3763 977 3827 simul
997 3781 1079 3827 cum
1103 3762 1340 3843 scholasticis,
1365 3772 1400 3826 et
1424 3763 1588 3843 quamvis

358 3879 497 3950 tempus
521 3881 614 3935 esset
639 3871 891 3953 carnis-privii,
918 3888 989 3934 non
1016 3870 1203 3934 minusad
1231 3879 1456 3934 sacramenta
1481 3887 1588 3951 quam

358 3986 516 4058 tempore
531 3978 835 4059 Quadragesimae
850 3980 1012 4042 homiues
1028 3979 1298 4057 conveniebant,
1327 3989 1362 4042 et
1383 3980 1513 4043 multas
1527 3979 1586 4042 ho·

359 4103 419 4148 ras
434 4085 543 4165 aliqui
557 4087 792 4168 expectabant
807 4095 845 4150 ut
860 4085 897 4150 P.
914 4085 1098 4150 Ludovico
1113 4095 1258 4166 possent
1274 4085 1445 4150 confiteri.

418 4193 489 4255 535.
533 4193 633 4256 Multi
647 4194 896 4274 promiserunt,
913 4193 1019 4256 immo
1034 4201 1069 4256 et
1083 4201 1286 4273 coeperunt,
1307 4193 1410 4258 solito
1429 4194 1590 4258 crebrius

361 4298 521 4364 confiteri
536 4309 570 4363 et
582 4301 854 4381 communicare;
871 4301 930 4364 alii
946 4309 1075 4380 autem,
1097 4301 1159 4381 qui
1179 4300 1380 4381 frequenter
1397 4310 1590 4382 coeperant

361 4407 406 4468 ad
432 4417 656 4471 sacramenta
685 4409 854 4473 accedere
881 4417 916 4471 et
945 4408 1282 4472 contradictionibus
1306 4408 1587 4489 deterrebantur,

362 4515 592 4579 concionibus
607 4516 682 4596 ejus
696 4527 731 4579 et
745 4516 955 4580 lectionibus
970 4516 1116 4580 animati
1130 4517 1284 4582 fuerunt.

420 4621 490 4684 536.
535 4622 687 4702 Quidam
702 4624 836 4704 equites
851 4624 1003 4705 hispani,
1023 4625 1085 4706 qui
1106 4625 1152 4688 ibi
1174 4628 1424 4709 versabantur,
1448 4627 1587 4694 concio·
