3642 5350
731 462 795 524 Αιι.
817 462 887 523 1500
1371 460 1425 523 813

192 626 289 692 ιιιιιιι,
305 618 340 677 et
355 612 443 677 satis
457 611 706 691 barbararum,
730 609 793 675 sed
811 627 903 691 quae
920 608 1026 674 facile
1044 609 1272 690 evangelium
1289 609 1422 691 recipe·

191 727 282 800 rent,
299 719 331 785 si
344 720 397 783 eis
412 718 694 784 annuntiaretur.

252 823 344 891 3480.
386 825 426 891 Ιιι
451 826 566 892 insula
590 825 706 891 Mauri
730 842 837 907 supra
863 824 991 906 viginti
1012 825 1120 889 millia
1146 825 1422 891 christianorum

193 950 270 999 esse
289 934 360 999 hoc
378 942 536 1016 tempore
555 933 782 1016 putabantur;
803 942 839 997 et
860 933 980 997 multis
1001 942 1204 998 nostrorum
1226 933 1420 1010 laboribus,

192 1058 284 1123 quae
308 1040 354 1105 ad
378 1040 482 1107 fidem
507 1041 739 1107 christianam
763 1041 952 1122 pertinent,
978 1041 1104 1106 melius
1125 1041 1291 1120 retinent,
1314 1058 1420 1121 quam

192 1149 276 1213 olim
289 1149 466 1229 solebant;
483 1157 517 1213 et
531 1148 665 1214 nostris
683 1147 787 1213 fidem
807 1148 1002 1213 maximam
1020 1148 1209 1226 habebant,
1231 1155 1266 1213 et
1285 1166 1346 1212 eos
1367 1166 1421 1213 re·

193 1256 419 1335 verebantur,
436 1263 625 1338 postquam
646 1256 775 1321 acerba
790 1254 945 1337 quadam
958 1254 1158 1337 punitione,
1174 1255 1219 1320 de
1234 1272 1303 1337 qua
1320 1271 1421 1337 supe·

192 1362 343 1429 rioribus
362 1364 466 1428 annis
479 1363 619 1444 egimus
635 1360 661 1442 ¹,
681 1381 703 1426 a
722 1361 801 1427 Deo
820 1362 989 1444 castigati
1002 1362 1156 1428 fuerunt.
1173 1360 1421 1444 Quadraginta

190 1488 255 1535 sex
269 1470 422 1552 populos
440 1470 717 1535 christianorum
735 1470 880 1550 habent,
903 1470 995 1534 alios
1016 1468 1181 1551 majores,
1201 1471 1291 1535 alios
1311 1471 1421 1535 mino·

190 1594 259 1643 res:
277 1577 323 1642 ad
336 1578 581 1661 septingentas
593 1576 749 1643 familias
763 1577 872 1659 aliqui
887 1561 1010 1643 eorum
1024 1576 1210 1659 accedunt;
1222 1576 1286 1642 sed
1296 1596 1420 1644 eorum

192 1685 377 1751 multitudo
392 1686 502 1750 multo
517 1682 631 1766 major
644 1684 783 1767 luisset,
799 1684 868 1749 nisi
887 1684 1027 1766 Regum
1040 1701 1295 1751 saracenorum
1315 1684 1421 1750 timor

191 1802 226 1858 et
240 1802 443 1881 nostrorum
459 1793 704 1875 operariorum
717 1793 879 1875 paucitas
890 1792 1096 1874 obstitisset3
1111 1810 1178 1858 nec
1192 1794 1287 1858 enim
1298 1793 1360 1857 alii
1374 1792 1420 1858 ad
1453 1850 1456 1853 ,

190 1917 253 1966 eos
263 1898 452 1981 juvandos,
469 1899 563 1983 quod
578 1900 769 1965 insalubris
782 1900 827 1965 sit
842 1906 917 1979 aer,
930 1918 972 1964 eo
986 1916 1026 1965 se
1040 1900 1237 1965 conferunt.
1315 1926 1318 1930 ·

247 2006 339 2073 3481.
382 2008 557 2090 Quamvis
575 2017 695 2074 autem
716 2008 829 2073 nostri
854 2007 1043 2089 diligenter
1063 2009 1145 2073 loca
1168 2009 1362 2074 circuirent
1383 2018 1419 2074 et

73 2128 77 2135 ·
188 2116 387 2197 visitarent,
403 2117 596 2198 aliquando
610 2116 766 2182 infantes
780 2124 864 2181 ante
878 2116 1037 2198 ipsorum
1052 2116 1245 2182 adventum
1260 2116 1337 2182 sine
1358 2117 1419 2182 ba·

188 2224 318 2305 ptismo
332 2223 562 2311 decedebant.
578 2224 634 2288 Ex
647 2241 719 2289 una
733 2233 835 2305 parte
849 2223 941 2304 Regi
956 2222 1145 2304 Ternatae,
1167 2242 1213 2289 ex
1231 2225 1302 2289 alia
1325 2224 1416 2305 Regi

189 2332 310 2397 Gilioli
324 2330 453 2396 subditi
468 2341 586 2411 erant;
603 2330 710 2395 ethic
724 2331 901 2413 posterior
912 2330 1127 2395 christianos
1141 2332 1247 2396 valde
1261 2331 1419 2414 aliquan·

188 2438 234 2504 do
249 2448 458 2521 persecutus
473 2446 526 2503 est
541 2438 564 2501 ¹.

247 2544 338 2611 3482.
382 2546 470 2611 Erat
483 2546 635 2628 populus
654 2544 798 2627 quidam
818 2545 926 2610 trium
943 2544 1092 2610 millium
1106 2543 1342 2626 familiarum,
1358 2562 1419 2610 no·

188 2654 282 2721 mine
297 2654 384 2720 Tolo
398 2650 422 2738 ⁸,
438 2654 499 2738 qui
513 2654 546 2734 (a
560 2652 629 2719 fide
644 2652 839 2719 christiana
851 2652 1058 2719 recedentes
1070 2653 1115 2719 ob
1125 2654 1337 2720 vexationes
1351 2652 1416 2718 Re·

188 2764 244 2845 gis
259 2763 389 2844 Gilioli,
406 2772 441 2828 et
454 2762 570 2828 eidem
583 2761 758 2844 quaedam
773 2762 904 2826 tributa
920 2763 1112 2839 solventes,
1128 2762 1191 2826 sed
1204 2760 1338 2842 judicio
1349 2760 1418 2827 Dei

189 2870 368 2951 castigati,
397 2879 435 2935 ut
462 2869 617 2935 diximus
643 2867 666 2947 ⁴,
697 2869 888 2934 admodum
911 2871 1060 2950 severe),
1087 2869 1134 2934 ad
1158 2869 1340 2935 Christum
1365 2887 1417 2934 re·

189 2978 339 3044 dierunt.

247 3085 339 3152 3483.
382 3084 461 3152 Νοιι
475 3085 636 3150 omittam
650 3085 745 3167 quod
760 3083 891 3150 accidit
905 3085 1044 3150 duobus
1063 3085 1263 3150 hominibus
1282 3105 1327 3151 ex
1347 3087 1416 3151 hac

189 3194 383 3277 provincia,
400 3211 470 3275 quo
484 3203 643 3275 tempore
654 3191 758 3257 fidem
772 3193 999 3274 reliquerant.
1013 3193 1103 3258 Cum
1118 3193 1211 3258 enim
1223 3194 1417 3275 imaginem

187 3303 227 3368 B.
256 3302 417 3383 Virginis
441 3301 577 3366 Mariae
601 3317 682 3364 cum
707 3297 836 3380 injuria
861 3301 1136 3382 percussissent,
1163 3301 1267 3366 alteri
1291 3319 1416 3367 eorum

188 3427 314 3476 manus
326 3420 475 3492 utraque
490 3409 668 3474 assiccata
681 3407 758 3488 suit,
772 3417 806 3472 et
817 3409 986 3490 paulatim
999 3418 1221 3490 consumpta,
1235 3410 1324 3474 alter
1335 3427 1416 3476 cum
1524 3433 1532 3449 ’

187 3519 234 3584 ad
248 3535 359 3600 mare,
374 3528 414 3583 ut
434 3533 472 3581 se
491 3519 647 3597 lavaret,
672 3513 735 3597 [se]
756 3515 979 3594 contulisset,
1002 3516 1112 3597 piscis
1131 3517 1288 3598 quidam,
1311 3535 1417 3599 quem

187 3643 292 3692 acum
306 3635 448 3706 vocant,
464 3632 571 3706 caput
586 3621 662 3704 ejus
680 3634 883 3706 penetranS,
900 3623 1079 3688 hominem
1093 3624 1234 3689 occidit.

245 3733 338 3799 3484.
380 3733 484 3798 Hunc
497 3732 658 3797 ordinem
669 3733 705 3795 in
715 3729 885 3796 docendis
894 3731 1096 3797 hominibus
1106 3732 1220 3797 nostri
1234 3733 1413 3813 tenebant,

187 3842 237 3923 (hi
250 3851 369 3908 autem
383 3841 430 3906 ad
444 3849 584 3921 tempus
597 3838 740 3903 fuerunt
753 3837 792 3902 P.
814 3839 972 3921 Joannes
990 3837 1034 3904 de
1052 3838 1177 3919 Veyra
1192 3849 1227 3904 et
1246 3838 1417 3904 Nicolaus

186 3949 359 4031 Nugnez),
375 3958 414 4013 ut
432 3965 536 4013 mane
553 3962 677 4011 omnes
698 3956 1018 4028 congregarentur,
1034 3958 1226 4029 antequam
1245 3948 1292 4013 ad
1307 3965 1416 4029 agros

186 4059 336 4138 exirent,
352 4065 388 4120 et
402 4066 486 4121 tunc
500 4054 570 4119 illis
584 4054 869 4134 declarabantur,
883 4072 976 4136 quae
986 4055 1032 4120 ad
1044 4055 1299 4120 catechismum
1310 4057 1414 4138 perti-

186 4175 281 4243 nent;
298 4175 333 4230 et
347 4164 447 4229 multi
461 4181 507 4228 ex
520 4163 639 4244 pueris
653 4159 857 4226 satis'erant
872 4161 1051 4244 instructi;
1070 4171 1106 4226 et
1120 4175 1198 4227 erat
1212 4164 1340 4246 aliquis
1357 4163 1416 4229 de·

227 4372 236 4406 ¹
264 4371 304 4417 De
313 4371 354 4416 ht·
363 4370 419 4426 egit
429 4369 565 4418 Polencns,
574 4373 691 4423 nuptm.
706 4377 734 4418 ιι,
745 4378 805 4422 pag.
812 4365 914 4422 76οπ2,
921 4378 946 4412 n.
954 4367 1053 4413 740747.
1060 4367 1129 4413 Vide
1136 4369 1216 4414 etlam
1224 4368 1347 4424 Βιιτοιι,
1357 4368 1376 4413 4.
1383 4380 1416 4423 o,

186 4447 230 4491 lib.
240 4456 277 4501 vt,
289 4457 313 4490 n.
326 4445 370 4488 1-3.

223 4517 236 4550 ¹
262 4515 342 4572 lnlra,
353 4527 377 4562 n.
386 4514 449 4571 0405,
462 4514 515 4559 elle
525 4512 681 4558 describitur
696 4513 824 4558 adversus
838 4511 995 4558 chrlrtleuoe
1004 4515 1139 4560 abeodem
1152 4515 1224 4573 Rege
1234 4522 1306 4561 note
1315 4514 1414 4560 nevis·

184 4591 251 4635 elma
261 4588 416 4646 persecutio.
1471 4579 1474 4586 '

224 4663 237 4696 δ
263 4661 330 4708 Vide
340 4673 428 4717 snpra,
440 4666 458 4706 t.
469 4671 507 4714 ιιι,
517 4671 578 4716 pag.
588 4658 638 4716 490,
649 4671 673 4704 ιι.
685 4657 746 4704 1040.

224 4738 236 4769 ⁴
263 4733 332 4780 Loco
342 4745 425 4789 anper
434 4733 525 4788 citato,
535 4732 644 4787 ncillcet,
656 4737 676 4777 t.
686 4741 713 4786 ιι,
723 4741 785 4788 pag.
795 4729 896 4786 70)·771,
907 4743 933 4776 n.
942 4731 1042 4778 744746.
