3642 5350
357 418 409 479 102
812 418 940 480 Canon.
961 416 1037 479 Soc.
1058 418 1129 492 Jss.

416 564 486 628 351.
529 564 670 629 Classes
685 565 793 629 etiam
810 565 1107 629 scholasticorum
1123 565 1170 628 ad
1188 564 1278 629 duas
1298 564 1465 628 redactae
1485 573 1582 628 sunt.

356 672 522 737 Esculum
539 672 547 703 ¹
562 673 661 736 missi
673 671 814 737 fuerant
832 671 902 736 duo
918 673 976 737 vel
986 682 1072 752 treS,
1087 672 1179 736 inter
1197 688 1287 751 quos
1301 680 1378 735 erat
1392 672 1584 736 conciona-

355 789 412 843 tor
425 780 502 860 ipse
515 780 749 859 Lauretanus;
766 780 829 844 sed
842 794 924 843 cum
938 780 1057 843 omnia
1071 778 1232 843 classicis
1247 796 1290 842 ac
1306 779 1400 843 tubis
1412 796 1583 859 persona·

355 898 434 951 rent
447 896 591 968 propter
605 888 751 951 bellicos
767 889 948 966 tumultus,
965 887 1086 951 statim
1101 887 1293 950 redierunt.
1309 886 1448 950 Bonum
1463 896 1582 951 tamen

356 993 501 1058 odorem
526 992 713 1058 Societatis
737 995 785 1059 ibi
809 996 1038 1075 reliquerunt,
1065 1011 1147 1058 cum
1169 993 1291 1058 decem
1313 1002 1374 1057 aut
1398 994 1584 1059 duodecim

355 1110 493 1166 tautum
508 1102 584 1166 dies
599 1101 646 1165 ibi
660 1113 778 1165 essent
794 1102 1018 1165 commorati.

415 1208 487 1273 352.
530 1208 619 1273 Cum
633 1209 713 1273 aliis
728 1209 797 1272 alio
814 1210 931 1273 missis
946 1208 1090 1290 quidam
1109 1208 1324 1273 Franciscus
1343 1207 1452 1287 Diaz,
1469 1208 1584 1289 hispa-

355 1334 433 1396 nus,
449 1332 602 1397 magnae
618 1316 781 1395 puritatis
795 1332 838 1379 ac
852 1316 1005 1380 fervoris
1016 1314 1168 1395 juvenis,
1183 1316 1313 1379 missus
1331 1315 1410 1395 fuit;
1426 1314 1489 1379 sed
1503 1332 1585 1379 cum

356 1442 437 1489 eurn
451 1431 645 1488 retentaret
663 1432 767 1487 vetus
786 1423 960 1502 quaedam
981 1423 1129 1486 tentatio
1154 1425 1212 1486 vel
1238 1421 1452 1486 desiderium
1469 1422 1585 1501 ingre·

356 1531 474 1595 diendi
499 1527 742 1604 carthusiam,
769 1531 939 1594 remissus
958 1538 1012 1593 est
1030 1528 1233 1616 Lauretum.
1256 1529 1295 1593 ln
1320 1528 1446 1592 itinere
1467 1537 1584 1593 autem

356 1637 516 1702 cumsibi
529 1636 710 1700 videretur
726 1637 804 1717 plus
824 1637 912 1700 satis
933 1636 1116 1700 commode
1135 1652 1174 1698 se
1196 1636 1307 1699 vitam
1327 1652 1447 1715 agere,
1464 1637 1585 1716 paula·

356 1745 420 1808 tim
438 1746 640 1824 pecuniam,
661 1761 753 1824 quae
774 1744 807 1807 ei
826 1742 909 1806 data
935 1742 1050 1806 suerat
1068 1744 1105 1805 in
1127 1743 1312 1817 viaticum,
1333 1744 1452 1823 coepit
1470 1742 1583 1807 distri·

355 1851 474 1929 buere,
487 1859 612 1914 etcum
624 1850 711 1914 nihil
721 1851 769 1915 illi
781 1851 954 1932 reliquum
966 1859 1071 1930 esset,
1085 1850 1326 1929 interrogatus
1336 1868 1359 1913 a
1373 1849 1584 1931 quibusdam

355 1958 600 2021 triturantibus
616 1957 830 2021 frumentum
849 1974 957 2039 quam
969 1958 1137 2021 virtutem
1152 1956 1309 2036 haberet,
1328 1956 1518 2035 serviendi,
1535 1957 1585 2019 in·

355 2064 441 2144 quit,
454 2063 598 2140 ¹Christo
610 2075 644 2128 et
657 2063 905 2128 benemerendi
920 2063 964 2127 de
977 2064 1152 2144 proxim03
1174 2073 1208 2127 et
1229 2064 1355 2128 deinde
1376 2072 1511 2144 petens:
1528 2072 1583 2127 est

357 2189 401 2235 ne
415 2171 541 2252 aliquis
555 2172 647 2235 inter
662 2188 729 2235 vos
744 2172 922 2252 indigens?
937 2171 1075 2235 Etcum
1090 2171 1139 2235 illi
1154 2172 1298 2259 quidam
1312 2180 1475 2235 ostensus
1491 2179 1585 2235 esset

357 2294 502 2359 egenus,
519 2280 638 2342 statim
653 2279 750 2343 exuit
764 2295 866 2343 suam
880 2278 1037 2343 tunicam
1048 2288 1082 2342 et
1094 2278 1144 2341 illi
1154 2278 1251 2343 dedit
1262 2295 1305 2342 ac
1320 2278 1423 2342 simul
1436 2277 1482 2342 ad
1496 2278 1585 2342 bene

356 2386 550 2450 vivendum
565 2385 728 2449 hortatus
744 2395 809 2451 est.

416 2494 487 2558 353.
530 2492 746 2574 Supererant
770 2495 819 2557 illi
839 2496 962 2574 calcei,
983 2512 1072 2575 quos
1091 2496 1216 2575 primo,
1233 2494 1293 2574 qui
1312 2494 1439 2557 obrius
1458 2494 1491 2556 ei
1507 2493 1583 2572 suit,

357 2602 462 2668 dedit.
487 2585 725 2682 Proposuerat
750 2602 856 2664 etiam
877 2602 1011 2665 tibialia
1031 2602 1091 2666 alii
1111 2601 1214 2678 dare,
1235 2601 1297 2665 sed
1317 2601 1459 2665 interim
1480 2601 1586 2664 nudis

357 2710 504 2792 pedibus
524 2718 597 2774 tam
617 2707 705 2773 dura
730 2709 789 2772 via
811 2710 881 2790 ipsi
904 2709 981 2773 visa
1007 2719 1071 2786 est,
1093 2719 1131 2772 ut
1155 2709 1306 2790 amplius
1332 2708 1494 2772 incedere
1512 2724 1585 2771 non

357 2826 487 2898 posset.
505 2815 604 2881 Tunc
619 2816 735 2897 coepit
754 2816 979 2880 discretionis
994 2835 1080 2881 suae
1095 2816 1271 2881 desectum
1290 2833 1497 2896 agnoscere,
1514 2823 1584 2902 eta

358 2923 512 2989 Domino
528 2923 698 2987 auxilium
713 2922 878 2986 ardenter
892 2925 1105 3004 postulabat.

418 3023 488 3094 354.
531 3030 656 3110 Coepit
668 3038 785 3092 autem
796 3029 889 3093 intra
901 3047 939 3093 se
951 3032 1070 3094 statim
1082 3031 1584 3112 magnamreprebensionem,

358 3140 494 3221 quasia
509 3138 586 3202 Deo
601 3137 732 3216 datam,
748 3138 1017 3217 persentiscere,
1035 3156 1079 3202 ac
1093 3139 1316 3220 potissimum
1330 3122 1585 3202 demutatione

357 3246 556 3326 religionis,
577 3243 740 3325 quodque
762 3243 988 3308 Carthusiam
1009 3254 1153 3327 propter
1176 3262 1278 3308 suam
1296 3244 1585 3309 commoditatem

357 3361 550 3433 expeteret.
573 3351 617 3416 Et
636 3351 761 3414 deinde
781 3367 950 3430 magnam
976 3353 1083 3416 animi
1108 3353 1388 3416 consolationem
1413 3353 1581 3431 sentiens,

357 3479 422 3526 sua
437 3468 521 3524 vota
535 3461 724 3524 renovavit
739 3471 773 3525 et
795 3461 991 3524 detestatus
1009 3461 1116 3524 estin
1135 3469 1317 3524 aeternum
1337 3477 1458 3524 omnes
1475 3461 1585 3540 phan-

357 3567 478 3646 tasiaS,
495 3585 586 3647 quae
601 3567 706 3631 aliam
722 3568 789 3649 ipsi
804 3568 1010 3648 religionem
1026 3567 1225 3631 suaderent.
1243 3567 1288 3630 Et
1302 3584 1413 3648 usque
1434 3567 1480 3630 ad
1497 3567 1584 3631 illud

357 3686 495 3757 tempus
521 3693 559 3740 se
583 3692 764 3756 nunquam
794 3675 951 3757 perfecte
976 3676 1162 3739 liberatum
1188 3675 1251 3739 tali
1277 3675 1469 3739 tentatione
1497 3675 1582 3738 fate·

357 3786 473 3848 batur.

416 3891 486 3955 355.
530 3892 582 3956 Eo
597 3891 633 3956 in
647 3892 725 3956 loco
741 3893 777 3955 in
792 3891 945 3972 quodam
958 3891 1111 3974 hospitio
1134 3901 1349 3972 pernoctans
1370 3900 1405 3955 et
1425 3891 1588 3955 humani·

357 4010 412 4064 ter
425 4008 605 4080 exceptuS,
621 4017 702 4063 cum
716 3999 898 4064 sudarium
912 4001 991 4062 loco
1005 3999 1109 4080 pretii
1128 3998 1213 4062 dare
1233 3999 1350 4077 vellet,
1372 3998 1535 4078 accipere
1551 3996 1586 4062 id

358 4115 578 4171 recusarunt:
600 4109 761 4187 galerum
777 4123 858 4170 cum
872 4106 1002 4169 calceis
1021 4115 1157 4170 mutare
1178 4106 1301 4184 voluit,
1325 4104 1387 4168 sed
1408 4105 1522 4186 gratis
1543 4104 1588 4168 ob

359 4214 426 4279 Dei
447 4231 604 4278 amorem
624 4214 657 4278 ei
676 4214 798 4278 donati
817 4224 908 4292 sunt,
929 4222 963 4277 et
987 4213 1129 4277 demum
1154 4229 1262 4277 sanus
1287 4222 1322 4276 et
1342 4213 1378 4277 in
1400 4213 1588 4277 vocatione

360 4321 588 4385 confirmatus
602 4322 795 4384 Lauretum
810 4320 973 4401 pervenit
987 4321 1011 4384 ².
1309 4321 1314 4330 '

401 4525 410 4558 ¹
439 4524 490 4578 Sic;
498 4525 593 4570 Ascoii.
605 4524 672 4569 Vide
682 4525 802 4570 Litterae
813 4525 1045 4578 Quadrimesms,
1055 4529 1077 4569 t.
1086 4535 1122 4576 tv,
1133 4534 1195 4579 pag.
1204 4523 1245 4568 580
1253 4530 1278 4568 et
1288 4524 1337 4568 589.

400 4597 411 4629 ¹
438 4595 546 4651 Saepius
556 4597 587 4640 de
598 4597 646 4642 boc
658 4596 798 4642 Francisco
810 4597 874 4642 Disz
890 4597 1003 4655 scripsit,
1019 4608 1052 4641 ex
1067 4596 1126 4642 Vlc.
1140 4595 1206 4641 Gen.
1220 4607 1296 4649 com„
1311 4597 1439 4643 Polsneus
1449 4598 1590 4655 postremis

362 4669 438 4725 nujus
448 4669 508 4713 anni
519 4669 656 4714 mensibus.
