3642 5350
758 458 836 519 'Ara
858 458 929 519 1556
1411 458 1466 521 697

232 604 419 687 plicandae
434 613 469 670 et
484 604 680 670 ministerio
691 613 997 671 sacramentorum
1011 606 1198 687 perutilem
1209 614 1356 689 operam
1367 604 1462 688 oppi-

233 712 346 794 daniS,
363 712 524 778 Ducibus
539 731 582 778 ac
595 712 741 778 familiis
754 729 888 787 eorum,
905 722 941 776 et
955 711 1011 778 his
1024 714 1144 792 etiam,
1161 714 1221 796 qui
1235 714 1272 779 iu
1286 713 1461 779 classibus

235 821 270 884 in
285 838 416 885 novam
430 819 641 903 Hispaniam
656 821 712 885 vel
726 819 818 885 Peru
833 821 1160 902 proficiscebantur,
1176 822 1375 887 navabant.

290 926 382 992 3015.
426 928 714 993 Concionabatur
739 937 857 993 autem
875 928 1081 1009 praedictus
1101 928 1206 994 Pater
1229 929 1406 994 interdum
1426 928 1462 992 in

234 1052 372 1102 summo
397 1037 540 1117 templo,
567 1036 758 1119 aliquando
783 1036 890 1100 etiam
914 1036 951 1099 in
975 1033 1068 1118 foro,
1084 1044 1230 1117 propter
1244 1036 1461 1113 classiarios,

233 1159 383 1224 quorum
401 1160 553 1225 magnus
567 1153 644 1208 erat
664 1158 850 1222 numerus;
866 1143 931 1208 sed
949 1143 985 1207 in
1004 1143 1122 1208 littore
1142 1143 1250 1207 etiam
1270 1143 1462 1224 aliquando

233 1250 381 1315 verbum
400 1249 469 1314 Dei
487 1249 768 1332 proponebatur,
789 1267 833 1314 ac
853 1250 961 1315 etiam
981 1266 1247 1332 nonnumquam
1269 1250 1306 1315 in
1329 1249 1463 1331 palatio

232 1366 312 1422 cum
327 1358 466 1423 illorum
481 1357 865 1423 illustriumhominum
881 1376 952 1422 non
967 1357 1137 1422 mediocri
1152 1356 1286 1438 fructu,
1306 1358 1366 1440 qui
1381 1374 1463 1422 cum

231 1465 272 1530 P.
291 1464 429 1548 Joanne
442 1464 552 1530 Paulo
567 1466 691 1531 intima
706 1482 771 1531 sua
786 1465 943 1547 negotia,
956 1465 1002 1530 ad
1014 1465 1270 1530 conscientiam
1285 1465 1463 1548 pertinen-

232 1573 293 1653 tia,
309 1572 549 1654 conferebant;
565 1573 628 1638 sed
641 1572 737 1637 domi
747 1573 855 1639 etiam
867 1582 1012 1638 nostrae
1023 1572 1210 1639 dominicis
1221 1590 1265 1638 ac
1275 1572 1377 1637 festis
1392 1571 1461 1637 die·

231 1680 296 1744 bus
310 1681 500 1745 conciones
514 1679 747 1757 habebantur,
764 1690 798 1744 et
813 1689 886 1745 tam
901 1681 1051 1761 populus
1070 1697 1178 1761 quam
1196 1680 1309 1763 ipsius
1331 1680 1465 1745 domini

232 1788 364 1868 optime
379 1804 466 1868 erga
481 1796 622 1852 nostros
641 1797 743 1852 erant
759 1786 888 1867 affecti,
904 1804 949 1852 ac
963 1797 1107 1853 nostros
1125 1805 1344 1870 magnopere
1365 1804 1463 1852 reve·

231 1896 411 1959 rebantur.

292 2000 384 2067 3016.
427 2002 629 2086 Aliquando
643 2003 751 2068 etiam
765 2004 970 2085 compuncti
989 2006 1149 2069 nonnulli
1168 2022 1214 2070 ex
1233 2003 1464 2069 concionibus

233 2112 290 2175 vel
310 2111 543 2177 familiaribus
562 2110 746 2193 colloquiis
770 2110 817 2175 ad
832 2110 1091 2177 confessionem
1110 2121 1146 2176 et
1167 2112 1461 2189 communionem,

233 2220 340 2284 etiam
365 2220 434 2285 viri
459 2219 605 2299 nobiles,
633 2219 864 2300 accedebaut;
891 2230 926 2284 et
950 2219 1076 2285 effusio
1091 2221 1350 2302 lacrymarum,
1372 2236 1463 2300 quae

231 2327 338 2391 etiam
353 2327 389 2392 in
403 2328 556 2392 nauticis
571 2327 783 2409 hominibus,
798 2328 949 2392 verbum
963 2326 1030 2392 Dei
1045 2328 1281 2408 audientibus
1295 2327 1461 2391 cerneba-

231 2443 298 2515 tur,
316 2452 423 2516 quam
437 2434 559 2501 intime
575 2451 697 2500 eorum
712 2434 923 2518 praecordia
938 2444 1103 2516 tangeret
1116 2433 1259 2515 gladius
1273 2434 1375 2499 verbi
1396 2432 1464 2498 Dei

235 2542 455 2608 ostendebat.

291 2646 382 2715 3017.
426 2650 703 2717 instituebantur
731 2650 834 2732 pueri
860 2650 1001 2716 festivis
1028 2650 1152 2718 diebus
1176 2660 1256 2734 post
1279 2648 1463 2716 meridiem

233 2775 313 2822 eum
328 2759 479 2824 aliorum
494 2759 706 2842 simplicium
728 2759 909 2824 hominum
925 2759 1114 2839 concursu,
1130 2768 1166 2824 et
1180 2759 1322 2841 quidem
1335 2759 1463 2822 utrius·

234 2883 301 2948 que
321 2883 438 2947 sexus,
456 2866 493 2931 in
507 2876 631 2932 nostra
650 2867 814 2932 ecclesia.
835 2865 1057 2950 Sequebatur
1071 2866 1198 2932 deinde
1212 2867 1350 2946 concio,
1371 2874 1462 2930 cate·

234 2973 407 3038 chismum
421 2974 619 3056 declarans,
636 2992 702 3040 nee
721 2992 849 3058 parum
867 2974 1032 3041 homines
1051 2974 1098 3039 ad
1117 2974 1234 3040 Deum
1248 2973 1464 3038 laudandum

233 3080 412 3161 movebat,
427 3081 522 3163 quod
536 3090 675 3147 turmae
690 3099 881 3165 puerorum
896 3099 978 3148 cum
992 3082 1147 3148 incensis
1161 3081 1320 3146 candelis
1333 3081 1370 3144 in
1384 3098 1462 3163 pro·
1546 3082 1550 3086 ’

232 3187 451 3252 cessionibus
475 3188 642 3271 oppidum
668 3189 920 3270 circumirent,
945 3207 1089 3254 sacram
1115 3188 1250 3254 Christi
1262 3189 1462 3254 doctrinam

232 3294 481 3377 decantantes;
506 3305 541 3360 et
566 3297 626 3361 uni
651 3310 712 3361 aut
736 3297 874 3362 duobus
898 3313 1021 3362 eorum
1045 3297 1308 3379 praeeuntibus,
1330 3295 1464 3361 caeteri

232 3420 354 3468 omnes
368 3403 641 3486 respondebant;
658 3405 802 3486 quidam
817 3414 938 3469 autem
949 3405 1000 3486 pii
1015 3403 1096 3484 viri,
1112 3413 1148 3468 et
1168 3403 1261 3468 inter
1279 3420 1343 3468 eos
1360 3419 1461 3485 paro·

232 3510 319 3575 chus
334 3519 423 3589 erat,
438 3527 500 3575 eos
514 3512 778 3577 comitabantur
792 3529 836 3577 ac
851 3512 955 3576 simul
970 3513 1118 3577 cumeis
1133 3511 1320 3576 canebant.

293 3615 384 3683 3018.
427 3617 614 3686 Gaudebat
633 3628 751 3685 autem
770 3621 922 3702 populus
943 3628 979 3685 et
999 3637 1065 3702 pro
1091 3619 1279 3685 cantilenis
1303 3619 1464 3701 profanis

234 3727 341 3791 etiam
365 3727 441 3809 ipse
466 3727 698 3793 christianam
722 3729 925 3794 doctrinam
950 3745 1079 3792 canere
1103 3726 1343 3792 assuescebat.
1374 3727 1462 3792 Cum

235 3844 352 3899 autem
368 3833 510 3916 quidam
524 3837 641 3900 nostri
653 3835 783 3900 fratres
797 3835 833 3900 in
848 3835 1006 3900 vicinum
1019 3851 1152 3917 pagum
1175 3835 1410 3914 mitterentur,
1426 3843 1465 3899 ut

234 3942 326 4007 inter
339 3942 529 4008 Missurum
550 3945 720 4009 solemnia
741 3943 974 4008 christianam
994 3942 1192 4008 doctrinam
1211 3943 1392 4022 docerent,
1412 3941 1464 4006 sic

234 4067 406 4115 accensus
421 4059 486 4131 est,
503 4059 538 4116 et
552 4051 794 4117 consolatione
809 4049 958 4116 affectus
973 4051 1031 4117 ille
1045 4051 1207 4132 populus,
1221 4057 1260 4114 ut
1271 4059 1351 4132 post
1361 4049 1465 4114 meri·

233 4157 325 4222 diem
339 4175 402 4240 per
417 4161 497 4224 vias
511 4159 672 4241 publicas
686 4159 847 4224 eamdem
859 4158 1060 4223 doctrinam
1070 4157 1175 4224 simul
1186 4175 1268 4222 cum
1276 4156 1397 4239 pueris
1407 4156 1464 4221 de·

233 4276 410 4348 cantaret;
432 4267 625 4348 pretiosam
646 4283 802 4348 crucem,
825 4283 932 4347 quam
956 4265 1190 4331 ecclesiastici
1212 4258 1389 4345 serebant,
1411 4281 1463 4330 se·

232 4383 389 4453 quentes.
1413 4391 1416 4399 ·

176 4543 181 4554 ,
292 4481 385 4547 3019.
429 4482 468 4547 in
493 4481 669 4564 jubilae0,
698 4484 805 4564 paulo
833 4492 916 4546 ante
947 4481 1085 4546 initium
1117 4479 1221 4563 hujus
1253 4479 1337 4544 anni
1370 4481 1464 4561 apud

233 4587 328 4655 saum
342 4590 476 4655 Lucam
491 4591 729 4672 promulgato,
745 4607 914 4672 magnam
928 4606 1078 4654 messem
1095 4587 1335 4654 confitentium
1349 4589 1464 4653 nostri

234 4697 445 4779 babuerunt,
461 4697 624 4782 quamvis
639 4697 755 4764 morbi
769 4706 985 4777 nostrorum,
1001 4695 1128 4778 quibus
1141 4695 1216 4761 fere
1230 4711 1354 4762 omnes
1368 4695 1462 4761 labo·
