<?xml version="1.0" encoding="UTF-8"?>
<!DOCTYPE html PUBLIC "-//W3C//DTD XHTML 1.0 Transitional//EN"
    "http://www.w3.org/TR/xhtml1/DTD/xhtml1-transitional.dtd">
<html xmlns="http://www.w3.org/1999/xhtml" xml:lang="en" lang="en">
 <head>
  <title>
</title>
<meta http-equiv="Content-Type" content="text/html;charset=utf-8" />
  <meta name='ocr-system' content='tesseract 3.04.00' />
  <meta name='ocr-capabilities' content='ocr_page ocr_carea ocr_par ocr_line ocrx_word'/>
</head>
<body>
  <div class='ocr_page' id='page_1' title='image "./vitaignatiiloio00polagoog_0457.png"; bbox 0 0 3642 5350; ppageno 0'>
   <div class='ocr_carea' id='block_1_1' title="bbox 803 405 1499 465">
    <p class='ocr_par' dir='ltr' id='par_1_1' title="bbox 803 405 1499 465">
     <span class='ocr_line' id='line_1_1' title="bbox 803 405 1499 465; baseline -0.001 0"><span class='ocrx_word' id='word_1_1' title='bbox 803 406 867 465; x_wconf 83' lang='lat' dir='ltr'>Au.</span> <span class='ocrx_word' id='word_1_2' title='bbox 890 405 960 465; x_wconf 85' lang='grc'><strong>1556</strong></span> <span class='ocrx_word' id='word_1_3' title='bbox 1445 408 1499 465; x_wconf 73' lang='grc'>417</span> 
     </span>
    </p>
   </div>
   <div class='ocr_carea' id='block_1_2' title="bbox 189 551 1505 3528">
    <p class='ocr_par' dir='ltr' id='par_1_2' title="bbox 263 551 1499 1273">
     <span class='ocr_line' id='line_1_2' title="bbox 328 551 1497 635; baseline 0.001 -20"><span class='ocrx_word' id='word_1_4' title='bbox 328 552 428 635; x_wconf 79' lang='lat'>1913.</span> <span class='ocrx_word' id='word_1_5' title='bbox 459 551 517 617; x_wconf 88' lang='lat' dir='ltr'>Ad</span> <span class='ocrx_word' id='word_1_6' title='bbox 532 551 858 633; x_wconf 89' lang='lat' dir='ltr'>Congregationem</span> <span class='ocrx_word' id='word_1_7' title='bbox 874 561 993 614; x_wconf 89' lang='lat' dir='ltr'>autem</span> <span class='ocrx_word' id='word_1_8' title='bbox 1007 551 1275 631; x_wconf 86' lang='lat' dir='ltr'>provincialem,</span> <span class='ocrx_word' id='word_1_9' title='bbox 1288 551 1390 633; x_wconf 82' lang='lat' dir='ltr'>juxta</span> <span class='ocrx_word' id='word_1_10' title='bbox 1405 552 1497 617; x_wconf 92' lang='lat' dir='ltr'>Con-</span> 
     </span>
     <span class='ocr_line' id='line_1_3' title="bbox 263 657 1497 737; baseline -0.002 -11"><span class='ocrx_word' id='word_1_11' title='bbox 263 661 465 726; x_wconf 92' lang='lat' dir='ltr'>stitutiones</span> <span class='ocrx_word' id='word_1_12' title='bbox 479 660 515 723; x_wconf 93' lang='lat' dir='ltr'>in</span> <span class='ocrx_word' id='word_1_13' title='bbox 535 659 698 723; x_wconf 86' lang='lat' dir='ltr'>Inferiori</span> <span class='ocrx_word' id='word_1_14' title='bbox 718 658 914 723; x_wconf 83' lang='lat' dir='ltr'>Germania</span> <span class='ocrx_word' id='word_1_15' title='bbox 933 657 1149 737; x_wconf 83' lang='lat' dir='ltr'>faciendam,</span> <span class='ocrx_word' id='word_1_16' title='bbox 1168 669 1247 737; x_wconf 93' lang='lat' dir='ltr'>post</span> <span class='ocrx_word' id='word_1_17' title='bbox 1265 658 1412 724; x_wconf 89' lang='lat' dir='ltr'>Patrum</span> <span class='ocrx_word' id='word_1_18' title='bbox 1427 670 1497 724; x_wconf 90' lang='lat' dir='ltr'>tor-</span> 
     </span>
     <span class='ocr_line' id='line_1_4' title="bbox 266 763 1498 848; baseline -0.001 -16"><span class='ocrx_word' id='word_1_19' title='bbox 266 767 472 833; x_wconf 90' lang='lat' dir='ltr'>nacensium</span> <span class='ocrx_word' id='word_1_20' title='bbox 488 776 637 829; x_wconf 92' lang='lat' dir='ltr'>mortem</span> <span class='ocrx_word' id='word_1_21' title='bbox 652 767 768 830; x_wconf 92' lang='lat' dir='ltr'>nullos</span> <span class='ocrx_word' id='word_1_22' title='bbox 783 783 873 844; x_wconf 90' lang='lat' dir='ltr'>csse,</span> <span class='ocrx_word' id='word_1_23' title='bbox 887 768 947 846; x_wconf 93' lang='lat' dir='ltr'>qui</span> <span class='ocrx_word' id='word_1_24' title='bbox 960 766 1152 830; x_wconf 88' lang='lat' dir='ltr'>convenire</span> <span class='ocrx_word' id='word_1_25' title='bbox 1165 763 1336 848; x_wconf 88' lang='lat' dir='ltr'><strong>[possent]</strong></span> <span class='ocrx_word' id='word_1_26' title='bbox 1349 766 1498 833; x_wconf 73' lang='lat' dir='ltr'>adcon·</span> 
     </span>
     <span class='ocr_line' id='line_1_5' title="bbox 267 873 1496 955; baseline -0.001 -15"><span class='ocrx_word' id='word_1_27' title='bbox 267 875 515 955; x_wconf 82' lang='lat' dir='ltr'>gregationem</span> <span class='ocrx_word' id='word_1_28' title='bbox 530 874 680 953; x_wconf 89' lang='lat' dir='ltr'>dicebat,</span> <span class='ocrx_word' id='word_1_29' title='bbox 702 882 844 953; x_wconf 88' lang='lat' dir='ltr'>praeter</span> <span class='ocrx_word' id='word_1_30' title='bbox 858 873 983 937; x_wconf 90' lang='lat' dir='ltr'>Patres</span> <span class='ocrx_word' id='word_1_31' title='bbox 998 873 1197 937; x_wconf 91' lang='lat' dir='ltr'>Adrianum</span> <span class='ocrx_word' id='word_1_32' title='bbox 1211 883 1245 937; x_wconf 89' lang='lat' dir='ltr'>et</span> <span class='ocrx_word' id='word_1_33' title='bbox 1259 874 1496 953; x_wconf 89' lang='lat' dir='ltr'>Leonardum,</span> 
     </span>
     <span class='ocr_line' id='line_1_6' title="bbox 265 980 1497 1063; baseline -0.001 -17"><span class='ocrx_word' id='word_1_34' title='bbox 265 983 327 1063; x_wconf 92' lang='lat' dir='ltr'>qui</span> <span class='ocrx_word' id='word_1_35' title='bbox 341 982 407 1046; x_wconf 90' lang='lat' dir='ltr'>soli</span> <span class='ocrx_word' id='word_1_36' title='bbox 422 980 572 1062; x_wconf 81' lang='lat' dir='ltr'><strong>professi</strong></span> <span class='ocrx_word' id='word_1_37' title='bbox 587 990 621 1045; x_wconf 90' lang='lat' dir='ltr'>et</span> <span class='ocrx_word' id='word_1_38' title='bbox 636 981 741 1044; x_wconf 91' lang='lat' dir='ltr'>iidem</span> <span class='ocrx_word' id='word_1_39' title='bbox 757 980 929 1044; x_wconf 89' lang='lat' dir='ltr'>Rectores</span> <span class='ocrx_word' id='word_1_40' title='bbox 943 980 1068 1060; x_wconf 88' lang='lat' dir='ltr'>reliqui</span> <span class='ocrx_word' id='word_1_41' title='bbox 1084 980 1167 1058; x_wconf 85' lang='lat' dir='ltr'>(sic)</span> <span class='ocrx_word' id='word_1_42' title='bbox 1179 992 1291 1045; x_wconf 91' lang='lat' dir='ltr'>erant.</span> <span class='ocrx_word' id='word_1_43' title='bbox 1304 982 1497 1063; x_wconf 88' lang='lat' dir='ltr'><strong>Utriusque</strong></span> 
     </span>
     <span class='ocr_line' id='line_1_7' title="bbox 266 1086 1499 1165; baseline -0.001 -11"><span class='ocrx_word' id='word_1_44' title='bbox 266 1100 386 1154; x_wconf 87' lang='lat' dir='ltr'>tamen</span> <span class='ocrx_word' id='word_1_45' title='bbox 401 1089 594 1153; x_wconf 89' lang='lat' dir='ltr'>adventum</span> <span class='ocrx_word' id='word_1_46' title='bbox 609 1088 728 1151; x_wconf 88' lang='lat' dir='ltr'>utilem</span> <span class='ocrx_word' id='word_1_47' title='bbox 743 1086 836 1165; x_wconf 89' lang='lat' dir='ltr'>sore,</span> <span class='ocrx_word' id='word_1_48' title='bbox 853 1097 890 1150; x_wconf 93' lang='lat' dir='ltr'>ut</span> <span class='ocrx_word' id='word_1_49' title='bbox 912 1087 1037 1151; x_wconf 90' lang='lat' dir='ltr'>melius</span> <span class='ocrx_word' id='word_1_50' title='bbox 1056 1086 1100 1151; x_wconf 91' lang='lat' dir='ltr'>de</span> <span class='ocrx_word' id='word_1_51' title='bbox 1119 1087 1225 1151; x_wconf 91' lang='lat' dir='ltr'>rebus</span> <span class='ocrx_word' id='word_1_52' title='bbox 1243 1086 1433 1153; x_wconf 89' lang='lat' dir='ltr'>Societatis</span> <span class='ocrx_word' id='word_1_53' title='bbox 1447 1091 1499 1154; x_wconf 92' lang='lat' dir='ltr'>in·</span> 
     </span>
     <span class='ocr_line' id='line_1_8' title="bbox 266 1194 776 1273; baseline -0.006 -14"><span class='ocrx_word' id='word_1_54' title='bbox 266 1198 521 1273; x_wconf 84' lang='lat' dir='ltr'>formarentur,</span> <span class='ocrx_word' id='word_1_55' title='bbox 538 1194 776 1258; x_wconf 87' lang='lat' dir='ltr'>existimabat.</span> 
     </span>
    </p>

    <p class='ocr_par' dir='ltr' id='par_1_3' title="bbox 265 1284 1501 1811">
     <span class='ocr_line' id='line_1_9' title="bbox 330 1284 1498 1384; baseline 0 -18"><span class='ocrx_word' id='word_1_56' title='bbox 330 1303 418 1367; x_wconf 85' lang='grc'><strong>1914.</strong></span> <span class='ocrx_word' id='word_1_57' title='bbox 462 1284 555 1366; x_wconf 67' lang='lat' dir='ltr'>Ante</span> <span class='ocrx_word' id='word_1_58' title='bbox 570 1316 689 1365; x_wconf 93' lang='lat' dir='ltr'>autem</span> <span class='ocrx_word' id='word_1_59' title='bbox 704 1318 813 1382; x_wconf 91' lang='lat' dir='ltr'>quam</span> <span class='ocrx_word' id='word_1_60' title='bbox 826 1320 871 1365; x_wconf 88' lang='lat' dir='ltr'>ex</span> <span class='ocrx_word' id='word_1_61' title='bbox 886 1301 986 1366; x_wconf 87' lang='lat' dir='ltr'>curia</span> <span class='ocrx_word' id='word_1_62' title='bbox 1000 1300 1199 1380; x_wconf 83' lang='lat' dir='ltr'>recederet,</span> <span class='ocrx_word' id='word_1_63' title='bbox 1217 1321 1238 1366; x_wconf 91' lang='lat' dir='ltr'>a</span> <span class='ocrx_word' id='word_1_64' title='bbox 1255 1302 1351 1383; x_wconf 87' lang='lat' dir='ltr'>Rege</span> <span class='ocrx_word' id='word_1_65' title='bbox 1370 1302 1498 1384; x_wconf 91' lang='lat' dir='ltr'>Philip·</span> 
     </span>
     <span class='ocr_line' id='line_1_10' title="bbox 266 1407 1501 1491; baseline 0.001 -17"><span class='ocrx_word' id='word_1_66' title='bbox 266 1428 312 1491; x_wconf 94' lang='lat' dir='ltr'>po</span> <span class='ocrx_word' id='word_1_67' title='bbox 329 1412 515 1489; x_wconf 89' lang='lat' dir='ltr'>impetrata</span> <span class='ocrx_word' id='word_1_68' title='bbox 531 1419 584 1471; x_wconf 91' lang='lat' dir='ltr'>est</span> <span class='ocrx_word' id='word_1_69' title='bbox 599 1408 762 1472; x_wconf 89' lang='lat' dir='ltr'>remissio</span> <span class='ocrx_word' id='word_1_70' title='bbox 777 1407 937 1487; x_wconf 89' lang='lat' dir='ltr'>cujusvis</span> <span class='ocrx_word' id='word_1_71' title='bbox 961 1424 1120 1472; x_wconf 87' lang='lat' dir='ltr'>summae</span> <span class='ocrx_word' id='word_1_72' title='bbox 1135 1410 1378 1489; x_wconf 83' lang='lat' dir='ltr'>pecuniarum,</span> <span class='ocrx_word' id='word_1_73' title='bbox 1399 1408 1501 1490; x_wconf 74' lang='lat' dir='ltr'>cuius</span> 
     </span>
     <span class='ocr_line' id='line_1_11' title="bbox 265 1513 1501 1598; baseline -0.001 -17"><span class='ocrx_word' id='word_1_74' title='bbox 265 1518 300 1581; x_wconf 92' lang='lat' dir='ltr'>ei</span> <span class='ocrx_word' id='word_1_75' title='bbox 315 1517 453 1581; x_wconf 90' lang='lat' dir='ltr'>debitor</span> <span class='ocrx_word' id='word_1_76' title='bbox 468 1524 546 1579; x_wconf 87' lang='lat' dir='ltr'>erat</span> <span class='ocrx_word' id='word_1_77' title='bbox 560 1514 604 1578; x_wconf 92' lang='lat' dir='ltr'>D.</span> <span class='ocrx_word' id='word_1_78' title='bbox 620 1514 777 1598; x_wconf 87' lang='lat' dir='ltr'>Jonnnes</span> <span class='ocrx_word' id='word_1_79' title='bbox 792 1515 835 1577; x_wconf 92' lang='lat' dir='ltr'>de</span> <span class='ocrx_word' id='word_1_80' title='bbox 849 1513 1034 1595; x_wconf 90' lang='lat' dir='ltr'>Mendoza,</span> <span class='ocrx_word' id='word_1_81' title='bbox 1047 1516 1120 1595; x_wconf 84' lang='lat' dir='ltr'>qui,</span> <span class='ocrx_word' id='word_1_82' title='bbox 1132 1517 1289 1596; x_wconf 91' lang='lat' dir='ltr'>quandiu</span> <span class='ocrx_word' id='word_1_83' title='bbox 1299 1518 1501 1598; x_wconf 80' lang='lat' dir='ltr'>praefectus</span> 
     </span>
     <span class='ocr_line' id='line_1_12' title="bbox 269 1610 1500 1705; baseline -0.001 -17"><span class='ocrx_word' id='word_1_84' title='bbox 269 1610 521 1688; x_wconf 88' lang='lat' dir='ltr'>arcis&#39;Castelli</span> <span class='ocrx_word' id='word_1_85' title='bbox 536 1622 627 1687; x_wconf 92' lang='lat' dir='ltr'>Novi</span> <span class='ocrx_word' id='word_1_86' title='bbox 642 1622 718 1700; x_wconf 85' lang='lat' dir='ltr'>suit,</span> <span class='ocrx_word' id='word_1_87' title='bbox 736 1640 835 1685; x_wconf 90' lang='lat' dir='ltr'>more</span> <span class='ocrx_word' id='word_1_88' title='bbox 852 1622 1001 1686; x_wconf 88' lang='lat' dir='ltr'>aliorum</span> <span class='ocrx_word' id='word_1_89' title='bbox 1022 1623 1139 1703; x_wconf 88' lang='lat' dir='ltr'>aliqua</span> <span class='ocrx_word' id='word_1_90' title='bbox 1160 1623 1336 1705; x_wconf 87' lang='lat' dir='ltr'>stipendia</span> <span class='ocrx_word' id='word_1_91' title='bbox 1355 1642 1500 1705; x_wconf 88' lang='lat' dir='ltr'>accepe-</span> 
     </span>
     <span class='ocr_line' id='line_1_13' title="bbox 269 1730 823 1811; baseline -0.005 -16"><span class='ocrx_word' id='word_1_92' title='bbox 269 1740 326 1795; x_wconf 86' lang='lat' dir='ltr'>rat</span> <span class='ocrx_word' id='word_1_93' title='bbox 340 1748 448 1811; x_wconf 89' lang='lat' dir='ltr'>supra</span> <span class='ocrx_word' id='word_1_94' title='bbox 463 1747 650 1794; x_wconf 89' lang='lat' dir='ltr'>numerum</span> <span class='ocrx_word' id='word_1_95' title='bbox 662 1730 823 1793; x_wconf 91' lang='lat' dir='ltr'>militum.</span> 
     </span>
    </p>

    <p class='ocr_par' dir='ltr' id='par_1_4' title="bbox 269 1835 1501 2025">
     <span class='ocr_line' id='line_1_14' title="bbox 335 1835 1501 1918; baseline 0.002 -17"><span class='ocrx_word' id='word_1_96' title='bbox 335 1838 422 1901; x_wconf 88' lang='lat'>1915.</span> <span class='ocrx_word' id='word_1_97' title='bbox 466 1835 622 1901; x_wconf 90' lang='lat' dir='ltr'>Litterae</span> <span class='ocrx_word' id='word_1_98' title='bbox 651 1846 770 1900; x_wconf 86' lang='lat' dir='ltr'>autem</span> <span class='ocrx_word' id='word_1_99' title='bbox 800 1846 963 1917; x_wconf 89' lang='lat' dir='ltr'>patentes</span> <span class='ocrx_word' id='word_1_100' title='bbox 991 1839 1181 1901; x_wconf 87' lang='lat' dir='ltr'>erectionis</span> <span class='ocrx_word' id='word_1_101' title='bbox 1210 1839 1440 1918; x_wconf 90' lang='lat' dir='ltr'>collegiorum</span> <span class='ocrx_word' id='word_1_102' title='bbox 1465 1841 1501 1903; x_wconf 93' lang='lat' dir='ltr'>in</span> 
     </span>
     <span class='ocr_line' id='line_1_15' title="bbox 269 1942 1118 2025; baseline -0.006 -16"><span class='ocrx_word' id='word_1_103' title='bbox 269 1946 403 2025; x_wconf 85' lang='lat' dir='ltr'>Belgio,</span> <span class='ocrx_word' id='word_1_104' title='bbox 423 1944 490 2007; x_wconf 69' lang='lat' dir='ltr'>16.a</span> <span class='ocrx_word' id='word_1_105' title='bbox 505 1942 724 2023; x_wconf 89' lang='lat' dir='ltr'>Septembris</span> <span class='ocrx_word' id='word_1_106' title='bbox 739 1943 926 2023; x_wconf 86' lang='lat' dir='ltr'>expeditae</span> <span class='ocrx_word' id='word_1_107' title='bbox 940 1943 1083 2007; x_wconf 85' lang='lat' dir='ltr'>suerunt</span> <span class='ocrx_word' id='word_1_108' title='bbox 1098 1943 1118 2004; x_wconf 87' lang='lat'>¹.</span> 
     </span>
    </p>

    <p class='ocr_par' dir='ltr' id='par_1_5' title="bbox 189 2050 1504 2998">
     <span class='ocr_line' id='line_1_16' title="bbox 333 2050 1499 2132; baseline 0.003 -18"><span class='ocrx_word' id='word_1_109' title='bbox 333 2050 420 2115; x_wconf 89' lang='lat'>1916.</span> <span class='ocrx_word' id='word_1_110' title='bbox 465 2050 618 2130; x_wconf 87' lang='lat' dir='ltr'>Quidam</span> <span class='ocrx_word' id='word_1_111' title='bbox 632 2050 759 2114; x_wconf 90' lang='lat' dir='ltr'>nobilis</span> <span class='ocrx_word' id='word_1_112' title='bbox 775 2050 998 2129; x_wconf 89' lang='lat' dir='ltr'>adolescens,</span> <span class='ocrx_word' id='word_1_113' title='bbox 1023 2050 1149 2115; x_wconf 89' lang='lat' dir='ltr'>Petrus</span> <span class='ocrx_word' id='word_1_114' title='bbox 1171 2051 1327 2117; x_wconf 91' lang='lat' dir='ltr'>Andalot</span> <span class='ocrx_word' id='word_1_115' title='bbox 1346 2054 1499 2132; x_wconf 90' lang='lat' dir='ltr'>nomine,</span> 
     </span>
     <span class='ocr_line' id='line_1_17' title="bbox 268 2156 1500 2241; baseline 0.003 -20"><span class='ocrx_word' id='word_1_116' title='bbox 268 2158 360 2222; x_wconf 91' lang='lat' dir='ltr'>filius</span> <span class='ocrx_word' id='word_1_117' title='bbox 384 2156 528 2222; x_wconf 93' lang='lat' dir='ltr'>Domini</span> <span class='ocrx_word' id='word_1_118' title='bbox 553 2157 721 2237; x_wconf 87' lang='lat' dir='ltr'>Andalot,</span> <span class='ocrx_word' id='word_1_119' title='bbox 748 2158 979 2221; x_wconf 90' lang='lat' dir='ltr'>concionibus</span> <span class='ocrx_word' id='word_1_120' title='bbox 1003 2158 1042 2221; x_wconf 90' lang='lat' dir='ltr'>P.</span> <span class='ocrx_word' id='word_1_121' title='bbox 1072 2158 1344 2241; x_wconf 88' lang='lat' dir='ltr'>Ribadeneyrae</span> <span class='ocrx_word' id='word_1_122' title='bbox 1373 2169 1500 2239; x_wconf 79' lang='lat' dir='ltr'>motuS,</span> 
     </span>
     <span class='ocr_line' id='line_1_18' title="bbox 189 2262 1500 2345; baseline 0.002 -17"><span class='ocrx_word' id='word_1_123' title='bbox 189 2317 192 2328; x_wconf 92' lang='lat'>.</span> <span class='ocrx_word' id='word_1_124' title='bbox 268 2265 383 2345; x_wconf 91' lang='lat' dir='ltr'>primo</span> <span class='ocrx_word' id='word_1_125' title='bbox 402 2264 493 2327; x_wconf 88' lang='lat' dir='ltr'>inter</span> <span class='ocrx_word' id='word_1_126' title='bbox 514 2265 740 2327; x_wconf 88' lang='lat' dir='ltr'>convictores</span> <span class='ocrx_word' id='word_1_127' title='bbox 759 2264 794 2327; x_wconf 93' lang='lat' dir='ltr'>in</span> <span class='ocrx_word' id='word_1_128' title='bbox 814 2262 974 2344; x_wconf 88' lang='lat' dir='ltr'>Collegio</span> <span class='ocrx_word' id='word_1_129' title='bbox 997 2264 1214 2329; x_wconf 89' lang='lat' dir='ltr'>Lovanieusi</span> <span class='ocrx_word' id='word_1_130' title='bbox 1235 2266 1412 2331; x_wconf 92' lang='lat' dir='ltr'>admissus</span> <span class='ocrx_word' id='word_1_131' title='bbox 1435 2278 1500 2345; x_wconf 92' lang='lat' dir='ltr'>est,</span> 
     </span>
     <span class='ocr_line' id='line_1_19' title="bbox 267 2370 1503 2455; baseline 0.002 -20"><span class='ocrx_word' id='word_1_132' title='bbox 267 2370 395 2435; x_wconf 90' lang='lat' dir='ltr'>deinde</span> <span class='ocrx_word' id='word_1_133' title='bbox 411 2371 560 2450; x_wconf 87' lang='lat' dir='ltr'>urgebat</span> <span class='ocrx_word' id='word_1_134' title='bbox 576 2371 778 2450; x_wconf 91' lang='lat' dir='ltr'>admodum,</span> <span class='ocrx_word' id='word_1_135' title='bbox 792 2380 832 2434; x_wconf 91' lang='lat' dir='ltr'>ut</span> <span class='ocrx_word' id='word_1_136' title='bbox 846 2371 883 2434; x_wconf 94' lang='lat' dir='ltr'>in</span> <span class='ocrx_word' id='word_1_137' title='bbox 902 2370 1118 2435; x_wconf 86' lang='lat' dir='ltr'>Societatem</span> <span class='ocrx_word' id='word_1_138' title='bbox 1138 2373 1395 2437; x_wconf 88' lang='lat' dir='ltr'>admitteretur.</span> <span class='ocrx_word' id='word_1_139' title='bbox 1417 2374 1503 2455; x_wconf 85' lang='lat' dir='ltr'>EJ&#39;us</span> 
     </span>
     <span class='ocr_line' id='line_1_20' title="bbox 267 2477 1504 2560; baseline 0.003 -19"><span class='ocrx_word' id='word_1_140' title='bbox 267 2488 387 2543; x_wconf 90' lang='lat' dir='ltr'>autem</span> <span class='ocrx_word' id='word_1_141' title='bbox 400 2488 513 2559; x_wconf 88' lang='lat' dir='ltr'>pater,</span> <span class='ocrx_word' id='word_1_142' title='bbox 530 2480 585 2541; x_wconf 91' lang='lat' dir='ltr'>vir</span> <span class='ocrx_word' id='word_1_143' title='bbox 600 2480 680 2560; x_wconf 90' lang='lat' dir='ltr'>pius</span> <span class='ocrx_word' id='word_1_144' title='bbox 695 2496 738 2541; x_wconf 90' lang='lat' dir='ltr'>ac</span> <span class='ocrx_word' id='word_1_145' title='bbox 754 2477 921 2560; x_wconf 78' lang='lat' dir='ltr'>prudenS,</span> <span class='ocrx_word' id='word_1_146' title='bbox 938 2479 1155 2559; x_wconf 87' lang='lat' dir='ltr'>significavit</span> <span class='ocrx_word' id='word_1_147' title='bbox 1174 2481 1308 2545; x_wconf 91' lang='lat' dir='ltr'>nostris</span> <span class='ocrx_word' id='word_1_148' title='bbox 1323 2483 1449 2546; x_wconf 89' lang='lat' dir='ltr'>timere</span> <span class='ocrx_word' id='word_1_149' title='bbox 1464 2500 1504 2545; x_wconf 91' lang='lat' dir='ltr'>se</span> 
     </span>
     <span class='ocr_line' id='line_1_21' title="bbox 269 2583 1504 2666; baseline 0.003 -17"><span class='ocrx_word' id='word_1_150' title='bbox 269 2586 545 2650; x_wconf 86' lang='lat' dir='ltr'>inconstantiam</span> <span class='ocrx_word' id='word_1_151' title='bbox 571 2587 606 2649; x_wconf 95' lang='lat' dir='ltr'>in</span> <span class='ocrx_word' id='word_1_152' title='bbox 632 2585 699 2649; x_wconf 91' lang='lat' dir='ltr'>hoc</span> <span class='ocrx_word' id='word_1_153' title='bbox 721 2583 868 2665; x_wconf 82' lang='lat' dir='ltr'>juvene,</span> <span class='ocrx_word' id='word_1_154' title='bbox 897 2586 957 2666; x_wconf 93' lang='lat' dir='ltr'>qui</span> <span class='ocrx_word' id='word_1_155' title='bbox 983 2587 1116 2666; x_wconf 89' lang='lat' dir='ltr'>alioqui</span> <span class='ocrx_word' id='word_1_156' title='bbox 1138 2587 1287 2652; x_wconf 89' lang='lat' dir='ltr'>baculus</span> <span class='ocrx_word' id='word_1_157' title='bbox 1308 2590 1504 2653; x_wconf 89' lang='lat' dir='ltr'>senectutis</span> 
     </span>
     <span class='ocr_line' id='line_1_22' title="bbox 267 2693 1502 2775; baseline 0.002 -17"><span class='ocrx_word' id='word_1_158' title='bbox 267 2693 343 2774; x_wconf 89' lang='lat' dir='ltr'>ejus</span> <span class='ocrx_word' id='word_1_159' title='bbox 357 2703 444 2769; x_wconf 86' lang='lat' dir='ltr'>erat;</span> <span class='ocrx_word' id='word_1_160' title='bbox 462 2695 686 2774; x_wconf 89' lang='lat' dir='ltr'>rogavitque,</span> <span class='ocrx_word' id='word_1_161' title='bbox 704 2712 749 2757; x_wconf 91' lang='lat' dir='ltr'>ne</span> <span class='ocrx_word' id='word_1_162' title='bbox 764 2693 809 2757; x_wconf 89' lang='lat' dir='ltr'>ad</span> <span class='ocrx_word' id='word_1_163' title='bbox 824 2694 1080 2774; x_wconf 84' lang='lat' dir='ltr'>professionem</span> <span class='ocrx_word' id='word_1_164' title='bbox 1095 2695 1358 2775; x_wconf 85' lang='lat' dir='ltr'>admitteretur,</span> <span class='ocrx_word' id='word_1_165' title='bbox 1373 2715 1439 2760; x_wconf 89' lang='lat' dir='ltr'>nee</span> <span class='ocrx_word' id='word_1_166' title='bbox 1455 2698 1502 2761; x_wconf 92' lang='lat' dir='ltr'>ad</span> 
     </span>
     <span class='ocr_line' id='line_1_23' title="bbox 270 2800 1502 2881; baseline 0.003 -17"><span class='ocrx_word' id='word_1_167' title='bbox 270 2810 391 2866; x_wconf 90' lang='lat' dir='ltr'>votum</span> <span class='ocrx_word' id='word_1_168' title='bbox 406 2801 566 2881; x_wconf 88' lang='lat' dir='ltr'>simplex,</span> <span class='ocrx_word' id='word_1_169' title='bbox 583 2800 646 2863; x_wconf 91' lang='lat' dir='ltr'>sed</span> <span class='ocrx_word' id='word_1_170' title='bbox 662 2810 699 2864; x_wconf 94' lang='lat' dir='ltr'>ut</span> <span class='ocrx_word' id='word_1_171' title='bbox 714 2800 883 2865; x_wconf 89' lang='lat' dir='ltr'>retineret</span> <span class='ocrx_word' id='word_1_172' title='bbox 894 2812 1071 2865; x_wconf 86' lang='lat' dir='ltr'>secretam</span> <span class='ocrx_word' id='word_1_173' title='bbox 1088 2801 1197 2867; x_wconf 90' lang='lat' dir='ltr'>animi</span> <span class='ocrx_word' id='word_1_174' title='bbox 1212 2804 1266 2866; x_wconf 91' lang='lat' dir='ltr'>sui</span> <span class='ocrx_word' id='word_1_175' title='bbox 1279 2803 1502 2868; x_wconf 89' lang='lat' dir='ltr'>deliberatio·</span> 
     </span>
     <span class='ocr_line' id='line_1_24' title="bbox 269 2905 1461 2998; baseline 0 -26"><span class='ocrx_word' id='word_1_176' title='bbox 269 2926 361 2989; x_wconf 89' lang='lat' dir='ltr'>nem,</span> <span class='ocrx_word' id='word_1_177' title='bbox 378 2909 489 2972; x_wconf 89' lang='lat' dir='ltr'>donec</span> <span class='ocrx_word' id='word_1_178' title='bbox 504 2908 651 2988; x_wconf 89' lang='lat' dir='ltr'>spiritus</span> <span class='ocrx_word' id='word_1_179' title='bbox 666 2906 741 2988; x_wconf 87' lang='lat' dir='ltr'>ejus</span> <span class='ocrx_word' id='word_1_180' title='bbox 756 2905 887 2971; x_wconf 91' lang='lat' dir='ltr'>diutius</span> <span class='ocrx_word' id='word_1_181' title='bbox 903 2908 1127 2988; x_wconf 88' lang='lat' dir='ltr'>probaretur.</span> <span class='ocrx_word' id='word_1_182' title='bbox 1458 2994 1461 2998; x_wconf 18' lang='grc' dir='ltr'>ι</span> 
     </span>
    </p>

    <p class='ocr_par' dir='ltr' id='par_1_6' title="bbox 269 3013 1505 3528">
     <span class='ocr_line' id='line_1_25' title="bbox 332 3013 1505 3096; baseline 0.003 -17"><span class='ocrx_word' id='word_1_183' title='bbox 332 3015 421 3080; x_wconf 91' lang='grc'><strong>1917.</strong></span> <span class='ocrx_word' id='word_1_184' title='bbox 464 3013 546 3078; x_wconf 88' lang='lat' dir='ltr'>Fuit</span> <span class='ocrx_word' id='word_1_185' title='bbox 561 3023 678 3078; x_wconf 85' lang='lat' dir='ltr'>autern</span> <span class='ocrx_word' id='word_1_186' title='bbox 694 3015 788 3095; x_wconf 90' lang='lat' dir='ltr'>patri</span> <span class='ocrx_word' id='word_1_187' title='bbox 803 3031 1013 3095; x_wconf 90' lang='lat' dir='ltr'>responsum</span> <span class='ocrx_word' id='word_1_188' title='bbox 1028 3034 1092 3096; x_wconf 90' lang='lat' dir='ltr'>per</span> <span class='ocrx_word' id='word_1_189' title='bbox 1107 3017 1243 3081; x_wconf 84' lang='lat' dir='ltr'>litteras</span> <span class='ocrx_word' id='word_1_190' title='bbox 1258 3036 1279 3081; x_wconf 89' lang='lat' dir='ltr'>a</span> <span class='ocrx_word' id='word_1_191' title='bbox 1294 3018 1332 3081; x_wconf 92' lang='grc' dir='ltr'>Ρ.</span> <span class='ocrx_word' id='word_1_192' title='bbox 1355 3017 1505 3082; x_wconf 90' lang='lat' dir='ltr'>Ribade-</span> 
     </span>
     <span class='ocr_line' id='line_1_26' title="bbox 270 3120 1505 3204; baseline 0.004 -20"><span class='ocrx_word' id='word_1_193' title='bbox 270 3141 394 3204; x_wconf 87' lang='lat' dir='ltr'>neyra,</span> <span class='ocrx_word' id='word_1_194' title='bbox 411 3123 505 3186; x_wconf 89' lang='lat' dir='ltr'>sicut</span> <span class='ocrx_word' id='word_1_195' title='bbox 515 3131 550 3184; x_wconf 91' lang='lat' dir='ltr'>et</span> <span class='ocrx_word' id='word_1_196' title='bbox 560 3122 671 3185; x_wconf 90' lang='lat' dir='ltr'>verbo</span> <span class='ocrx_word' id='word_1_197' title='bbox 684 3139 704 3184; x_wconf 91' lang='lat' dir='ltr'>a</span> <span class='ocrx_word' id='word_1_198' title='bbox 718 3121 755 3184; x_wconf 91' lang='lat' dir='ltr'>P.</span> <span class='ocrx_word' id='word_1_199' title='bbox 769 3120 943 3201; x_wconf 88' lang='lat' dir='ltr'>Adriano,</span> <span class='ocrx_word' id='word_1_200' title='bbox 958 3123 1034 3204; x_wconf 90' lang='lat' dir='ltr'>ejus</span> <span class='ocrx_word' id='word_1_201' title='bbox 1048 3122 1150 3187; x_wconf 87' lang='lat' dir='ltr'>fratri</span> <span class='ocrx_word' id='word_1_202' title='bbox 1165 3123 1299 3189; x_wconf 90' lang='lat' dir='ltr'>dietum</span> <span class='ocrx_word' id='word_1_203' title='bbox 1313 3126 1390 3198; x_wconf 85' lang='lat' dir='ltr'>fuit,</span> <span class='ocrx_word' id='word_1_204' title='bbox 1407 3127 1505 3189; x_wconf 90' lang='lat' dir='ltr'>nullo</span> 
     </span>
     <span class='ocr_line' id='line_1_27' title="bbox 269 3228 1502 3309; baseline 0.002 -16"><span class='ocrx_word' id='word_1_205' title='bbox 269 3229 375 3293; x_wconf 90' lang='lat' dir='ltr'>modo</span> <span class='ocrx_word' id='word_1_206' title='bbox 396 3230 472 3292; x_wconf 90' lang='lat' dir='ltr'>sine</span> <span class='ocrx_word' id='word_1_207' title='bbox 494 3229 677 3292; x_wconf 85' lang='lat' dir='ltr'>voluntate</span> <span class='ocrx_word' id='word_1_208' title='bbox 697 3229 812 3309; x_wconf 86' lang='lat' dir='ltr'>patris</span> <span class='ocrx_word' id='word_1_209' title='bbox 833 3228 942 3292; x_wconf 90' lang='lat' dir='ltr'>filium</span> <span class='ocrx_word' id='word_1_210' title='bbox 962 3230 1218 3294; x_wconf 90' lang='lat' dir='ltr'>admittendum</span> <span class='ocrx_word' id='word_1_211' title='bbox 1232 3231 1270 3294; x_wconf 92' lang='lat' dir='ltr'>in</span> <span class='ocrx_word' id='word_1_212' title='bbox 1288 3229 1502 3297; x_wconf 85' lang='lat' dir='ltr'>Societatem</span> 
     </span>
     <span class='ocr_line' id='line_1_28' title="bbox 271 3335 1501 3418; baseline 0.004 -19"><span class='ocrx_word' id='word_1_213' title='bbox 271 3337 363 3401; x_wconf 82' lang='lat' dir='ltr'>lore:</span> <span class='ocrx_word' id='word_1_214' title='bbox 379 3337 539 3418; x_wconf 91' lang='lat' dir='ltr'>proinde,</span> <span class='ocrx_word' id='word_1_215' title='bbox 556 3347 595 3399; x_wconf 92' lang='lat' dir='ltr'>ut</span> <span class='ocrx_word' id='word_1_216' title='bbox 608 3335 748 3400; x_wconf 87' lang='lat' dir='ltr'>videret</span> <span class='ocrx_word' id='word_1_217' title='bbox 763 3337 851 3417; x_wconf 91' lang='lat' dir='ltr'>ipse,</span> <span class='ocrx_word' id='word_1_218' title='bbox 868 3355 915 3400; x_wconf 90' lang='lat' dir='ltr'>an</span> <span class='ocrx_word' id='word_1_219' title='bbox 932 3336 1151 3402; x_wconf 87' lang='lat' dir='ltr'>inflammata</span> <span class='ocrx_word' id='word_1_220' title='bbox 1163 3337 1305 3417; x_wconf 87' lang='lat' dir='ltr'>juvenis</span> <span class='ocrx_word' id='word_1_221' title='bbox 1324 3340 1501 3405; x_wconf 89' lang='lat' dir='ltr'>desideria</span> 
     </span>
     <span class='ocr_line' id='line_1_29' title="bbox 269 3442 1502 3528; baseline 0.004 -22"><span class='ocrx_word' id='word_1_222' title='bbox 269 3447 387 3508; x_wconf 91' lang='lat' dir='ltr'>locum</span> <span class='ocrx_word' id='word_1_223' title='bbox 402 3453 521 3507; x_wconf 87' lang='lat' dir='ltr'>essent</span> <span class='ocrx_word' id='word_1_224' title='bbox 536 3442 712 3506; x_wconf 88' lang='lat' dir='ltr'>habitura.</span> <span class='ocrx_word' id='word_1_225' title='bbox 729 3442 802 3507; x_wconf 92' lang='lat' dir='ltr'>Nec</span> <span class='ocrx_word' id='word_1_226' title='bbox 816 3443 910 3506; x_wconf 91' lang='lat' dir='ltr'>enim</span> <span class='ocrx_word' id='word_1_227' title='bbox 926 3444 1020 3508; x_wconf 89' lang='lat' dir='ltr'>dorni</span> <span class='ocrx_word' id='word_1_228' title='bbox 1034 3455 1190 3523; x_wconf 91' lang='lat' dir='ltr'>nostrae,</span> <span class='ocrx_word' id='word_1_229' title='bbox 1207 3455 1398 3528; x_wconf 87' lang='lat' dir='ltr'>antequam</span> <span class='ocrx_word' id='word_1_230' title='bbox 1420 3465 1502 3511; x_wconf 92' lang='lat' dir='ltr'>con·</span> 
     </span>
    </p>
   </div>
   <div class='ocr_carea' id='block_1_3' title="bbox 164 3539 1313 3631">
    <p class='ocr_par' dir='ltr' id='par_1_7' title="bbox 164 3539 1313 3631">
     <span class='ocr_line' id='line_1_30' title="bbox 164 3539 1313 3631; baseline 0.004 -17"><span class='ocrx_word' id='word_1_231' title='bbox 164 3607 166 3614; x_wconf 42' lang='lat'>.</span> <span class='ocrx_word' id='word_1_232' title='bbox 270 3539 439 3616; x_wconf 75' lang='lat' dir='ltr'>staret&#39;de</span> <span class='ocrx_word' id='word_1_233' title='bbox 453 3551 565 3631; x_wconf 92' lang='lat' dir='ltr'>ipsius</span> <span class='ocrx_word' id='word_1_234' title='bbox 581 3551 813 3630; x_wconf 86' lang='lat' dir='ltr'>beneplacita,</span> <span class='ocrx_word' id='word_1_235' title='bbox 830 3562 973 3615; x_wconf 89' lang='lat' dir='ltr'>nostros</span> <span class='ocrx_word' id='word_1_236' title='bbox 988 3570 1068 3615; x_wconf 92' lang='lat' dir='ltr'>eum</span> <span class='ocrx_word' id='word_1_237' title='bbox 1083 3553 1313 3619; x_wconf 83' lang='lat' dir='ltr'>admissuros</span> 
     </span>
    </p>
   </div>
   <div class='ocr_carea' id='block_1_4' title="bbox 270 3657 1507 4582">
    <p class='ocr_par' dir='ltr' id='par_1_8' title="bbox 335 3657 1505 3741">
     <span class='ocr_line' id='line_1_31' title="bbox 335 3657 1505 3741; baseline 0.001 -19"><span class='ocrx_word' id='word_1_238' title='bbox 335 3657 422 3722; x_wconf 89' lang='lat'>1918.</span> <span class='ocrx_word' id='word_1_239' title='bbox 467 3657 991 3722; x_wconf 87' lang='lat' dir='ltr'>AdmonuittamenDominum</span> <span class='ocrx_word' id='word_1_240' title='bbox 1003 3659 1505 3741; x_wconf 90' lang='lat' dir='ltr'>Andalotpraedictum,quod</span> 
     </span>
    </p>

    <p class='ocr_par' dir='ltr' id='par_1_9' title="bbox 270 3765 1507 4582">
     <span class='ocr_line' id='line_1_32' title="bbox 270 3765 1504 3848; baseline -0.001 -17"><span class='ocrx_word' id='word_1_241' title='bbox 270 3766 412 3848; x_wconf 73' lang='lat' dir='ltr'>iuvenis</span> <span class='ocrx_word' id='word_1_242' title='bbox 440 3775 563 3830; x_wconf 92' lang='lat' dir='ltr'>votum</span> <span class='ocrx_word' id='word_1_243' title='bbox 583 3765 768 3848; x_wconf 89' lang='lat' dir='ltr'>religionis</span> <span class='ocrx_word' id='word_1_244' title='bbox 787 3766 823 3829; x_wconf 91' lang='lat' dir='ltr'>in</span> <span class='ocrx_word' id='word_1_245' title='bbox 842 3766 1022 3829; x_wconf 89' lang='lat' dir='ltr'>communi</span> <span class='ocrx_word' id='word_1_246' title='bbox 1041 3777 1209 3846; x_wconf 81' lang='lat' dir='ltr'>voverat,</span> <span class='ocrx_word' id='word_1_247' title='bbox 1232 3776 1423 3848; x_wconf 89' lang='lat' dir='ltr'>antequam</span> <span class='ocrx_word' id='word_1_248' title='bbox 1442 3784 1504 3830; x_wconf 91' lang='lat' dir='ltr'>no·</span> 
     </span>
     <span class='ocr_line' id='line_1_33' title="bbox 272 3874 1505 3956; baseline 0 -18"><span class='ocrx_word' id='word_1_249' title='bbox 272 3885 366 3939; x_wconf 90' lang='lat' dir='ltr'>stros</span> <span class='ocrx_word' id='word_1_250' title='bbox 381 3885 627 3956; x_wconf 89' lang='lat' dir='ltr'>cognosceret;</span> <span class='ocrx_word' id='word_1_251' title='bbox 643 3888 677 3940; x_wconf 90' lang='lat' dir='ltr'>et</span> <span class='ocrx_word' id='word_1_252' title='bbox 691 3877 854 3939; x_wconf 89' lang='lat' dir='ltr'>hortatus</span> <span class='ocrx_word' id='word_1_253' title='bbox 869 3883 923 3938; x_wconf 91' lang='lat' dir='ltr'>est</span> <span class='ocrx_word' id='word_1_254' title='bbox 938 3875 983 3936; x_wconf 92' lang='lat' dir='ltr'>ad</span> <span class='ocrx_word' id='word_1_255' title='bbox 999 3875 1184 3939; x_wconf 89' lang='lat' dir='ltr'>consilium</span> <span class='ocrx_word' id='word_1_256' title='bbox 1196 3875 1385 3956; x_wconf 89' lang='lat' dir='ltr'>petendum</span> <span class='ocrx_word' id='word_1_257' title='bbox 1402 3892 1423 3938; x_wconf 92' lang='lat' dir='ltr'>a</span> <span class='ocrx_word' id='word_1_258' title='bbox 1436 3874 1505 3938; x_wconf 88' lang='lat' dir='ltr'>De·</span> 
     </span>
     <span class='ocr_line' id='line_1_34' title="bbox 274 3982 881 4047; baseline 0.003 -2"><span class='ocrx_word' id='word_1_259' title='bbox 274 4000 366 4046; x_wconf 90' lang='lat' dir='ltr'>cano</span> <span class='ocrx_word' id='word_1_260' title='bbox 381 3992 415 4045; x_wconf 92' lang='lat' dir='ltr'>et</span> <span class='ocrx_word' id='word_1_261' title='bbox 430 3982 653 4047; x_wconf 88' lang='lat' dir='ltr'>Cancellario</span> <span class='ocrx_word' id='word_1_262' title='bbox 669 3983 881 4047; x_wconf 88' lang='lat' dir='ltr'>lovaniensi.</span> 
     </span>
     <span class='ocr_line' id='line_1_35' title="bbox 271 4087 1506 4170; baseline -0.001 -18"><span class='ocrx_word' id='word_1_263' title='bbox 271 4123 272 4128; x_wconf 51' lang='lat'>.</span> <span class='ocrx_word' id='word_1_264' title='bbox 335 4087 423 4152; x_wconf 92' lang='lat'>1919.</span> <span class='ocrx_word' id='word_1_265' title='bbox 467 4088 630 4168; x_wconf 89' lang='lat' dir='ltr'>Demum,</span> <span class='ocrx_word' id='word_1_266' title='bbox 657 4107 734 4153; x_wconf 90' lang='lat' dir='ltr'>cum</span> <span class='ocrx_word' id='word_1_267' title='bbox 755 4091 867 4170; x_wconf 91' lang='lat' dir='ltr'>patris</span> <span class='ocrx_word' id='word_1_268' title='bbox 885 4091 1069 4153; x_wconf 89' lang='lat' dir='ltr'>voluntate</span> <span class='ocrx_word' id='word_1_269' title='bbox 1088 4090 1125 4153; x_wconf 95' lang='lat' dir='ltr'>in</span> <span class='ocrx_word' id='word_1_270' title='bbox 1144 4088 1360 4153; x_wconf 87' lang='lat' dir='ltr'>Societatem</span> <span class='ocrx_word' id='word_1_271' title='bbox 1375 4088 1506 4152; x_wconf 90' lang='lat' dir='ltr'>admis-</span> 
     </span>
     <span class='ocr_line' id='line_1_36' title="bbox 271 4196 1504 4278; baseline -0.002 -18"><span class='ocrx_word' id='word_1_272' title='bbox 271 4213 333 4260; x_wconf 90' lang='lat' dir='ltr'>sus</span> <span class='ocrx_word' id='word_1_273' title='bbox 347 4205 413 4274; x_wconf 87' lang='lat' dir='ltr'>est;</span> <span class='ocrx_word' id='word_1_274' title='bbox 429 4206 464 4260; x_wconf 92' lang='lat' dir='ltr'>et</span> <span class='ocrx_word' id='word_1_275' title='bbox 479 4197 665 4260; x_wconf 91' lang='lat' dir='ltr'>duodecim</span> <span class='ocrx_word' id='word_1_276' title='bbox 679 4199 738 4260; x_wconf 90' lang='lat' dir='ltr'>vel</span> <span class='ocrx_word' id='word_1_277' title='bbox 753 4197 954 4278; x_wconf 89' lang='lat' dir='ltr'>quindecim</span> <span class='ocrx_word' id='word_1_278' title='bbox 968 4197 1093 4260; x_wconf 90' lang='lat' dir='ltr'>diebus</span> <span class='ocrx_word' id='word_1_279' title='bbox 1104 4196 1246 4277; x_wconf 90' lang='lat' dir='ltr'>elapsis,</span> <span class='ocrx_word' id='word_1_280' title='bbox 1259 4197 1375 4260; x_wconf 90' lang='lat' dir='ltr'>bonus</span> <span class='ocrx_word' id='word_1_281' title='bbox 1390 4196 1504 4275; x_wconf 89' lang='lat' dir='ltr'>ipsius</span> 
     </span>
     <span class='ocr_line' id='line_1_37' title="bbox 271 4301 1504 4387; baseline 0 -21"><span class='ocrx_word' id='word_1_282' title='bbox 271 4313 373 4384; x_wconf 88' lang='lat' dir='ltr'>pater</span> <span class='ocrx_word' id='word_1_283' title='bbox 388 4321 433 4368; x_wconf 87' lang='lat' dir='ltr'>ex</span> <span class='ocrx_word' id='word_1_284' title='bbox 447 4305 515 4367; x_wconf 89' lang='lat' dir='ltr'>hac</span> <span class='ocrx_word' id='word_1_285' title='bbox 536 4303 611 4367; x_wconf 91' lang='lat' dir='ltr'>vita</span> <span class='ocrx_word' id='word_1_286' title='bbox 631 4305 794 4369; x_wconf 89' lang='lat' dir='ltr'>decessit.</span> <span class='ocrx_word' id='word_1_287' title='bbox 816 4304 964 4387; x_wconf 92' lang='lat' dir='ltr'>Juvenis</span> <span class='ocrx_word' id='word_1_288' title='bbox 987 4313 1106 4368; x_wconf 93' lang='lat' dir='ltr'>autem</span> <span class='ocrx_word' id='word_1_289' title='bbox 1125 4304 1160 4367; x_wconf 91' lang='lat' dir='ltr'>in</span> <span class='ocrx_word' id='word_1_290' title='bbox 1175 4315 1327 4384; x_wconf 92' lang='lat' dir='ltr'>utroque</span> <span class='ocrx_word' id='word_1_291' title='bbox 1348 4301 1504 4376; x_wconf 83' lang='lat' dir='ltr'>homine.</span> 
     </span>
     <span class='ocr_line' id='line_1_38' title="bbox 272 4409 1507 4491; baseline -0.002 -17"><span class='ocrx_word' id='word_1_292' title='bbox 272 4412 369 4474; x_wconf 91' lang='lat' dir='ltr'>velut</span> <span class='ocrx_word' id='word_1_293' title='bbox 384 4412 533 4491; x_wconf 88' lang='lat' dir='ltr'>angelus</span> <span class='ocrx_word' id='word_1_294' title='bbox 552 4410 707 4491; x_wconf 89' lang='lat' dir='ltr'>Domini,</span> <span class='ocrx_word' id='word_1_295' title='bbox 731 4412 931 4488; x_wconf 87' lang='lat' dir='ltr'>videbatur,</span> <span class='ocrx_word' id='word_1_296' title='bbox 952 4421 987 4475; x_wconf 90' lang='lat' dir='ltr'>et</span> <span class='ocrx_word' id='word_1_297' title='bbox 1006 4410 1211 4491; x_wconf 90' lang='lat' dir='ltr'>aliquandiu</span> <span class='ocrx_word' id='word_1_298' title='bbox 1232 4411 1270 4474; x_wconf 92' lang='lat' dir='ltr'>in</span> <span class='ocrx_word' id='word_1_299' title='bbox 1285 4428 1327 4474; x_wconf 92' lang='lat' dir='ltr'>eo</span> <span class='ocrx_word' id='word_1_300' title='bbox 1347 4409 1507 4489; x_wconf 91' lang='lat' dir='ltr'>Collegio</span> 
     </span>
     <span class='ocr_line' id='line_1_39' title="bbox 273 4519 415 4582; baseline 0 0"><span class='ocrx_word' id='word_1_301' title='bbox 273 4519 415 4582; x_wconf 86' lang='lat' dir='ltr'>mansit.</span> 
     </span>
    </p>
   </div>
   <div class='ocr_carea' id='block_1_5' title="bbox 315 4651 1046 4708">
    <p class='ocr_par' dir='ltr' id='par_1_10' title="bbox 315 4651 1046 4708">
     <span class='ocr_line' id='line_1_40' title="bbox 315 4651 1046 4708; baseline -0.005 -11"><span class='ocrx_word' id='word_1_302' title='bbox 315 4653 323 4686; x_wconf 86' lang='lat'><strong>¹</strong></span> <span class='ocrx_word' id='word_1_303' title='bbox 353 4651 408 4697; x_wconf 87' lang='lat' dir='ltr'>Non</span> <span class='ocrx_word' id='word_1_304' title='bbox 419 4653 554 4708; x_wconf 84' lang='lat' dir='ltr'>perspicue</span> <span class='ocrx_word' id='word_1_305' title='bbox 564 4659 675 4706; x_wconf 83' lang='lat' dir='ltr'>apparet</span> <span class='ocrx_word' id='word_1_306' title='bbox 686 4663 719 4696; x_wconf 87' lang='lat' dir='ltr'>an</span> <span class='ocrx_word' id='word_1_307' title='bbox 728 4653 761 4695; x_wconf 82' lang='lat' dir='ltr'>sit</span> <span class='ocrx_word' id='word_1_308' title='bbox 773 4653 912 4706; x_wconf 81' lang='lat' dir='ltr'>legendum</span> <span class='ocrx_word' id='word_1_309' title='bbox 923 4652 949 4695; x_wconf 82' lang='grc'>16</span> <span class='ocrx_word' id='word_1_310' title='bbox 959 4653 1001 4696; x_wconf 82' lang='lat' dir='ltr'>rol</span> <span class='ocrx_word' id='word_1_311' title='bbox 1013 4651 1046 4696; x_wconf 83' lang='lat' dir='ltr'>to.</span> 
     </span>
    </p>
   </div>
   <div class='ocr_carea' id='block_1_6' title="bbox 0 0 1833 5350">
    <p class='ocr_par' dir='ltr' id='par_1_11' title="bbox 0 0 1833 5350">
     <span class='ocr_line' id='line_1_41' title="bbox 0 0 1833 5350; baseline 0 0"><span class='ocrx_word' id='word_1_312' title='bbox 0 0 1833 5350; x_wconf 95' lang='lat' dir='ltr'> </span> 
     </span>
    </p>
   </div>
  </div>
 </body>
</html>
