3642 5350
370 423 428 484 588
834 419 962 482 Cnuou.
981 417 1059 481 Soc.
1078 419 1148 494 Jns.

373 579 410 633 et
424 569 551 634 saltem
565 568 672 632 situm
686 568 784 632 illum
799 575 834 630 et
847 566 987 630 initium
1002 561 1170 642 aedificii,
1187 562 1281 644 quod
1302 562 1508 628 inchoatum
1525 570 1604 626 erat

376 676 423 739 ad
437 674 586 755 Collegii
602 673 828 754 erectionem,
841 673 900 737 vel
916 672 1085 736 donatum
1099 673 1157 736 vel
1172 679 1329 750 emptum
1344 669 1515 752 applicari
1529 670 1601 750 qui·

372 783 459 846 dam
473 782 663 862 cupiebant
675 796 684 861 ;
700 781 764 844 sed
778 779 860 860 quia
871 787 975 843 extra
987 777 1221 860 frequentiam
1233 778 1354 859 populi
1364 794 1407 841 ea
1418 794 1503 857 pars
1518 777 1602 842 civi·

372 888 460 952 tatis
474 897 565 964 erat,
581 887 652 952 emi
665 905 737 951 non
751 886 878 949 debere
889 883 1086 966 judicatum
1101 895 1165 949 est.

434 993 526 1058 2540.
569 992 810 1058 ostendebant
837 992 1067 1056 nihilominus
1095 999 1169 1056 tam
1196 991 1389 1056 canonicus
1420 989 1600 1071 Obregon,

263 1102 266 1106 ’
370 1118 483 1182 quam
501 1100 723 1179 Benedictus,
739 1098 956 1180 peculiarem
971 1095 1135 1162 affectum
1147 1113 1234 1177 erga
1249 1097 1397 1177 Collegii
1413 1095 1602 1177 promotio·

371 1224 469 1287 nem,
483 1217 519 1271 et
535 1207 676 1288 quidem
689 1206 902 1272 Benedictus
917 1206 1014 1269 viam
1029 1204 1177 1287 aperuit,
1191 1222 1273 1286 qua,
1286 1221 1357 1268 non
1371 1203 1569 1270 recedendo
1582 1223 1604 1268 a

375 1316 562 1378 voluntate
577 1314 770 1393 testatoris,
787 1322 909 1393 posset
928 1310 1125 1392 Collegium
1144 1311 1233 1392 erigi
1248 1322 1284 1376 et
1302 1313 1481 1376 sexcentis
1499 1311 1605 1376 duca·

372 1421 423 1484 tis
447 1420 556 1485 annui
569 1419 705 1484 reditus
719 1419 852 1499 dotari;
878 1428 913 1482 et
934 1419 1038 1482 simul
1057 1436 1148 1499 quae
1168 1419 1204 1482 in
1222 1436 1325 1483 usum
1344 1417 1530 1482 infantium
1548 1437 1606 1483 ex·

374 1526 573 1608 positorum
588 1537 623 1591 et
638 1528 834 1608 puellarum
850 1525 1090 1606 orphanarum
1105 1533 1143 1589 et*
1153 1525 1305 1589 aliorum
1319 1543 1514 1606 pauperum
1528 1526 1606 1590 reli·

373 1642 514 1714 querat,
531 1634 568 1698 in
582 1635 651 1696 illis
665 1633 752 1714 ipsis
768 1633 835 1713 piis
849 1633 1016 1713 operibus
1030 1631 1323 1713 expenderentur.

436 1739 529 1806 2541.
572 1739 641 1804 Sed
657 1740 717 1803 alii
731 1739 924 1804 censebant
935 1740 1028 1802 hanc
1040 1738 1211 1819 pecuniae
1222 1756 1409 1816 summam,
1422 1755 1513 1819 quae
1527 1737 1604 1803 Col-

372 1848 471 1928 legio
486 1846 655 1926 erigendo
670 1856 705 1909 et
720 1845 875 1909 dotando
891 1855 969 1909 erat
983 1845 1201 1922 necessaria,
1219 1846 1335 1925 potius
1349 1845 1385 1908 in
1400 1844 1602 1909 instauran-

373 1953 432 2018 dis
445 1954 621 2030 ecclesiis,
638 1972 683 2016 ex
702 1953 830 2034 quibus
849 1952 984 2016 reditus
1003 1952 1126 2017 Abbas
1144 1962 1362 2034 sumpserat,
1384 1962 1418 2016 et
1439 1953 1516 2016 aliis
1537 1953 1604 2034 piis

374 2060 544 2140 operibus
557 2059 827 2140 expendendum
838 2060 1041 2123 censebant.

437 2167 530 2230 2542.
572 2165 725 2246 Quidam
739 2167 807 2230 hoc
821 2166 899 2247 ipso
919 2175 1078 2247 tempore
1100 2183 1145 2230 ex
1164 2165 1239 2245 his,
1260 2167 1319 2247 qui
1340 2183 1527 2231 romanam
1546 2185 1604 2232 cu·

378 2276 471 2338 riam
485 2273 544 2337 diu
558 2274 669 2338 secuti
684 2274 836 2346 fuerant,
850 2271 992 2336 nomine
1006 2271 1222 2338 Franciscus
1232 2275 1404 2352 Burgera,
1417 2274 1607 2354 burgensis

377 2397 424 2444 ac
438 2379 549 2459 diveS,
567 2398 666 2462 spem
681 2380 839 2458 dederat,
853 2379 947 2461 quod
959 2379 1004 2443 ad
1016 2379 1212 2460 Collegium
1223 2389 1385 2444 nostrum
1399 2382 1607 2460 erigendum

378 2489 485 2551 vellet
500 2497 535 2550 et
556 2487 631 2568 ipse
650 2505 754 2569 opem
772 2486 952 2565 conferre,
972 2496 1007 2550 et
1029 2487 1134 2551 amici
1157 2485 1344 2552 Societatis
1365 2497 1509 2552 nostrae
1530 2485 1606 2570 ejus

307 2663 310 2668 ,
377 2595 577 2660 institutum
591 2594 696 2658 valde
711 2594 921 2672 laudabant;
939 2592 1059 2657 sedne
1077 2591 1181 2675 hujus
1199 2594 1341 2676 quidem
1359 2594 1453 2659 bona
1474 2596 1520 2659 ad
1538 2597 1608 2659 boc

375 2720 469 2783 opus
483 2702 669 2766 admittere
683 2720 721 2766 se
736 2703 828 2765 velle
842 2700 1017 2765 Dominus
1031 2702 1130 2766 visus
1145 2710 1210 2781 est,
1227 2702 1523 2782 quemadmodum
1537 2720 1604 2767 nec

380 2810 522 2890 prioris;
538 2826 621 2873 nam
636 2809 705 2873 boc
720 2809 797 2890 ipso
813 2805 997 2890 [tempore]
1010 2808 1150 2888 Burgos
1162 2818 1194 2872 et
1207 2809 1265 2873 ille
1278 2811 1388 2889 venit,
1401 2810 1464 2874 sed
1475 2810 1519 2873 de
1530 2808 1607 2874 Col·

376 2918 475 2997 legio
495 2914 697 2996 adiuvando
720 2933 848 2997 parum
867 2916 912 2978 ab
933 2916 1009 2996 ipso
1028 2916 1167 2996 sperari
1185 2933 1290 2997 posse
1309 2916 1413 2980 facile
1431 2915 1608 2997 significa-

380 3024 449 3103 vit;
465 3033 499 3085 et
514 3023 697 3103 utriusque
711 3022 885 3103 praedicti
900 3022 1076 3102 promissa
1090 3022 1176 3085 nihil
1197 3021 1292 3086 aliud
1307 3024 1439 3088 nostris
1454 3023 1608 3088 contule·

379 3139 478 3205 runt,
494 3130 563 3193 nisi
577 3130 670 3209 quod
686 3130 794 3193 animi
809 3130 960 3193 aliorum
980 3128 1184 3208 frigidiores
1202 3129 1442 3195 reddebantur
1461 3130 1507 3193 ad
1524 3128 1609 3194 illud

379 3235 677 3315 promovendum,
701 3235 785 3300 dum
804 3246 968 3316 potentes
983 3236 1114 3316 alioqui
1129 3236 1228 3301 viros
1242 3254 1385 3302 manum
1405 3237 1610 3301 admoturos

378 3342 482 3423 operi
497 3342 700 3405 credebant.

440 3448 533 3512 2543.
575 3448 675 3512 Bona
700 3458 820 3513 autem
845 3449 1009 3529 Abbatis,
1033 3450 1151 3514 litibus
1176 3460 1210 3513 et
1235 3450 1313 3513 aliis
1333 3450 1462 3530 modiS,
1487 3466 1612 3515 consu·

381 3556 511 3619 menda
526 3573 653 3636 parum
671 3554 678 3585 ¹
692 3552 794 3635 juxta
810 3556 1022 3619 sententiam
1037 3569 1071 3620 et
1085 3556 1272 3620 utilitatem
1283 3557 1435 3621 Abbatis
1445 3556 1611 3621 videban-

377 3672 455 3744 tur;
471 3673 506 3725 et
520 3680 566 3725 ex
581 3672 682 3744 parte
693 3660 768 3742 jam
782 3663 817 3726 id
835 3663 1064 3744 cernebatur,
1081 3663 1379 3745 quemadmodum
1399 3673 1435 3727 et
1454 3664 1489 3727 in
1510 3662 1613 3727 bonis

381 3769 568 3833 Francisci
591 3769 635 3832 de
658 3768 837 3833 Pescbera
861 3780 1028 3851 exparte
1050 3770 1179 3835 accidit
1199 3769 1222 3833 ¹.
1243 3770 1364 3835 Nostri
1384 3770 1613 3835 nihilominus

381 3877 582 3941 molestiam
606 3877 801 3941 maximam
825 3876 922 3940 domi
948 3895 1035 3941 suae
1061 3877 1238 3957 ferebant;
1271 3896 1355 3941 nam
1383 3887 1459 3943 tota
1487 3878 1614 3942 domus

382 4001 497 4065 usque
522 3982 569 4045 ad
592 4001 796 4064 supremam
821 3982 897 4063 ejus
923 3994 1061 4065 partem
1086 3984 1310 4048 scholasticis
1334 3995 1412 4049 erat
1438 3985 1612 4065 exposita,

381 4090 481 4171 quod
494 4090 626 4155 ibidem
640 4100 760 4154 essent
777 4108 900 4155 eorum
916 4091 1060 4155 scholae
1075 4092 1304 4169 constitutae,
1320 4091 1419 4155 etita
1439 4091 1545 4155 etiam
1566 4090 1615 4155 illi

389 4268 584 4280 μ...-

427 4367 435 4398 ¹
464 4364 493 4409 Id
504 4372 557 4409 est:
568 4366 637 4409 bona
647 4365 760 4409 Abbatr's
769 4377 827 4418 non,
838 4373 884 4411 aut
893 4372 995 4421 parum
1007 4372 1087 4418 certe,
1102 4366 1286 4410 consumenda
1297 4366 1462 4411 videbantur
1465 4368 1547 4423 juxta
1561 4378 1621 4412 sen·

380 4438 502 4481 tentiam
513 4445 540 4480 et
550 4438 583 4480 ad
594 4444 706 4481 mentem
716 4438 841 4487 Abbatis,·
849 4437 896 4481 red
906 4437 1002 4480 litibus
1012 4440 1038 4481 et
1046 4437 1111 4481 attts
1118 4438 1217 4489 modis,
1226 4438 1333 4492 ideoque
1342 4448 1392 4483 non
1400 4449 1458 4482 eam
1468 4439 1616 4483 utilitatem

383 4509 432 4552 illu
442 4510 509 4552 bona
519 4509 635 4553 allatura
645 4520 703 4553 esse
713 4509 880 4560 videbuntur,
890 4520 968 4563 quarn
980 4508 1070 4552 Abbas
1078 4508 1165 4553 animo
1176 4516 1340 4564 conceperam
1351 4512 1378 4553 et
1388 4520 1421 4554 ex
1428 4513 1509 4564 parte
1520 4510 1549 4554 td
1559 4510 1618 4561 iam

382 4580 556 4623 cernebatur.

425 4650 437 4681 2
464 4650 530 4695 Vide
541 4663 628 4707 supra.
640 4659 658 4695 t.
669 4663 705 4705 tv,
716 4662 776 4706 pag.
787 4652 836 4703 597,
847 4662 871 4696 n.
882 4651 931 4703 856,
943 4658 1030 4695 annot.
1040 4652 1061 4695 b.
