3642 5350
351 428 406 487 470
810 427 940 488 Canon.
959 425 1037 486 Soc.
1058 424 1129 499 Jns.

353 574 479 655 spiritu
500 570 702 652 hujttsmodi
726 572 888 635 homines
913 571 1142 648 ducerentur,
1162 568 1225 633 sed
1240 569 1349 632 etiam
1363 584 1470 649 quam
1495 570 1589 634 male

353 698 416 745 eos
429 680 584 744 babebat
598 680 747 743 duorum
762 678 1027 759 praedictorum
1038 676 1260 757 praedicatio
1272 693 1316 738 ac
1327 675 1502 753 doctrina,
1514 692 1589 756 qua

353 798 388 852 et
404 787 571 851 catholici
586 785 899 865 confirmabantur,
915 795 950 848 et
964 785 1216 849 animabantur
1230 784 1267 846 in
1283 783 1486 846 orthodoxa
1503 781 1587 862 fide,

355 904 389 959 et
403 894 576 958 haeretici
590 892 908 973 confundebantur,
921 901 956 956 et
967 893 1077 973 aliqui
1088 893 1198 956 etiam
1208 908 1254 954 ex
1268 890 1321 953 eis
1336 889 1383 954 ad
1393 889 1587 959 Dominum

356 1002 669 1066 convertebantur.

414 1108 507 1172 2022.
550 1108 740 1172 Vacabant
770 1108 878 1171 etiam
907 1108 1087 1171 interdum
1119 1106 1372 1187 componendis
1399 1104 1590 1169 discordiis

355 1218 448 1279 inter
465 1216 636 1295 rixantes
663 1224 698 1279 et
723 1214 915 1296 aliquando
940 1225 1129 1295 separatos
1143 1214 1314 1294 conjuges
1335 1211 1587 1276 conciliabant.

356 1322 485 1386 Multos
499 1323 618 1401 etiam,
635 1323 880 1386 consolatione
895 1322 1072 1403 spirituali
1087 1332 1121 1385 et
1136 1320 1286 1385 consilio
1297 1329 1454 1400 egentes
1470 1318 1590 1399 hospi·

355 1432 425 1494 tale
440 1430 548 1492 etiam
562 1428 767 1508 maximum,
785 1430 980 1493 visitabant
994 1447 1065 1493 non
1080 1429 1157 1492 sine
1175 1427 1305 1491 fructu.

415 1535 506 1601 2023.
550 1535 686 1600 Eodem
709 1546 869 1617 tempore
893 1553 981 1599 cura
1006 1536 1225 1614 monialium,
1246 1534 1377 1615 partim
1396 1533 1589 1613 Episcopo,

358 1644 488 1723 partim
514 1642 678 1723 Capitulo
703 1642 937 1721 subditarum,
964 1660 1036 1706 non
1061 1659 1188 1724 parum
1207 1652 1351 1705 nostros
1375 1639 1589 1719 occupabat.

359 1750 532 1831 Quamvis
556 1750 651 1814 enim
675 1768 759 1815 suos
783 1751 950 1831 proprios
974 1750 1146 1814 haberent
1160 1748 1410 1826 confessarios
1426 1749 1484 1811 vel
1504 1764 1588 1826 qua·

358 1858 521 1921 rumdam
541 1874 587 1921 ex
612 1858 681 1920 illis
706 1856 948 1920 confessiones
970 1856 1168 1919 audiendae
1191 1864 1303 1934 erant,
1320 1857 1378 1917 vel
1397 1853 1592 1919 conciones

358 1964 554 2027 habendae.
581 1964 696 2027 Tanta
722 1964 816 2027 enim
842 1963 1032 2043 aliqnando
1046 1965 1138 2026 inter
1161 1979 1224 2026 eas
1244 1962 1371 2025 medici
1395 1961 1594 2041 spiritualis

358 2072 555 2135 necessitas
567 2072 789 2149 occurrebat,
805 2082 842 2134 ut
855 2070 1026 2133 acciderit
1037 2071 1192 2151 aliquam
1200 2080 1294 2133 totos
1303 2070 1451 2149 triginta
1463 2085 1592 2144 annos,

358 2180 534 2243 simulatis
549 2179 832 2243 confessionibus
848 2187 883 2241 et
901 2178 1042 2241 interim
1057 2178 1283 2257 gravissimis
1298 2177 1454 2257 peccatis
1468 2192 1591 2256 perpe·

360 2286 475 2365 tratiS,
493 2284 539 2349 ad
554 2287 839 2350 communionem
855 2286 1063 2349 accessisse.
1079 2284 1123 2348 Et
1137 2286 1220 2365 quia
1235 2285 1332 2365 pium
1346 2284 1415 2347 hoc
1429 2299 1519 2363 opus
1530 2301 1593 2346 no-

358 2393 444 2455 stris
459 2392 780 2457 constitutionibus
807 2409 1004 2457 consonum
1027 2409 1099 2456 non
1124 2400 1190 2469 est,
1215 2390 1309 2472 quod
1324 2408 1448 2454 curam
1473 2390 1596 2471 aliquo

362 2500 467 2563 modo
478 2500 684 2563 monialium
697 2499 828 2563 habere
842 2498 980 2582 [nostri]
992 2498 1210 2576 viderentur,
1224 2498 1426 2561 admonitus
1437 2507 1492 2560 est
1504 2498 1591 2561 litte·

359 2606 410 2670 ris
422 2604 460 2669 P.
474 2605 603 2688 Ignatii
611 2607 679 2670 hoc
691 2606 887 2671 Februario
900 2624 1032 2685 mense,
1044 2614 1082 2668 ut
1093 2622 1132 2668 se
1144 2604 1181 2667 P.
1193 2603 1383 2685 Quintinus
1393 2602 1594 2685 hujusmodi

358 2715 567 2778 monialium
592 2731 679 2778 cura
705 2724 918 2778 exoneraret
946 2717 967 2776 ¹:
994 2723 1029 2777 et
1053 2725 1172 2777 tamen
1193 2713 1420 2777 canonicatui
1436 2731 1480 2776 ea
1506 2728 1593 2782 curu

360 2839 501 2885 annexa
517 2839 563 2885 ex
578 2829 679 2901 parte
691 2821 890 2884 videbatur.

340 2915 350 2942 ⁸
419 2927 511 2990 2024.
555 2927 734 2992 Effecerat
745 2927 819 3008 jam
833 2927 870 2991 P.
887 2927 1078 3008 Quintinus
1090 2937 1127 2990 ut
1140 2928 1356 2992 monasteria
1367 2928 1426 2990 illa
1439 2943 1523 2990 suos
1534 2928 1596 2991 ha-

359 3036 484 3100 berent
511 3035 762 3114 confessarios
789 3036 851 3098 sed
878 3055 898 3100 a
919 3035 1079 3115 generali
1102 3051 1189 3100 cura
1204 3051 1339 3115 eorum,
1363 3034 1532 3116 quamdiu
1548 3051 1594 3103 ex

347 3142 535 3206 fructibus
551 3143 783 3205 canonicatus
798 3143 1077 3221 sustentabatur,
1094 3143 1238 3206 liberari
1253 3159 1333 3205 cum
1348 3140 1597 3205 aedificatione

360 3266 431 3311 non
446 3259 599 3328 poterat.
617 3248 650 3311 A
665 3249 813 3328 speciali
834 3259 952 3313 autem
977 3267 1065 3312 cura
1089 3250 1195 3313 facile
1214 3250 1360 3313 liberari
1383 3267 1422 3313 se
1436 3249 1598 3329 potuisse

361 3356 497 3435 scribit,
514 3355 544 3418 si
559 3357 629 3419 viri
643 3356 802 3435 religiosi
817 3355 971 3420 Tornaci
987 3357 1140 3421 inveniri
1155 3358 1364 3438 potuissent,
1381 3357 1509 3438 quibus
1522 3373 1595 3420 mo·

361 3463 507 3527 nialium
522 3461 725 3543 hujusmodi
743 3481 831 3527 cura
851 3464 1024 3527 committi
1048 3473 1185 3544 posset,
1206 3464 1270 3527 sed
1284 3465 1432 3545 optabat
1448 3463 1594 3527 faculta·

361 3580 433 3634 tem
444 3570 606 3648 erigendi
618 3570 780 3650 collegia,
795 3581 832 3634 ut
845 3572 999 3635 diximus
1008 3555 1033 3647 ³,
1047 3589 1068 3633 a
1080 3570 1179 3651 Rege
1191 3572 1386 3652 impetrari,
1400 3581 1439 3634 ut
1450 3571 1598 3634 omnino

363 3678 616 3742 canonicatum
631 3679 856 3758 relinqueret.
873 3678 1046 3759 Quamvis
1065 3681 1159 3742 enim
1178 3680 1236 3743 ille
1255 3679 1471 3758 suggerebat
1491 3666 1595 3757 q‘uas-

360 3786 444 3849 dam
460 3786 670 3850 occasiones
685 3785 871 3849 excolendi
886 3776 1032 3849 liberius
1047 3788 1189 3851 vineam
1208 3785 1363 3865 Domini,
1384 3787 1597 3864 praesertim

362 3893 398 3955 in
412 3909 551 3956 summo
567 3893 710 3972 templo,
724 3893 842 3972 aliqua
855 3904 974 3956 tamen
985 3894 1211 3957 incommoda
1223 3894 1305 3957 inde
1323 3893 1596 3977 proveniebant,

359 3999 452 4062 inter
483 4015 575 4078 quae
601 3999 686 4062 illud
710 4001 902 4080 praecipue
928 4017 1074 4063 movere
1098 4000 1286 4064 videbatur
1311 4000 1349 4064 Ρ.
1375 4000 1598 4081 Quintinum,

363 4105 458 4184 quod
474 4107 591 4168 minus
607 4116 797 4186 appareret
808 4103 999 4170 Societatis
1010 4115 1156 4170 nostrae
1169 4108 1369 4171 institutum
1381 4120 1416 4172 et
1428 4109 1601 4188 religiosa

364 4214 513 4277 intentio
530 4215 566 4276 in
581 4213 781 4276 animarum
797 4213 911 4275 salute
927 4213 1098 4292 curanda,
1119 4223 1154 4276 et
1174 4214 1255 4278 ideo
1274 4224 1447 4296 paratum
1458 4232 1498 4279 se
1517 4214 1595 4280 olle

362 4320 463 4383 rebat
479 4319 524 4382 ad
541 4320 662 4383 statim
678 4319 947 4400 relinquendum
962 4321 1226 4401 canonicatum,
1242 4324 1351 4386 etiam
1365 4323 1523 4387 nondum
1537 4324 1600 4391 im*

362 4435 502 4504 peltata
517 4426 686 4490 facultate
702 4426 908 4490 instituendi
924 4428 1076 4507 collegii.

402 4597 409 4627 ¹
442 4595 633 4649 Vldesupra,n
653 4595 714 4640 2004.

401 4667 412 4698 ²
441 4665 643 4720 stuprandum.
