3642 5350
340 357 395 421 216
797 355 925 420 ennox.
946 354 1022 419 Soc.
1042 356 1112 434 Jas.

341 507 507 571 scebatur
530 504 623 570 unde
643 516 760 573 ortum
780 507 961 573 habuisset
980 507 1141 573 molestia
1159 506 1292 573 nostris
1314 504 1483 584 exhibita,
1504 505 1565 588 qui

342 623 461 679 tamen
475 601 696 694 cogebantur
709 626 840 692 tacere,
857 632 939 681 cum
954 616 1252 680 existimationem
1270 612 1459 681 societatis
1473 612 1566 695 apud

342 718 550 801 Superiores
564 738 650 785 suos
671 731 705 786 et
727 722 828 801 alios,
854 732 929 786 tam
947 722 1209 788 ecclesiasticos
1234 739 1341 804 quam
1364 722 1567 787 saeculares

343 828 535 909 Principes,
551 827 723 893 viderent.
737 828 827 893 Cum
839 838 958 893 tamen
966 828 1041 909 Jam
1052 829 1327 895 concionaturus
1340 840 1446 908 esset,
1462 829 1566 893 obsti·

343 946 449 1000 natus
463 934 521 999 ille
535 935 726 1016 parochus,
742 938 799 1001 vel
813 937 875 1001 alii
888 936 965 1020 ejus
980 936 1079 1017 socii,
1097 955 1118 1000 a
1134 938 1317 1019 campanis
1331 936 1475 1015 serrum,
1496 952 1565 1018 quo

344 1044 540 1124 pulsantur,
562 1041 794 1109 abstulerunt.
817 1044 863 1108 Et
885 1061 966 1109 cum
988 1044 1143 1108 secundo
1165 1045 1441 1109 concionaturus
1461 1052 1566 1122 esset,

344 1148 871 1231 suggestnmilliperioderant,
888 1151 988 1215 etita
1008 1152 1044 1215 in
1062 1150 1146 1216 sede
1166 1151 1211 1216 ad
1231 1153 1344 1217 altare
1362 1150 1569 1217 concionari

345 1257 476 1324 debuit.

404 1365 476 1429 794.
519 1368 740 1433 Cumautem
751 1366 1017 1448 Suffraganeus,
1031 1367 1119 1431 haec
1131 1366 1343 1445 intelligens,
1356 1366 1481 1431 merito
1494 1382 1569 1431 suc-

346 1484 507 1539 censeret
533 1475 687 1554 clericis,
713 1491 815 1539 suam
840 1474 1088 1539 auctoritatem
1117 1474 1212 1538 dedit
1237 1472 1488 1551 Gubernatori,
1519 1481 1569 1547 ut,

345 1580 450 1645 simul
463 1598 544 1646 cum
558 1581 707 1647 Vicario
723 1584 745 1662 ¹,
761 1581 912 1646 ciericos
924 1580 959 1645 in
971 1598 1151 1647 carcerem
1163 1590 1283 1663 posset
1297 1578 1484 1660 conjicere.
1501 1578 1571 1645 Sed

347 1705 429 1753 cum
443 1688 611 1753 Vicarius
625 1688 913 1753 adversariorum
927 1697 1021 1753 esset
1036 1698 1155 1769 caput,
1177 1704 1245 1751 non
1268 1696 1349 1751 sunt
1363 1688 1498 1752 inventi
1512 1704 1571 1751 au·

348 1805 466 1860 ctores
480 1794 584 1876 huJus
598 1797 661 1873 rei,
678 1796 842 1878 quamvis
856 1813 902 1859 ex
917 1796 1056 1877 publica
1071 1796 1166 1859 lama
1182 1802 1362 1859 constaret
1376 1810 1456 1858 esse
1470 1810 1570 1875 quos·

348 1904 429 1967 dam
444 1922 490 1967 ex
504 1904 757 1970 sacerdotibus.
774 1903 848 1968 Nec
863 1904 897 1967 id
917 1903 1037 1967 nocuit
1053 1902 1232 1981 Societati,
1250 1919 1333 1967 nam
1347 1920 1389 1967 ea
1405 1902 1541 1966 ratione
1560 1900 1571 1931 ¹

347 2010 454 2074 etiam
471 2009 670 2074 adversarii
683 2028 722 2075 se
737 2011 872 2075 amicos
887 2027 966 2075 esse
981 2010 1247 2092 profitebantur.

407 2116 478 2181 795.
522 2116 675 2182 Pulsatis
694 2135 781 2199 ergo
805 2118 1001 2199 campanis,
1029 2116 1133 2182 tertio
1158 2117 1390 2182 concionatus
1413 2126 1467 2181 est
1493 2134 1573 2185 cum

347 2224 632 2306 frequentissimo
648 2225 836 2305 auditorio;
852 2225 1016 2306 quamvis
1030 2242 1111 2289 cum
1127 2228 1241 2306 primo
1255 2236 1290 2289 et
1305 2223 1461 2289 secundo
1476 2242 1574 2305 prae·

348 2331 495 2407 dicaret,
510 2331 713 2414 Campanae
728 2333 862 2413 pulsari
875 2350 947 2397 non
963 2332 1153 2413 potuerint,
1169 2332 1370 2413 frequentes
1381 2342 1500 2397 tamen
1515 2350 1574 2396 au·

349 2438 482 2503 ditores
496 2450 753 2530 convenerant;
775 2449 809 2504 et
824 2440 885 2510 ita.
907 2437 1002 2520 quod
1016 2439 1142 2504 attinet
1157 2438 1203 2503 ad
1218 2439 1375 2519 ipsorum
1398 2439 1575 2504 existima·

349 2546 480 2611 tionem
494 2555 529 2610 et
543 2546 791 2613 auctoritatem
810 2546 1017 2627 societatis,
1037 2547 1104 2611 hae
1125 2547 1262 2611 ratione
1282 2548 1482 2611 consultum
1502 2546 1574 2610 fue·

348 2664 416 2720 rat.
438 2654 538 2720 Unus
557 2655 723 2720 inventus
742 2665 795 2720 est
814 2654 968 2735 Romae,
990 2656 1049 2737 qui
1069 2654 1104 2719 in
1125 2654 1285 2719 savorem
1305 2654 1455 2736 parochi
1483 2654 1575 2720 illius

348 2762 536 2843 seriberet;
552 2771 587 2827 et
602 2762 698 2826 illum
716 2759 728 2792 ⁸
747 2762 964 2827 haereticum
986 2773 1020 2826 et
1041 2763 1275 2844 depravatum
1295 2761 1473 2827 hominem
1494 2779 1574 2826 esse

352 2868 541 2934 terebatur.
1463 2935 1465 2938 .
1557 2881 1560 2890 ⁴

408 2975 479 3041 796.
523 2975 713 3058 Postquam
726 2987 846 3042 autem
864 2985 919 3041 ter
941 2976 975 3041 in
996 2976 1178 3058 praedicta
1199 2975 1371 3059 parochia
1389 2977 1576 3040 conciona-

350 3092 407 3148 tus
421 3092 530 3160 esset,
546 3083 592 3148 ad
610 3085 780 3149 sacellum
797 3084 1030 3148 domesticum
1050 3101 1089 3148 se
1111 3085 1262 3165 recepit,
1284 3093 1321 3148 et
1339 3082 1375 3147 id
1393 3082 1438 3146 ob
1461 3081 1576 3147 mode·

350 3190 470 3269 stiam,
491 3209 535 3254 ae
554 3190 722 3256 facultate
740 3191 807 3256 sibi
825 3209 996 3256 concessa
1017 3190 1247 3273 praedicandi
1267 3191 1379 3258 inilia
1400 3189 1572 3271 parochia

351 3296 497 3362 nimium
511 3299 561 3361 uti
576 3297 767 3377 videretur,
783 3298 947 3378 quamvis
962 3298 1194 3364 attentissime
1210 3307 1244 3362 et
1259 3297 1444 3376 benevole,
1468 3305 1506 3361 ut
1528 3297 1579 3361 vi·

352 3404 511 3484 debatur,
525 3404 666 3469 auditus
680 3406 814 3485 luisset,
827 3423 892 3470 nec
905 3405 982 3488 ipsa
993 3405 1239 3472 Communitas
1252 3405 1443 3486 quicquam
1454 3412 1579 3469 contra

353 3522 495 3576 nostros
520 3521 745 3588 attentasset,
766 3511 829 3578 sed
849 3512 993 3593 quidam
1012 3513 1143 3595 privati
1163 3513 1335 3592 homines,
1352 3521 1386 3598 et
1401 3527 1492 3592 quae
1514 3527 1579 3576 sua

353 3629 434 3684 sunt
449 3627 672 3700 quaerentes,
688 3619 796 3684 totius
809 3622 980 3684 tumuitus
995 3637 1104 3685 causa
1120 3619 1273 3685 suerunt

412 3726 483 3791 797.
526 3725 653 3790 Visum
675 3736 728 3790 est
748 3727 975 3792 nihilominus
1001 3727 1168 3809 expedire
1193 3738 1232 3792 ut
1261 3727 1300 3792 P
1326 3725 1491 3794 Andreas
1516 3677 1582 3790 Ar·

354 3844 462 3916 genta
489 3832 683 3898 Lauretum
710 3835 985 3915 transferretur,
1016 3836 1217 3917 quodcum
1245 3835 1461 3900 intellectum
1489 3842 1582 3897 esset

355 3942 415 4007 illo
435 3941 471 4007 in
492 3940 644 4023 oppido,
668 3957 775 4021 aegre
797 3942 988 4007 admodum
1003 3941 1126 4025 optimi
1149 3944 1277 4025 quique
1293 3943 1464 4014 tulerunt:
1482 3939 1582 4006 etita

355 4049 580 4115 Gubernator
600 4058 636 4113 et
657 4048 805 4114 Ducalis
826 4049 1107 4130 chamarlengus
1122 4067 1165 4114 ac
1180 4050 1280 4114 multi
1295 4048 1339 4113 de
1353 4049 1510 4114 Consilio
1530 4047 1582 4111 lit·

355 4167 451 4222 teras
474 4157 518 4222 ab
540 4157 703 4221 omnibus
724 4155 943 4237 subscriptas
964 4157 1060 4222 Patri
1082 4158 1237 4239 Laynez,
1253 4155 1412 4233 Vicario,
1435 4154 1583 4235 scripse·

355 4274 460 4345 runt,
483 4264 608 4345 quibus
629 4264 725 4328 vitae
750 4266 950 4346 exemplum
974 4275 1009 4329 et
1037 4264 1236 4332 doctrinam
1264 4263 1437 4346 praedicti
1466 4261 1583 4328 Patris

362 4405 574 4417 ...μ-

403 4469 411 4500 ⁸
440 4467 511 4523 scit..
521 4475 549 4514 ut
561 4468 615 4524 lpse
625 4475 651 4513 et
662 4467 796 4513 vicarius.

399 4541 412 4574 ¹
438 4539 489 4594 Slc;
498 4540 597 4584 rectius
607 4541 718 4584 tortasse
728 4542 875 4584 occasione.

399 4612 412 4646 ⁸
438 4610 611 4668 Scll.,scriptl
623 4617 765 4657 auctorem.
