3642 5350
685 471 690 481 .
754 408 819 477 Aa.
840 406 909 477 1556
1393 404 1445 474 321
1518 422 1523 431 ·

220 562 300 631 tulit
314 582 394 630 cum
405 562 577 644 Pro-rege
588 571 610 643 ¹,
623 562 683 645 qui
698 562 861 644 probavit
875 561 968 625 hane
979 559 1091 642 ipsius
1104 559 1358 641 profectionem
1369 569 1448 642 post
1496 592 1503 607 ·

223 674 312 739 duos
333 675 391 738 vel
413 683 486 737 tres
506 688 657 749 menses,
678 670 801 749 idest,
824 686 947 732 mense
970 669 1076 752 Junio
1094 669 1153 732 uei
1170 667 1280 750 Julio;
1303 684 1386 731 nam
1405 683 1449 730 eo

225 791 383 864 ternpore
398 795 607 861 responsum
624 796 645 841 a
660 778 759 842 curia
775 774 884 857 Regis
904 775 1136 855 expectabat,
1157 774 1252 856 quod
1266 774 1450 838 attinetad

224 890 479 972 depositionem
503 886 638 965 oneriS,
666 883 760 967 quod
785 884 934 964 gerebat
959 885 995 947 in
1019 884 1120 964 regni
1144 882 1285 948 Siciliae
1306 881 1452 946 admini-

224 998 407 1062 stratione.

286 1103 374 1169 1309.
418 1102 463 1167 Et
475 1102 505 1166 si
516 1117 597 1165 eam
607 1100 813 1165 facultatem
826 1098 1184 1178 obtinuisset,seeum
1196 1098 1233 1167 in
1244 1097 1455 1180 Hispaniam

225 1212 356 1277 iturum
379 1209 536 1287 dicebat,
552 1208 608 1272 sin
623 1209 755 1287 minus,
777 1224 858 1272 cum
879 1207 992 1288 ipsius
1012 1206 1082 1270 filio
1098 1205 1340 1288 profecturum
1362 1222 1453 1283 esse,

224 1329 260 1385 et
285 1328 365 1401 post
391 1335 456 1382 sex
475 1317 533 1381 vei
556 1324 693 1397 septem
713 1331 854 1379 menses
872 1315 909 1378 in
933 1313 1091 1379 Siciliam
1115 1314 1231 1396 ipsum
1255 1313 1371 1378 redire
1396 1330 1453 1377 cu·

229 1424 385 1509 piebat'.

288 1533 378 1599 1310.
421 1533 642 1598 Facultatem
659 1529 1455 1612 etiampostulavit⁵P.Hieronymusjuvenes

231 1643 370 1724 aliquos
389 1660 434 1706 ex
454 1642 513 1705 illa
539 1639 728 1704 Provincia
749 1636 773 1719 ⁴,
797 1639 855 1720 qui
881 1625 1008 1721 sponte
1030 1640 1152 1703 venire
1166 1640 1297 1703 veilent
1321 1647 1356 1701 et
1377 1639 1457 1701 'sine

229 1750 464 1831 collegiorum
476 1748 687 1812 detrimento
699 1756 859 1828 possent.
873 1748 909 1811 in
922 1744 1078 1811 Siciliam
1091 1763 1210 1811 secum
1223 1745 1422 1810 adducendi
1433 1741 1455 1805 ⁵.

291 1856 379 1921 1311.
420 1855 512 1937 Quia
526 1871 612 1919 vero
628 1854 758 1917 mentio
772 1854 867 1918 facta
881 1863 935 1917 est
953 1853 997 1917 de
1011 1870 1154 1918 recessu
1169 1853 1349 1935 Pro-regis
1360 1876 1374 1932 ,·
1388 1853 1457 1916 hoc

228 1966 264 2029 in
279 1981 388 2028 causa
402 1972 490 2041 erat,
506 1961 601 2044 quod
615 1959 760 2040 negotia
774 1960 885 2025 Ducis
899 1960 1071 2040 Bibonae,
1088 1961 1211 2041 generi
1224 1958 1237 1991 ⁰
1251 1962 1323 2038 sui,
1344 1962 1380 2025 in
1401 1979 1459 2027 cu·

229 2074 283 2137 ria
297 2071 406 2152 Regis
421 2071 473 2134 sic
488 2076 738 2149 tractarentur,
752 2077 789 2132 ut
805 2078 878 2133 tam
892 2085 1025 2148 genero
1038 2086 1144 2150 quarn
1155 2086 1280 2133 socero
1293 2066 1459 2148 injuriam

230 2179 305 2245 lieri
320 2178 468 2243 Pro-rex
483 2178 715 2256 existimaret,
733 2194 814 2241 cum
828 2176 906 2240 Rex
921 2176 932 2207 ⁷
947 2176 1053 2241 vellet
1069 2194 1112 2241 ea
1128 2177 1164 2240 in
1177 2176 1351 2258 Hispania
1371 2175 1460 2257 judi·

230 2288 317 2367 cari,
334 2304 376 2351 eo
392 2286 486 2368 quod
501 2285 698 2350 adversarii
710 2285 822 2349 Ducis
833 2293 1038 2366 suspectum
1048 2285 1116 2348 sibi
1128 2281 1345 2365 Pro-regem,
1359 2293 1397 2349 ut
1409 2302 1461 2348 so·

230 2412 366 2474 cerum,
387 2392 619 2458 affirmabant.
643 2392 683 2456 Id
704 2402 821 2455 autem
843 2402 968 2457 contra
987 2392 1175 2473 privilegia
1196 2393 1298 2472 regni
1319 2391 1461 2456 Siciliae

231 2511 307 2568 erat
321 2512 355 2567 et
371 2500 572 2566 auctoritati
587 2499 768 2581 Pro·regis
782 2498 996 2580 derogabat;
1013 2509 1048 2564 et
1062 2500 1093 2563 si
1107 2500 1251 2581 aliquod
1266 2499 1462 2564 remedium

231 2610 314 2675 huic
328 2608 552 2675 incommodo
567 2626 638 2672 non
654 2608 897 2687 adhibebatur,
912 2607 1120 2671 decreverat
1135 2607 1171 2671 in
1186 2607 1396 2689 Hispaniam
1420 2625 1462 2671 ac

232 2717 375 2783 domum
389 2735 491 2782 suam
505 2719 518 2753 ⁸
531 2717 659 2781 redire.
678 2717 722 2779 Et
736 2719 785 2781 ita
800 2716 891 2796 Regi
905 2717 1060 2799 scripsit;
1076 2724 1110 2780 et
1126 2715 1160 2778 id
1183 2715 1462 2782 communicavit

234 2843 314 2891 cum
328 2824 366 2890 P.
382 2824 610 2904 Provincian,
622 2834 661 2887 ut
678 2840 737 2887 res
752 2823 905 2888 Domino
921 2822 1242 2888 commendaretur.

278 3101 286 3134 ¹
316 3100 492 3156 Scil,Jnaune
502 3100 534 3145 de
544 3098 631 3155 Vepa.

279 3172 292 3206 ί
317 3173 424 3218 Rectius
434 3173 500 3216 baec
511 3173 699 3227 intelligentur.
709 3171 730 3217 sl
742 3171 913 3228 disponantur
922 3173 969 3218 sic:
979 3169 1036 3228 “En
1046 3172 1068 3217 sl
1079 3184 1138 3219 eam
1149 3173 1301 3219 laenitatem
1312 3173 1466 3222 obtinuisset

235 3245 353 3300 Pro-rex,
362 3256 449 3290 seeum
459 3243 564 3288 Patrem
577 3243 762 3302 Hieronymum
773 3245 799 3289 ln
810 3245 964 3301 Hispaniam
978 3245 1151 3290 adducturum
1160 3246 1273 3300 diceban
1284 3247 1325 3291 siu
1338 3247 1429 3302 minus,
1440 3251 1467 3294 in

235 3320 274 3364 aui
286 3318 332 3362 lilii
343 3317 472 3362 comitatu
481 3327 539 3361 eum
549 3317 696 3372 missurum
706 3323 741 3372 et,
750 3323 887 3373 postquam
894 3329 943 3362 sex
948 3319 1100 3373 velsepten
1107 3331 1207 3364 menses
1215 3320 1241 3364 ln
1249 3317 1378 3375 Hispania
1387 3322 1469 3368 Pater

237 3391 411 3449 Hieronymus
420 3391 562 3444 exegisset,
573 3389 599 3433 ln
609 3388 725 3436 Siciliam
734 3390 885 3435 sumredire
896 3391 1041 3446 cupiebat„

278 3463 290 3496 ⁸
316 3463 381 3507 ΑΡ.
390 3461 504 3516 ignatio.

277 3535 290 3568 Α
317 3533 385 3586 Seii..
397 3545 428 3578 ex
440 3533 575 3590 Hispania,
587 3540 613 3579 et
624 3545 674 3580 non
682 3539 783 3580 tantum
794 3545 825 3578 ex
836 3534 1011 3590 aragonensi
1019 3534 1160 3582 societatis
1169 3536 1317 3593 Provincia,
1325 3538 1399 3595 euius
1407 3551 1471 3596 pars

239 3612 297 3653 erat
307 3604 447 3652 Valentiae
457 3617 574 3660 regnum.

278 3678 291 3712 ⁸
317 3677 379 3723 “Dei
390 3685 465 3734 poter
476 3688 565 3723 menar
576 3677 662 3722 alcuni
673 3689 690 3721 a
699 3677 789 3723 Sicilia
802 3680 864 3723 sara
874 3679 955 3724 molto
964 3680 1060 3737 glustn,
1070 3683 1197 3737 perlando
1208 3684 1234 3728 di
1249 3684 1329 3739 quelli
1340 3684 1387 3729 ebe
1398 3683 1431 3728 V.
1442 3684 1472 3728 R.

239 3752 372 3795 accettara
382 3750 407 3794 dl
418 3751 452 3794 ia.
463 3749 496 3793 Se
506 3749 528 3794 si
539 3751 616 3805 paria
626 3751 695 3805 degli
706 3751 777 3804 altri,
793 3753 854 3795 sara
864 3753 1012 3797 necessario
1022 3754 1041 3797 il
1050 3765 1176 3800 consenso
1191 3756 1232 3801 dei
1246 3756 1276 3802 P.
1289 3755 1446 3809 Franceseo,
1456 3769 1471 3799 e

240 3824 294 3868 eosl
308 3822 375 3867 sueni
388 3823 414 3866 ln
428 3823 503 3867 buon·
518 3822 583 3878 bora
598 3824 625 3867 ia
640 3827 717 3878 pente
728 3823 775 3868 ebe
784 3826 883 3879 potra,
893 3823 1030 3880 Poiancus,
1041 3837 1074 3870 rx
1083 3838 1160 3882 eom„
1169 3827 1243 3874 Patri
1253 3827 1412 3887 Hieronymo
1421 3827 1473 3873 Do·

241 3894 355 3949 menecb,
366 3893 415 3938 2l.·
423 3894 533 3949 Aprilis.

279 3965 292 3998 ⁰
318 3965 490 4020 iris.genaris.

279 4038 290 4069 ἵ
318 4037 453 4094 Philippus
463 4038 497 4083 11.

277 4108 289 4142 ⁸
315 4109 345 4153 iu
355 4121 429 4154 snum
438 4109 644 4157 Mareblonatum
650 4111 767 4169 Graialls
774 4111 829 4166 (del
838 4113 1023 4170 Graiaii.Vlde
1033 4114 1110 4170 inira,
1120 4127 1148 4159 n.
1161 4115 1395 4162 1³15.-Estautem
1405 4118 1474 4163 Gra·

234 4181 277 4236 jai
291 4182 325 4226 de
335 4181 457 4237 Campos,
471 4183 592 4238 oppidum
608 4184 633 4228 ln
648 4185 784 4240 provincia
799 4190 826 4229 et
840 4185 952 4230 dioecesi
966 4186 1130 4242 Legionensl.
1145 4186 1192 4242 Ibi,
1208 4189 1235 4232 iu
1249 4189 1361 4235 ecclesia
1377 4189 1469 4236 Sancti

237 4251 372 4298 Michaelis
381 4253 582 4308 Archangelum
592 4261 702 4310 utroque
710 4256 802 4301 summi
809 4257 903 4302 altaris
913 4269 993 4303 cornu
1007 4261 1048 4304 “se
1059 4269 1150 4303 venen
1163 4261 1285 4305 uastante
1293 4263 1400 4308 numero
1411 4274 1470 4317 pre·

238 4326 322 4370 eiosas
332 4326 454 4381 reliquias
464 4325 556 4371 dentre
566 4327 598 4371 de
608 4328 741 4388 preciosas
750 4329 882 4382 aiaeenas,
892 4341 941 4373 eon
952 4331 1049 4374 inertes
1058 4331 1128 4386 reias
1136 4332 1167 4375 de
1177 4332 1272 4389 bierro;
1285 4345 1313 4378 es
1323 4336 1415 4389 regalo
1424 4334 1468 4379 be·

239 4397 287 4443 clio
298 4408 344 4453 por
354 4397 428 4442 Delia
438 4397 541 4444 honor
551 4398 643 4444 Osorlo
653 4399 768 4454 (Joanuis
778 4401 809 4444 de
824 4400 908 4456 Vega,
917 4413 990 4448 uxor.
1002 4401 1068 4446 Vide
1082 4414 1170 4458 supra,
1181 4410 1201 4448 ι.
1211 4415 1229 4459 ι,
1239 4416 1300 4460 pau.
1310 4406 1359 4460 210,
1377 4419 1403 4451 n.
1414 4407 1472 4462 170),

239 4473 256 4515 ii
266 4469 342 4524 quien
351 4471 376 4514 el
386 4469 459 4525 Papa
469 4469 551 4515 Paulo
559 4469 596 4515 lii
603 4471 743 4526 distinguit)
754 4483 802 4516 eon
812 4474 835 4516 ei
846 4474 964 4527 singular
973 4475 1112 4529 privilegio
1120 4475 1152 4519 de
1162 4477 1244 4531 elegit
1253 4479 1293 4522 las
1300 4489 1351 4533 que
1358 4484 1467 4532 gustase

241 4543 272 4586 de
282 4553 314 4587 su
323 4542 439 4586 oratorio
451 4544 537 4598 papal,
548 4543 720 4588 eseudandoia
731 4555 778 4589 eon
789 4546 815 4589 la
829 4551 992 4601 competente
1002 4547 1144 4604 autentica,
1160 4559 1207 4604 por
1223 4560 1257 4593 un
1272 4549 1367 4607 Breve,
1383 4563 1432 4606 que
1445 4563 1476 4596 se

243 4622 372 4658 conserva
380 4613 497 4730 enargcho
508 4615 652 4672 reliceris„
662 4614 763 4672 Menos,
774 4615 946 4662 Dicctonan'o
955 4619 1103 4676 geografico
1109 4630 1128 4675 y
1138 4619 1296 4666 esiadlstico
1305 4621 1339 4666 de
1349 4621 1472 4678 Espuiia,

245 4691 266 4734 t.
277 4695 333 4740 vnr,
343 4695 403 4742 pap.
457 4719 462 4730 .

396 4775 434 4834 Τ.
458 4793 497 4836 ιι.
1247 4797 1279 4836 ιι
