3642 5350
342 401 398 464 682
802 401 931 465 Caaou.
951 401 1028 463 Soc.
1047 401 1118 476 Jns.

402 547 494 612 2720.
539 547 796 615 Sabnanticam
823 551 933 614 etiam
960 549 1103 632 scripsit
1131 549 1177 614 ad
1206 551 1395 629 quemdam
1423 549 1576 613 amicum

336 655 436 739 quod
450 657 526 737 ipse
541 656 721 721 nitebatur
734 657 877 738 quidem
891 673 1051 722 errorem
1073 657 1118 720 ab
1137 656 1319 720 hominum
1338 656 1467 721 animis
1480 673 1575 720 amo·

338 782 430 828 vere
456 765 604 844 (eorum,
627 764 774 843 scilicet,
799 765 859 846 qui
880 781 968 844 erga
990 763 1205 829 Societatem
1227 763 1346 828 affecti
1367 763 1497 842 erant),
1513 762 1577 827 sed

335 870 436 952 quod
461 871 548 934 nihil
573 871 800 952 proficiebat;
827 881 862 935 et
887 888 1034 953 prorsus
1059 872 1109 936 ita
1132 880 1229 950 erat;
1256 887 1340 935 nam
1364 869 1515 934 tacendo
1541 879 1577 934 et

336 976 442 1060 operi
462 978 637 1057 vacando,
665 975 826 1044 Societas
846 989 971 1043 nostra
991 977 1065 1058 eJ'us
1085 978 1361 1043 obtrectationes
1383 977 1478 1041 facto
1496 977 1575 1057 ipso

337 1085 562 1150 confutabat.

399 1191 492 1256 2721.
534 1191 687 1257 Demum
705 1192 864 1257 Nuncius
878 1191 1107 1274 Apostolicus
1121 1193 1267 1256 vocavit
1286 1191 1475 1256 Rectorem
1495 1190 1574 1255 Col·

336 1299 427 1378 legii
440 1297 498 1362 S.t¹
517 1297 629 1378 Pauli,
645 1299 707 1362 ubi
726 1298 868 1378 legebat
888 1297 927 1362 P.
950 1297 1085 1378 Canus,
1109 1306 1145 1362 et
1164 1298 1335 1378 graviter,
1357 1315 1448 1378 quae
1468 1297 1513 1361 ab
1532 1315 1575 1360 eo

336 1405 561 1484 dicebantur,
578 1404 803 1487 reprehendit
819 1424 826 1485 ;
850 1415 885 1469 et
904 1405 954 1470 ita
969 1406 1005 1468 in
1020 1405 1137 1470 medio
1156 1405 1320 1469 lectionis
1338 1421 1447 1468 cursu
1463 1403 1573 1468 subsi-

336 1522 433 1578 stere
453 1513 595 1592 debuit,
622 1521 657 1576 et
682 1531 763 1576 cum
785 1513 831 1577 ad
856 1514 1000 1578 tertium
1021 1522 1127 1593 caput
1149 1512 1320 1593 epistolae
1340 1511 1572 1593 pervenisset,

338 1619 592 1685 Salmanticam
607 1621 704 1683 velut
721 1619 891 1684 confusus
905 1619 1068 1694 recessit;
1091 1637 1172 1683 cum
1193 1621 1228 1684 in
1244 1629 1416 1700 suggestu
1432 1619 1571 1683 concio·

338 1725 458 1792 nando
470 1726 619 1790 dixisset
633 1743 743 1790 unum
754 1745 799 1790 ex
814 1725 1008 1808 majoribus
1019 1726 1132 1806 signis
1146 1726 1256 1790 vicini
1271 1725 1495 1804 Antichristi,
1512 1728 1570 1788 vel

336 1832 412 1914 jam
427 1832 513 1912 nati,
528 1849 606 1896 esse
621 1831 856 1914 frequentiam
871 1842 1189 1897 sacramentorum.

399 1938 491 2002 2722.
534 1938 587 2002 Eo
612 1948 732 2003 autem
758 1947 916 2020 tempore
939 1956 1008 2030 quo
1031 1938 1214 2020 praedicta
1240 1939 1309 2003 duo
1333 1941 1452 2020 capita
1473 1940 1571 2020 legit,

335 2057 473 2128 septem
492 2048 551 2110 vel
570 2055 652 2110 octo
672 2047 839 2112 doctores
864 2056 899 2110 et
920 2047 1092 2110 licentiati
1112 2058 1146 2111 et
1166 2047 1274 2128 aliqui
1293 2064 1416 2111 eorum
1438 2047 1571 2128 publici

335 2157 504 2232 lectores,
523 2171 611 2235 quos
626 2153 888 2217 cathedraticos
907 2164 1055 2232 vocant,
1078 2153 1293 2218 Societatem
1311 2164 1471 2217 nostram
1490 2162 1572 2218 sunt

336 2262 492 2341 ingressi
507 2277 514 2339 ;
536 2272 574 2324 ut
588 2263 682 2324 salse
697 2260 841 2342 quidam
853 2279 899 2325 ex
909 2261 1044 2324 nostris
1054 2260 1199 2341 dixerit,
1217 2260 1246 2323 si
1258 2261 1444 2340 epistolam
1456 2260 1494 2323 P.
1508 2259 1570 2325 Ca·

333 2383 404 2431 nus
417 2369 628 2448 perlegisset
647 2364 867 2448 [integram.
887 2376 1048 2432 nostram
1069 2367 1288 2448 probationis
1307 2367 1450 2431 domum
1468 2383 1570 2448 capa-

332 2492 413 2538 cem
430 2492 502 2538 non
521 2475 677 2540 futuram
697 2485 771 2538 tam
790 2475 998 2554 multorum,
1022 2475 1082 2555 qui
1102 2474 1148 2538 ad
1163 2473 1351 2539 Societatis
1373 2475 1572 2538 institutum

341 2583 589 2646 movebantur.

393 2688 485 2755 2723.
529 2689 680 2754 Praeses
699 2690 806 2754 etiam
826 2689 966 2753 consilii
980 2690 1071 2769 regii
1089 2688 1109 2768 ¹,
1131 2688 1230 2769 cujus
1246 2691 1385 2753 animus
1404 2690 1449 2753 ob
1463 2689 1567 2753 fami-

333 2797 526 2862 liaritatem
542 2796 580 2860 Ρ.
599 2796 689 2861 Cani
708 2799 743 2860 in
763 2798 908 2861 dubium
927 2808 1119 2861 revocatus
1134 2798 1248 2861 fuerat
1268 2800 1387 2861 multis
1407 2798 1443 2861 in
1464 2796 1569 2861 rebus

330 2904 380 2967 ad
394 2903 608 2969 Societatem
623 2905 896 2985 pertinentibuS,
914 2922 995 2969 cum
1011 2902 1196 2969 Simancas
1212 2904 1256 2968 ad
1276 2904 1314 2969 Ρ.
1336 2904 1569 2968 Franciscum

333 3010 502 3091 Borgiam
516 3012 685 3089 venisset,
700 3011 760 3075 ubi
776 3021 810 3074 et
826 3011 865 3074 P.
878 3010 1017 3077 Natalis
1028 3011 1103 3092 jam
1118 3022 1207 3091 erat,
1221 3030 1301 3076 cum
1314 3012 1433 3076 omnia
1447 3012 1483 3074 in
1499 3027 1567 3074 me·

331 3119 431 3182 dium
446 3120 688 3199 proposuisset
715 3120 802 3183 etei
823 3136 1034 3199 responsum
1054 3129 1163 3199 esset,
1185 3119 1325 3184 abunde
1345 3120 1411 3183 sibi
1427 3116 1565 3183 satisfa-

337 3234 433 3288 ctum
448 3242 526 3292 esse
543 3226 727 3289 confessus
742 3234 807 3289 est.

390 3332 482 3396 2724.
526 3331 678 3413 Quidam
693 3335 801 3397 etiam
820 3352 866 3397 ex
887 3334 1101 3414 primoribus
1120 3334 1315 3415 Hispaniae
1335 3334 1460 3397 eodem
1480 3342 1567 3397 tem-

332 3457 429 3521 pore,
447 3459 517 3523 quo
531 3440 735 3521 praedictus
756 3440 861 3504 Pater
881 3450 1024 3505 nostros
1044 3442 1305 3519 insectabatur,
1328 3458 1409 3505 cum
1424 3441 1469 3504 ab
1488 3440 1567 3522 ipso

327 3549 439 3629 aliqui
455 3565 501 3612 ex
515 3548 646 3611 nostris
667 3548 734 3611 sibi
755 3549 936 3625 timerent,
959 3548 1006 3612 ad
1027 3548 1064 3613 P.
1087 3548 1320 3613 Franciscum
1341 3547 1508 3625 accessit,
1532 3556 1567 3611 et

330 3665 418 3720 voto
434 3656 576 3735 emisso,
593 3654 668 3735 ejus
683 3656 906 3719 obedientiae
922 3673 961 3719 se
975 3655 1136 3736 subjecit.

389 3761 480 3827 2725.
523 3762 644 3842 ltaque
660 3764 808 3827 multum
823 3764 937 3827 nostri
952 3780 990 3825 se
1006 3764 1135 3827 debere
1150 3762 1382 3827 concionibus
1397 3770 1502 3843 atque
1517 3763 1579 3824 le·'

326 3869 504 3933 ctionibus
519 3869 557 3933 Ρ.
575 3869 665 3934 Cani
680 3869 893 3948 fatebantur;
912 3870 1006 3951 quod
1022 3872 1151 3934 multos
1166 3871 1265 3933 viros
1275 3870 1435 3949 insignes
1448 3869 1494 3933 ad
1506 3868 1565 3932 de·

328 3977 510 4041 votionem
526 3975 715 4042 Societatis
730 3977 955 4053 adduxerint;
973 3995 1055 4041 cum
1070 3978 1164 4040 enim
1179 3977 1310 4040 vellent
1330 3977 1494 4041 exactius
1516 3975 1566 4038 in·

328 4084 478 4147 formari
492 4085 535 4148 de
551 4084 616 4162 bis,
633 4102 725 4165 quae
739 4085 784 4147 ab
801 4086 860 4148 illo
876 4085 1096 4163 dicebantur,
1113 4084 1265 4148 veritate
1286 4093 1486 4164 perspecta,
1509 4083 1567 4145 vel

329 4190 545 4255 Societatem
567 4192 722 4271 ingressi
740 4203 840 4267 sunt,
862 4196 920 4256 vel
941 4204 1036 4256 certe
1057 4209 1144 4271 erga
1165 4210 1244 4255 eam
1265 4192 1368 4255 valde
1391 4190 1507 4255 affecti
1524 4208 1566 4255 ac

325 4300 493 4362 benevoli
509 4300 544 4362 in
559 4309 742 4380 posterum
757 4300 910 4364 fuerunt.
928 4300 965 4363 Ρ.
984 4299 1193 4364 Dominicus
1208 4299 1251 4363 de
1266 4298 1353 4363 Soto
1369 4300 1461 4363 inter
1476 4298 1568 4362 alios

324 4405 517 4470 Societatis
532 4406 773 4471 defensionem
790 4408 958 4487 suscepit,
981 4417 1015 4470 et
1035 4406 1158 4470 eodem
1178 4416 1338 4486 tempore
1359 4406 1469 4487 aliqui
1485 4406 1565 4499 feli·

369 4648 379 4681 ¹
409 4650 539 4695 Antonius
548 4650 580 4694 de
590 4648 717 4704 Fooseca,
728 4660 810 4705 nuper
820 4649 943 4694 laudatus
952 4660 1042 4705 supra,
1052 4660 1077 4692 n.
1088 4648 1149 4693 atas.
