3642 5350
773 449 836 508 aa.
859 448 929 508 1556
979 483 984 498 .
1083 411 1084 416 ‘
1407 449 1462 511 eoa

227 599 326 663 urbis
352 600 449 676 loco,
475 595 547 678 jam
574 598 620 661 ad
645 597 825 678 planitiem
849 604 929 659 erat
954 595 1138 674 redactus,
1165 606 1198 660 et
1225 597 1456 662 fundamenta

229 713 354 786 aperta
365 704 561 781 fuerant;et
572 719 703 784 magna
714 705 770 767 vis
781 701 950 783 lapidum,
960 703 1082 780 calciS,
1098 720 1240 782 arenae,
1254 712 1336 780 etc.,
1348 704 1460 784 ligno·

227 830 309 876 rum
322 811 439 875 suerat
454 820 689 892 comportata,
702 818 737 874 et
748 808 822 890 jam
833 807 908 889 jam
923 808 1152 873 fundamenta
1164 809 1329 890 jacienda
1345 820 1461 891 erant;

229 920 292 983 sed
306 937 351 982 ne
365 936 423 982 res
436 919 677 997 inchoaretur,
691 916 781 981 civis
796 915 940 999 quidam
955 917 1204 998 impedimento
1216 917 1344 994 iuerat,
1359 917 1461 999 cuius

230 1036 308 1090 erat
322 1013 498 1107 quaedam
513 1043 609 1103 area,
626 1025 841 1106 quaesitum
856 1022 1006 1104 Collegii
1021 1024 1300 1104 ingrediebatur,
1325 1034 1359 1088 et
1379 1025 1461 1107 quia

230 1132 393 1196 dominus
407 1132 529 1212 magni
544 1147 622 1195 eam
634 1131 802 1209 faciebat,
819 1129 1018 1210 Episcopus
1041 1129 1047 1162 ¹
1071 1131 1220 1195 curabat
1241 1131 1462 1212 praedictam

232 1257 353 1303 aream
367 1239 502 1317 taxari3
519 1248 554 1302 et
569 1238 652 1319 qnia
663 1237 815 1318 juridice
829 1236 1074 1317 procedendo,
1092 1247 1232 1317 tempus
1247 1238 1390 1319 aliquod
1403 1257 1461 1302 ne·

231 1347 426 1411 cessarium
441 1355 531 1424 erat,
547 1354 700 1409 evocato
715 1342 762 1407 ad
776 1362 814 1408 se
830 1361 937 1408 areae
952 1343 1109 1422 domino,
1127 1343 1299 1409 offerebat
1319 1345 1462 1427 Episco-

230 1472 297 1535 pus
311 1453 590 1533 chirographum
605 1452 772 1532 propriae
787 1467 926 1529 manus,
945 1447 1027 1531 [quo
1044 1449 1247 1533 constabat]
1264 1469 1303 1515 se
1316 1453 1463 1532 promis·

231 1578 354 1625 surum
383 1560 594 1624 solutionem
619 1559 712 1622 illius
731 1557 850 1638 pretii,
873 1557 969 1638 quod
995 1558 1244 1622 aestimatores
1264 1568 1462 1623 taxassent.

289 1667 380 1731 2606.
424 1667 502 1731 Non
517 1665 697 1746 acquievit
712 1665 781 1743 ille,
796 1674 831 1727 et
843 1682 924 1728 cum
937 1680 1001 1728 sua
1014 1682 1126 1728 uxore
1138 1665 1464 1746 peregrinationem

232 1776 432 1856 quamdam,
449 1774 631 1853 religionis
642 1772 772 1852 gratia,
787 1771 833 1834 ad
844 1771 1137 1835 eremitoriumB.
1153 1771 1287 1836 Mariae
1300 1773 1343 1836 de
1354 1773 1464 1838 Fran·

232 1883 304 1962 cia,
325 1881 418 1963 quod
443 1891 498 1944 est
523 1898 632 1961 prope
656 1877 930 1956 salmanticam,
956 1879 1124 1958 suscepit;
1146 1880 1181 1943 in
1202 1878 1326 1943 itinere
1345 1889 1466 1944 autem

232 1991 340 2054 tantis
355 1989 530 2070 angustiis
545 1999 580 2051 et
595 1987 784 2051 afflictione
800 1986 919 2050 cordis
936 1987 1061 2049 vexari
1077 1985 1152 2066 eJus
1167 2005 1258 2051 uxor
1274 1988 1408 2067 coepit,
1426 1997 1467 2052 ut

231 2106 337 2161 nocte
351 2097 505 2178 quadam
520 2113 558 2159 se
573 2095 664 2158 mori
678 2094 830 2169 diceret,
849 2093 919 2156 nisi
938 2093 1157 2158 Placentiam
1177 2094 1222 2157 ad
1244 2111 1366 2157 aream
1386 2094 1465 2175 Epi*-

231 2223 341 2285 scopo
357 2204 511 2268 dandam
527 2202 668 2279 rediret,
686 2201 810 2264 eodem
827 2199 933 2264 modo
949 2217 1018 2280 quo
1032 2201 1107 2280 ipse
1123 2202 1239 2265 vellet.

290 2311 382 2376 2607.
426 2309 580 2375 Coactus
594 2310 714 2388 itaque
727 2308 793 2372 fuit
807 2307 880 2386 vir,
896 2305 973 2387 ejus
989 2308 1151 2371 uxorein
1167 2308 1365 2374 diversorio
1385 2311 1464 2374 reli·

232 2431 307 2498 cta,
326 2419 541 2483 Placentiam
556 2418 689 2496 redire,
706 2426 740 2479 et
762 2432 885 2478 aream
900 2414 1078 2494 Episcopo
1100 2413 1243 2480 offerre:
1266 2417 1325 2498 qui
1346 2425 1465 2482 autem

232 2528 410 2592 hominem
424 2535 616 2600 noverant,
632 2533 667 2587 et
683 2523 726 2586 de
747 2540 789 2585 eo
810 2521 954 2602 negotio
974 2521 1073 2601 prius
1093 2523 1206 2602 ipsum
1228 2524 1373 2586 allocuti
1393 2523 1465 2587 iue-

231 2645 324 2716 rant,
340 2634 512 2699 miraculo
528 2633 620 2696 hanc
636 2630 711 2712 eJ'us
726 2629 962 2693 mutationem
978 2628 1190 2709 tribuebant;
1207 2630 1305 2694 etita
1321 2629 1465 2711 impedi·

232 2753 351 2807 mento
364 2751 512 2820 remoto,
530 2740 630 2821 operi
645 2754 772 2802 manus
786 2736 931 2799 admota
946 2745 1011 2799 est.

291 2848 382 2915 2608.
425 2848 480 2913 De
504 2846 687 2911 dotatione
711 2855 830 2907 autem
850 2842 999 2922 Collegii
1022 2842 1196 2906 adventus
1216 2840 1254 2905 P.
1277 2842 1463 2908 Francisci

232 2958 386 3038 Borgiae
411 2956 686 3036 expectabatur:
709 2951 874 3031 utrinque
894 2950 987 3013 enim
1008 2950 1143 3014 dotatio
1159 2950 1410 3030 exoptabatur,
1431 2960 1468 3015 et

232 3084 277 3129 ex
292 3065 467 3128 sententia
482 3063 521 3126 P.
538 3060 726 3126 Francisci
741 3059 896 3136 Borgiae
911 3058 1093 3136 negotium
1106 3058 1173 3122 hoc
1188 3057 1304 3122 iuerat
1319 3057 1466 3123 dilatum

231 3191 344 3254 usque
365 3171 411 3235 ad
435 3169 664 3251 Imperatoris
684 3166 805 3231 Caroli
826 3166 862 3228 in
882 3164 1094 3245 Hispaniam
1120 3164 1329 3243 adventum,
1355 3184 1469 3247 aquo

232 3280 364 3361 aliquid
379 3278 581 3360 sperabant,
599 3294 680 3340 cum
695 3274 852 3337 nondum
867 3271 910 3335 de
926 3272 1145 3336 renunciatis
1161 3273 1195 3335 in
1216 3272 1325 3336 filium
1344 3275 1466 3353 regnis

232 3396 425 3464 constaret;
446 3385 611 3467 quamvis
633 3392 752 3446 autem
775 3388 985 3460 properaret
1007 3389 1041 3442 et
1056 3387 1202 3459 urgeret
1217 3397 1306 3459 opus
1322 3379 1464 3461 Episco-

232 3514 311 3577 pus,
328 3492 518 3575 placentini
533 3501 651 3555 tamen
664 3498 850 3568 tantopere
862 3485 948 3549 illud
960 3486 1157 3567 perfectum
1170 3502 1248 3549 esse
1261 3487 1464 3567 cupiebant,

233 3613 272 3667 ut
287 3602 405 3666 omnia
420 3600 508 3681 ipsis
526 3601 622 3663 lenta
641 3597 858 3661 viderentur.

293 3708 384 3773 2609.
429 3707 586 3771 Dederat
597 3706 738 3781 civitas,
752 3712 790 3766 ut
802 3701 1027 3765 meminimus
1038 3700 1201 3780 superius
1214 3706 1235 3776 ¹,
1249 3716 1321 3762 non
1334 3699 1467 3763 medio·

235 3834 332 3881 crem
347 3818 422 3881 vim
441 3814 630 3893 materiae,
648 3828 729 3875 cum
744 3809 872 3890 pineta
899 3807 1002 3870 valde
1019 3808 1111 3870 bona
1131 3807 1290 3869 haberet.
1311 3807 1390 3887 Ipse
1406 3824 1468 3871 au-

235 3934 307 3987 tem
322 3923 521 4003 Episcopus
545 3918 771 3982 donationem
787 3898 839 4011 {—
857 3915 1067 3979 ducatorum
1092 3930 1172 3976 cum
1193 3911 1352 3991 iecisset,
1374 3912 1468 3977 utin

235 4040 401 4095 eventum
417 4028 542 4093 mortis
553 4044 624 4089 non
638 4034 732 4089 osset
747 4024 891 4086 omnino
910 4021 1090 4085 desertum
1111 4018 1320 4098 Collegium,
1338 4018 1382 4083 ad
1405 4036 1470 4084 eos

233 4136 510 4217 recuperandOS,
527 4132 739 4197 auctoritate
758 4129 922 4211 propria,
942 4127 1150 4191 facultatem
1169 4124 1338 4190 Societati
1358 4126 1468 4206 dedit;

235 4315 448 4328 —--—·

274 4414 283 4445 ⁴
312 4412 344 4457 D.
356 4412 477 4457 Gulierre
488 4411 594 4465 Vargu
605 4409 636 4453 de
647 4406 780 4464 carvajal.
789 4406 858 4450 Vide
867 4404 893 4449 ln
902 4404 999 4448 Curius
1007 4403 1040 4448 de
1051 4402 1107 4447 San
1115 4401 1234 4456 tgnacto,
1243 4406 1263 4447 t.
1274 4413 1310 4457 vt,
1321 4412 1381 4457 pag.
1389 4401 1429 4446 661
1441 4408 1467 4447 et

231 4498 288 4542 seq.
299 4483 444 4540 Biogralia
454 4484 499 4528 dei
509 4484 551 4529 Sr.
561 4483 596 4527 D.
608 4482 734 4525 curtem
745 4480 779 4523 de
789 4478 927 4532 carvajat,
936 4476 1029 4531 obispo
1039 4476 1073 4520 de
1083 4474 1238 4525 Ptasencia,
1244 4484 1263 4528 y
1268 4474 1424 4529 sundacion
1434 4475 1470 4519 de

235 4558 316 4612 aquei
326 4557 436 4610 cotegto.
446 4552 534 4600 Etiam
545 4552 667 4597 Litterae
676 4550 908 4604 Quadrtmestres,
918 4552 937 4591 t.
948 4558 985 4598 ιν,
996 4556 1057 4601 paz.
1068 4545 1095 4588 16
1105 4550 1131 4589 et
1141 4544 1189 4599 atu
1200 4542 1402 4597 Rrvaoeuuntt,
1420 4546 1462 4591 At

233 4634 326 4684 cizan,
337 4627 461 4673 Saccnnn
471 4626 496 4671 in
507 4625 649 4670 societatis
659 4622 806 4674 annalibus,
814 4620 858 4665 ubi
865 4620 897 4663 de
905 4618 1022 4672 collegio
1031 4616 1182 4661 Placentino
1192 4626 1278 4660 termo
1287 4615 1442 4663 instituitur.

275 4704 287 4735 ¹
315 4700 407 4755 snpra,
418 4705 437 4743 t.
445 4712 471 4753 v,
481 4709 542 4753 pag.
552 4696 600 4749 tto,
609 4708 634 4739 n.
645 4696 705 4749 12923
716 4700 743 4738 et
753 4693 875 4737 Litterae
887 4690 1119 4743 Quaarrmesms,
1128 4694 1148 4733 t.
1158 4698 1196 4742 tr,
1206 4698 1268 4742 pte.
1278 4688 1312 4733 20.
1456 4682 1458 4691 '
