3642 5350
340 371 395 435 232
785 371 924 439 ,Cuaon
945 372 1020 437 Soc.
1042 374 1112 450 Jes.

338 530 440 586 erant
461 519 623 603 discipuli
648 520 744 602 Mag.
767 521 911 601 Emerii,
932 530 968 587 et
982 524 1167 604 praeclara
1184 522 1299 589 indole
1316 520 1477 603 praediti.
1495 516 1565 585 Sed

338 629 560 693 constantiae
574 646 697 693 eorum
712 628 906 710 periculum
922 630 1122 695 laciendum
1136 648 1214 695 esse
1228 632 1345 695 visum
1361 638 1425 693 est.

397 734 469 798 870.
511 734 592 800 Fuit
613 745 755 818 praeter
774 737 840 800 hos
858 736 1002 819 quidam
1018 736 1195 803 Antonius
1214 735 1258 803 de
1278 737 1404 816 Ariva,
1422 738 1483 818 qui
1499 734 1566 799 Ro·

339 860 434 906 mam
453 853 491 908 ut
512 841 757 909 admitteretur
777 844 885 922 venit,
907 844 1093 909 daemonis
1113 854 1147 910 et
1163 854 1348 927 parentum
1364 844 1566 909 certamini·

340 950 406 1015 bus
418 952 609 1031 superatis.
624 950 705 1015 Duo
720 961 838 1017 autem
852 952 1015 1034 Hispani,
1028 953 1089 1034 qui
1100 952 1146 1017 ad
1157 951 1370 1020 Societatem
1382 952 1456 1033 apti
1470 950 1566 1017 vide·

337 1058 478 1138 bantur,
499 1057 573 1122 aP.
600 1056 743 1123 Simone
761 1059 961 1125 Bassanum
984 1058 1125 1124 deducti
1149 1068 1242 1135 sunt,
1264 1068 1301 1122 ut
1324 1059 1375 1123 eis
1395 1057 1566 1123 exercitia

339 1165 537 1247 spiritualia
551 1176 776 1247 proponeret.
792 1164 924 1231 Neuter
939 1176 1058 1231 tamen
1074 1167 1221 1232 consilia
1236 1166 1368 1232 Christi
1389 1166 1566 1247 sequenda

342 1272 410 1336 sibi
425 1273 621 1353 constituit,
638 1291 680 1337 eo
696 1275 823 1337 saltem
837 1284 996 1355 tempore
1013 1274 1033 1334 ¹.

398 1379 471 1443 871.
514 1379 644 1445 Schola
659 1392 805 1464 propter
820 1392 954 1462 pestem
970 1382 1053 1447 anni
1070 1383 1315 1463 praecedentis
1332 1379 1343 1413 ¹
1363 1382 1451 1447 satis
1466 1382 1567 1447 dissi·

341 1496 426 1568 pata
440 1487 568 1568 suetan
584 1505 667 1552 nam
681 1498 832 1569 quatuor
847 1490 904 1553 vel
920 1490 1074 1570 quinque
1095 1506 1234 1554 menses
1254 1507 1275 1551 a
1297 1489 1423 1554 studiis
1438 1506 1566 1553 vacan-

341 1594 424 1659 dum
449 1595 526 1676 luit,
553 1605 588 1660 et
616 1595 691 1660 fere
716 1595 761 1659 ad
781 1596 963 1661 dimidiam
987 1607 1124 1678 partem
1149 1597 1314 1661 redactus
1342 1606 1419 1661 erat
1450 1613 1567 1663 nume·

342 1719 402 1766 rus
416 1702 516 1766 initio
532 1702 635 1784 hujus
650 1704 750 1783 anni;
770 1720 853 1767 nam
872 1684 1019 1783 trigint'a
1040 1713 1192 1786 quatuor
1214 1712 1352 1768 tantum
1372 1713 1484 1782 crant,
1508 1704 1568 1783 qui

342 1818 459 1873 tamen
478 1810 556 1891 ipso
577 1810 690 1891 primo
711 1828 832 1875 mense
853 1810 1025 1894 Januario
1045 1811 1091 1874 nd
1114 1811 1371 1892 quinquaginta
1399 1810 1567 1875 ascende·

342 1928 424 1981 runt
445 1926 480 1980 et
499 1919 604 1998 paulo
626 1929 705 1999 post
725 1919 772 1983 ad
793 1918 982 1999 sexaginta
1005 1919 1235 1997 accedebant,
1257 1928 1292 1983 et
1318 1928 1457 2000 praeter
1478 1917 1567 1981 duos

341 2022 543 2104 praedictos
558 2022 581 2105 ³,
597 2026 724 2089 tertius
737 2036 949 2107 praeceptor
964 2043 985 2089 a
1000 2024 1037 2089 P.
1052 2025 1203 2091 Rectore
1218 2026 1460 2107 expetebatur.
1485 2025 1567 2091 Ter·

343 2130 428 2195 tium
443 2132 489 2197 ad
500 2132 616 2195 studia
631 2132 772 2213 publica
787 2132 1031 2214 philosophiae
1045 2134 1102 2197 vel
1114 2130 1203 2213 juris
1220 2132 1426 2197 dimiserant
1442 2130 1464 2195 ⁴.

401 2237 473 2303 872.
515 2238 555 2303 In
570 2240 883 2320 compositionibus
897 2250 932 2305 et
948 2240 1265 2329 exercitationibus
1280 2239 1368 2305 satis
1380 2238 1567 2319 diligenter
1614 2218 1619 2229 ’

340 2347 608 2423 exercebantur,
623 2347 717 2411 etita
729 2364 801 2410 non
813 2346 1039 2411 mediocriter
1049 2346 1297 2429 proficiebant
1309 2346 1401 2410 sicut
1412 2347 1520 2411 ctiam
1531 2347 1566 2410 in

341 2455 498 2520 moribus
521 2455 611 2519 bene
629 2472 667 2519 se
693 2455 877 2534 gerebant,
894 2455 954 2536 qui
976 2455 1185 2535 praesertim
1209 2455 1354 2534 regulas
1375 2454 1567 2517 observare

339 2563 496 2627 contenti
508 2571 621 2641 erant;
637 2580 721 2626 nam
737 2562 845 2644 aliqui
859 2579 966 2642 aegre
979 2562 1015 2626 id
1030 2561 1220 2640 iaciebant,
1233 2573 1279 2642 et,
1295 2562 1325 2625 si
1336 2562 1565 2642 urgebantur,

338 2670 472 2736 relictis
485 2669 617 2736 scholis
632 2669 775 2750 nostris,
792 2668 838 2733 ad
850 2669 1014 2751 publicas
1026 2687 1064 2734 se
1080 2669 1324 2734 conferebant.

397 2777 469 2842 873.
512 2778 551 2842 In
565 2777 771 2841 universum
785 2777 980 2858 spiritualis
994 2771 1130 2842 fructus
1151 2794 1222 2841 non
1236 2778 1389 2858 exiguus
1404 2778 1567 2859 capieba-

339 2895 408 2966 tur,
429 2885 465 2949 in
485 2884 766 2950 confessionibus
785 2883 1007 2965 praesertim;
1028 2885 1111 2965 quia
1127 2894 1246 2948 tamen
1265 2883 1470 2949 imminutus
1489 2895 1566 2948 erat

339 3010 506 3060 numerus
523 2991 783 3074 operariorum,
809 3007 891 3056 cum
912 2991 981 3054 duo
1007 2999 1145 3056 tantum
1158 3001 1276 3056 essent
1297 2991 1513 3069 sacerdotes,
1535 3001 1569 3056 et

339 3104 431 3168 alter
444 3117 569 3165 eorum
583 3097 594 3130 ⁵
610 3107 752 3181 propter
767 3099 971 3163 scholarum
991 3099 1244 3179 occupationes
1264 3097 1429 3180 profestis
1445 3098 1569 3164 diebus
1652 3173 1659 3185 ,

340 3207 442 3292 [erat]
457 3207 655 3289 impeditus,
678 3207 793 3270 minus
813 3206 895 3282 late,
912 3222 1019 3287 quarn
1033 3205 1327 3286 praecedentibus
1342 3206 1456 3286 annis,
1473 3218 1567 3287 pate·

339 3318 412 3381 bat.
426 3315 500 3382 Vix
515 3325 635 3380 tamen
648 3324 812 3396 poterant
831 3313 944 3378 nostri
962 3311 1085 3377 diebus
1100 3312 1201 3378 lestis
1222 3313 1435 3378 multitudini
1449 3313 1569 3394 poeni·

343 3425 490 3490 tentium
510 3423 728 3488 satisfacere.

398 3531 469 3596 874.
512 3529 602 3596 Cum
615 3529 755 3594 Patavii
770 3528 807 3594 P.
828 3526 949 3594 Simon
967 3527 975 3560 ¹
991 3529 1213 3608 versabatur,
1235 3545 1337 3594 suam
1354 3545 1500 3610 operam
1525 3530 1570 3594 ad

343 3685 554 3698 ——n—--

381 3777 390 3810 ¹
419 3777 555 3821 Postrema
564 3775 628 3820 hsce
639 3776 729 3820 verba:
740 3773 843 3819 Neuter
851 3778 944 3818 tamen
955 3779 1008 3818 ete.
1021 3785 1037 3818 ι
1048 3773 1160 3820 l’olnneo
1172 3775 1236 3820 inter
1248 3775 1331 3820 linens
1342 3773 1444 3830 adjectu
1455 3781 1524 3820 tunt⁴

383 3849 395 3882 ¹
421 3847 488 3893 Vide
498 3859 586 3903 supra,
597 3856 616 3890 t.
625 3861 651 3899 v,
660 3858 720 3902 pag.
731 3847 777 3899 157,
788 3858 812 3890 n.
823 3847 871 3890 449.

382 3919 395 3952 ⁸
422 3919 452 3964 P.
465 3921 602 3976 Aloyslum
612 3927 637 3962 et
648 3918 715 3971 blan.
727 3917 865 3963 Emerlum.
877 3917 971 3972 Supra,
980 3929 1004 3961 n.
1014 3919 1062 3962 8⁶7.
1133 3911 1135 3916 ’

313 3974 317 3987 ’
379 3993 392 4026 ⁸
418 3991 483 4035 Tres
491 3992 594 4046 quidem
602 3991 634 4034 nd
643 3991 709 4034 hunc
719 4001 799 4044 usquc
807 4001 901 4035 annum
909 3992 994 4034 clares
1003 3990 1138 4036 lucrantia
1150 3991 1571 4049 PatauinoCollcglo,prolndeque

341 4066 453 4109 lectores
467 4071 529 4108 tres.
541 4061 608 4107 Vide
618 4073 707 4117 supra,
718 4068 736 4107 t.
750 4074 786 4113 rr,
797 4074 857 4118 pag.
869 4062 916 4114 120,
927 4073 951 4106 n.
962 4063 1011 4107 23³.
1023 4061 1120 4108 Verum
1131 4065 1188 4120 quls
1198 4064 1240 4108 hle
1256 4065 1350 4108 tertius
1364 4065 1448 4110 lector
1459 4065 1535 4110 luerit
1546 4073 1572 4111 et

342 4136 402 4192 quid
412 4136 460 4179 hoc
470 4135 518 4179 tlbl
529 4135 593 4178 velit
604 4135 671 4189 quod
681 4135 713 4178 nd
724 4135 811 4178 studia
822 4135 926 4189 publica
941 4135 1118 4188 philosophiae
1135 4138 1175 4179 vol
1188 4135 1255 4191 Jurls
1270 4136 1390 4181 dimissus
1407 4137 1449 4191 slt,
1465 4149 1572 4192 prorsus

341 4207 560 4264 ignoramus-Nl
572 4207 638 4251 forte
655 4208 697 4250 ille
709 4206 742 4251 sit
753 4205 881 4255 Georgius
895 4207 999 4261 quidam
1015 4209 1146 4262 graecum,
1158 4209 1188 4252 tle
1205 4220 1255 4264 quo
1270 4210 1307 4253 lta
1323 4209 1451 4254 Polancus
1467 4209 1573 4262 litteris,

342 4292 375 4325 ex
385 4291 460 4331 com..
470 4279 575 4324 Rectorl
586 4279 715 4322 Patauino
725 4279 793 4322 datis
803 4279 839 4322 7.·
850 4279 944 4322 hlarrii:
954 4279 1083 4322 “Essendo
1093 4281 1238 4326 mundaton
1250 4281 1363 4326 Veneria
1373 4281 1479 4336 Glorglo
1488 4293 1570 4337 grego

341 4353 389 4400 (sle
399 4354 424 4397 ln
435 4351 595 4407 apographo.
605 4350 707 4403 greco&
720 4356 777 4394 atto
786 4361 833 4404 per
842 4353 960 4395 lactasse
971 4353 1111 4405 superlore.
1120 4354 1206 4407 putria
1217 4364 1303 4397 essere
1312 4354 1359 4398 che
1370 4354 1472 4408 qualch’
1482 4354 1571 4399 nnorle

343 4424 458 4469 Venezlu
468 4435 496 4467 se
507 4435 539 4466 ne
551 4429 651 4478 potesse
661 4433 759 4466 curare
769 4433 815 4476 per
825 4422 936 4467 niutarsi
948 4434 972 4466 tn
983 4423 1095 4468 Padorn:
1107 4436 1134 4467 se
1146 4427 1221 4478 porra
1232 4425 1358 4469 conlerlre
1367 4427 1406 4469 col
1417 4424 1444 4469 P.
1454 4426 1571 4480 Alberto,

342 4497 444 4541 intento
454 4494 502 4538 che
513 4495 583 4538 vala
594 4493 669 4538 Mtte.
681 4493 800 4547 creare,

382 4567 393 4600 θ
420 4565 533 4619 Scilicet,
544 4565 572 4608 Ρ.
584 4565 706 4622 Aloyslus
715 4565 790 4620 Napi.

382 4636 396 4673 ⁸
422 4637 450 4684 P.
460 4637 548 4683 Simon
558 4637 711 4694 Rodrlguez.
723 4637 788 4683 Vide
799 4649 886 4694 supra.
896 4649 957 4696 pag.
969 4637 1018 4692 tu,
1028 4649 1055 4684 n.
1067 4639 1116 4684 sot.
