<?xml version="1.0" encoding="UTF-8"?>
<!DOCTYPE html PUBLIC "-//W3C//DTD XHTML 1.0 Transitional//EN"
    "http://www.w3.org/TR/xhtml1/DTD/xhtml1-transitional.dtd">
<html xmlns="http://www.w3.org/1999/xhtml" xml:lang="en" lang="en">
 <head>
  <title>
</title>
<meta http-equiv="Content-Type" content="text/html;charset=utf-8" />
  <meta name='ocr-system' content='tesseract 3.04.00' />
  <meta name='ocr-capabilities' content='ocr_page ocr_carea ocr_par ocr_line ocrx_word'/>
</head>
<body>
  <div class='ocr_page' id='page_1' title='image "./vitaignatiiloio00polagoog_0077.png"; bbox 0 0 3642 5350; ppageno 0'>
   <div class='ocr_carea' id='block_1_1' title="bbox 786 372 1475 434">
    <p class='ocr_par' dir='ltr' id='par_1_1' title="bbox 786 372 1475 434">
     <span class='ocr_line' id='line_1_1' title="bbox 786 372 1475 434; baseline 0.001 -3"><span class='ocrx_word' id='word_1_1' title='bbox 786 374 849 432; x_wconf 76' lang='lat' dir='ltr'>Aa.</span> <span class='ocrx_word' id='word_1_2' title='bbox 871 372 941 432; x_wconf 80' lang='lat'>1556</span> <span class='ocrx_word' id='word_1_3' title='bbox 1439 375 1475 434; x_wconf 82' lang='lat'>71</span> 
     </span>
    </p>
   </div>
   <div class='ocr_carea' id='block_1_2' title="bbox 243 516 1487 3913">
    <p class='ocr_par' dir='ltr' id='par_1_2' title="bbox 243 516 1478 1348">
     <span class='ocr_line' id='line_1_2' title="bbox 302 516 1475 599; baseline 0 -17"><span class='ocrx_word' id='word_1_4' title='bbox 302 517 374 582; x_wconf 87' lang='lat'>221.</span> <span class='ocrx_word' id='word_1_5' title='bbox 420 516 541 582; x_wconf 90' lang='lat' dir='ltr'>Mense</span> <span class='ocrx_word' id='word_1_6' title='bbox 563 516 656 597; x_wconf 87' lang='lat' dir='ltr'>Majo</span> <span class='ocrx_word' id='word_1_7' title='bbox 679 517 835 599; x_wconf 88' lang='lat' dir='ltr'>ejusdcm</span> <span class='ocrx_word' id='word_1_8' title='bbox 855 519 939 582; x_wconf 90' lang='lat' dir='ltr'>anni</span> <span class='ocrx_word' id='word_1_9' title='bbox 963 518 1122 598; x_wconf 80' lang='lat' dir='ltr'>Legatos</span> <span class='ocrx_word' id='word_1_10' title='bbox 1136 517 1247 582; x_wconf 91' lang='lat' dir='ltr'>Ducis</span> <span class='ocrx_word' id='word_1_11' title='bbox 1265 517 1390 582; x_wconf 91' lang='lat' dir='ltr'>Urbini</span> <span class='ocrx_word' id='word_1_12' title='bbox 1406 518 1414 548; x_wconf 79' lang='lat'><strong>¹</strong></span> <span class='ocrx_word' id='word_1_13' title='bbox 1431 519 1475 582; x_wconf 88' lang='lat' dir='ltr'>de</span> 
     </span>
     <span class='ocr_line' id='line_1_3' title="bbox 243 623 1474 705; baseline 0 -15"><span class='ocrx_word' id='word_1_14' title='bbox 243 623 394 704; x_wconf 85' lang='lat' dir='ltr'>collegio</span> <span class='ocrx_word' id='word_1_15' title='bbox 415 624 451 687; x_wconf 92' lang='lat' dir='ltr'>in</span> <span class='ocrx_word' id='word_1_16' title='bbox 478 626 601 689; x_wconf 91' lang='lat' dir='ltr'>urbem</span> <span class='ocrx_word' id='word_1_17' title='bbox 622 624 697 705; x_wconf 85' lang='lat' dir='ltr'>ejus</span> <span class='ocrx_word' id='word_1_18' title='bbox 716 626 868 704; x_wconf 88' lang='lat' dir='ltr'>ditionis,</span> <span class='ocrx_word' id='word_1_19' title='bbox 897 626 1038 690; x_wconf 90' lang='lat' dir='ltr'>nomine</span> <span class='ocrx_word' id='word_1_20' title='bbox 1058 625 1172 704; x_wconf 92' lang='lat' dir='ltr'>Cagli,</span> <span class='ocrx_word' id='word_1_21' title='bbox 1199 625 1368 689; x_wconf 90' lang='lat' dir='ltr'>mittendo</span> <span class='ocrx_word' id='word_1_22' title='bbox 1394 644 1474 690; x_wconf 90' lang='lat' dir='ltr'>cum</span> 
     </span>
     <span class='ocr_line' id='line_1_4' title="bbox 244 730 1476 814; baseline 0.001 -19"><span class='ocrx_word' id='word_1_23' title='bbox 244 730 283 795; x_wconf 92' lang='lat' dir='ltr'>P.</span> <span class='ocrx_word' id='word_1_24' title='bbox 301 731 440 810; x_wconf 87' lang='lat' dir='ltr'>ignatio</span> <span class='ocrx_word' id='word_1_25' title='bbox 456 732 528 810; x_wconf 84' lang='lat' dir='ltr'>egit</span> <span class='ocrx_word' id='word_1_26' title='bbox 542 741 578 794; x_wconf 88' lang='lat' dir='ltr'>et</span> <span class='ocrx_word' id='word_1_27' title='bbox 592 731 635 795; x_wconf 89' lang='lat' dir='ltr'>de</span> <span class='ocrx_word' id='word_1_28' title='bbox 650 749 688 796; x_wconf 87' lang='lat' dir='ltr'>re</span> <span class='ocrx_word' id='word_1_29' title='bbox 704 733 829 796; x_wconf 90' lang='lat' dir='ltr'>eadem</span> <span class='ocrx_word' id='word_1_30' title='bbox 843 733 1041 814; x_wconf 87' lang='lat' dir='ltr'>Episcopus</span> <span class='ocrx_word' id='word_1_31' title='bbox 1060 732 1186 796; x_wconf 88' lang='lat' dir='ltr'>Urbini</span> <span class='ocrx_word' id='word_1_32' title='bbox 1205 741 1241 794; x_wconf 90' lang='lat' dir='ltr'>et</span> <span class='ocrx_word' id='word_1_33' title='bbox 1262 733 1413 814; x_wconf 88' lang='lat' dir='ltr'>ipsamet</span> <span class='ocrx_word' id='word_1_34' title='bbox 1428 734 1476 796; x_wconf 92' lang='lat' dir='ltr'>ci·</span> 
     </span>
     <span class='ocr_line' id='line_1_5' title="bbox 247 838 1476 920; baseline 0.001 -18"><span class='ocrx_word' id='word_1_35' title='bbox 247 838 342 902; x_wconf 87' lang='lat' dir='ltr'>vitas</span> <span class='ocrx_word' id='word_1_36' title='bbox 358 839 549 918; x_wconf 89' lang='lat' dir='ltr'>cagliensis</span> <span class='ocrx_word' id='word_1_37' title='bbox 568 839 721 920; x_wconf 86' lang='lat' dir='ltr'>scripsit,</span> <span class='ocrx_word' id='word_1_38' title='bbox 743 839 948 919; x_wconf 83' lang='lat' dir='ltr'>significans</span> <span class='ocrx_word' id='word_1_39' title='bbox 967 857 1005 902; x_wconf 91' lang='lat' dir='ltr'>se</span> <span class='ocrx_word' id='word_1_40' title='bbox 1021 855 1151 917; x_wconf 87' lang='lat' dir='ltr'>magno</span> <span class='ocrx_word' id='word_1_41' title='bbox 1170 838 1345 902; x_wconf 89' lang='lat' dir='ltr'>desiderio</span> <span class='ocrx_word' id='word_1_42' title='bbox 1364 840 1476 903; x_wconf 88' lang='lat' dir='ltr'>teneri</span> 
     </span>
     <span class='ocr_line' id='line_1_6' title="bbox 244 944 1476 1025; baseline 0 -15"><span class='ocrx_word' id='word_1_43' title='bbox 244 944 400 1010; x_wconf 83' lang='lat' dir='ltr'>fructum</span> <span class='ocrx_word' id='word_1_44' title='bbox 415 945 568 1025; x_wconf 85' lang='lat' dir='ltr'>aliquem</span> <span class='ocrx_word' id='word_1_45' title='bbox 584 963 629 1008; x_wconf 90' lang='lat' dir='ltr'>ex</span> <span class='ocrx_word' id='word_1_46' title='bbox 645 945 824 1010; x_wconf 88' lang='lat' dir='ltr'>laboribus</span> <span class='ocrx_word' id='word_1_47' title='bbox 838 945 1012 1025; x_wconf 88' lang='lat' dir='ltr'>capiendi,</span> <span class='ocrx_word' id='word_1_48' title='bbox 1029 955 1064 1009; x_wconf 89' lang='lat' dir='ltr'>et</span> <span class='ocrx_word' id='word_1_49' title='bbox 1079 946 1130 1009; x_wconf 92' lang='lat' dir='ltr'>ita</span> <span class='ocrx_word' id='word_1_50' title='bbox 1149 947 1290 1025; x_wconf 90' lang='lat' dir='ltr'>publica</span> <span class='ocrx_word' id='word_1_51' title='bbox 1305 946 1476 1010; x_wconf 90' lang='lat' dir='ltr'>delibera·</span> 
     </span>
     <span class='ocr_line' id='line_1_7' title="bbox 245 1051 1478 1133; baseline 0.001 -19"><span class='ocrx_word' id='word_1_52' title='bbox 245 1051 341 1114; x_wconf 91' lang='lat' dir='ltr'>tione</span> <span class='ocrx_word' id='word_1_53' title='bbox 356 1052 538 1116; x_wconf 88' lang='lat' dir='ltr'>decretum</span> <span class='ocrx_word' id='word_1_54' title='bbox 552 1052 647 1132; x_wconf 92' lang='lat' dir='ltr'>apud</span> <span class='ocrx_word' id='word_1_55' title='bbox 662 1052 759 1133; x_wconf 87' lang='lat' dir='ltr'>ipsos</span> <span class='ocrx_word' id='word_1_56' title='bbox 780 1052 901 1130; x_wconf 86' lang='lat' dir='ltr'>fuisse,</span> <span class='ocrx_word' id='word_1_57' title='bbox 919 1062 956 1115; x_wconf 91' lang='lat' dir='ltr'>ut</span> <span class='ocrx_word' id='word_1_58' title='bbox 978 1053 1073 1116; x_wconf 89' lang='lat' dir='ltr'>omni</span> <span class='ocrx_word' id='word_1_59' title='bbox 1096 1051 1211 1116; x_wconf 90' lang='lat' dir='ltr'>studio</span> <span class='ocrx_word' id='word_1_60' title='bbox 1226 1053 1415 1131; x_wconf 84' lang='lat' dir='ltr'>collegium</span> <span class='ocrx_word' id='word_1_61' title='bbox 1429 1053 1478 1115; x_wconf 89' lang='lat' dir='ltr'>ad</span> 
     </span>
     <span class='ocr_line' id='line_1_8' title="bbox 245 1157 1476 1240; baseline 0.002 -20"><span class='ocrx_word' id='word_1_62' title='bbox 245 1176 284 1220; x_wconf 90' lang='lat' dir='ltr'>se</span> <span class='ocrx_word' id='word_1_63' title='bbox 299 1158 390 1223; x_wconf 89' lang='lat' dir='ltr'>mitti</span> <span class='ocrx_word' id='word_1_64' title='bbox 406 1168 584 1234; x_wconf 89' lang='lat' dir='ltr'>curarent,</span> <span class='ocrx_word' id='word_1_65' title='bbox 601 1177 621 1222; x_wconf 91' lang='lat' dir='ltr'>a</span> <span class='ocrx_word' id='word_1_66' title='bbox 637 1177 708 1240; x_wconf 91' lang='lat' dir='ltr'>quo</span> <span class='ocrx_word' id='word_1_67' title='bbox 722 1161 881 1240; x_wconf 87' lang='lat' dir='ltr'>ipsorum</span> <span class='ocrx_word' id='word_1_68' title='bbox 889 1157 1060 1238; x_wconf 85' lang='lat' dir='ltr'>juventus</span> <span class='ocrx_word' id='word_1_69' title='bbox 1082 1161 1315 1224; x_wconf 83' lang='lat' dir='ltr'>excoleretur.</span> <span class='ocrx_word' id='word_1_70' title='bbox 1338 1158 1408 1224; x_wconf 91' lang='lat' dir='ltr'>Sed</span> <span class='ocrx_word' id='word_1_71' title='bbox 1422 1178 1476 1222; x_wconf 92' lang='lat' dir='ltr'>sa-</span> 
     </span>
     <span class='ocr_line' id='line_1_9' title="bbox 245 1264 1332 1348; baseline 0.002 -20"><span class='ocrx_word' id='word_1_72' title='bbox 245 1264 366 1328; x_wconf 89' lang='lat' dir='ltr'>tisfieri</span> <span class='ocrx_word' id='word_1_73' title='bbox 384 1283 505 1330; x_wconf 91' lang='lat' dir='ltr'>eorum</span> <span class='ocrx_word' id='word_1_74' title='bbox 519 1267 587 1348; x_wconf 91' lang='lat' dir='ltr'>piis</span> <span class='ocrx_word' id='word_1_75' title='bbox 601 1269 696 1330; x_wconf 90' lang='lat' dir='ltr'>votis</span> <span class='ocrx_word' id='word_1_76' title='bbox 711 1265 850 1330; x_wconf 88' lang='lat' dir='ltr'>difficile</span> <span class='ocrx_word' id='word_1_77' title='bbox 866 1285 907 1330; x_wconf 91' lang='lat' dir='ltr'>eo</span> <span class='ocrx_word' id='word_1_78' title='bbox 923 1276 1081 1346; x_wconf 89' lang='lat' dir='ltr'>tempore</span> <span class='ocrx_word' id='word_1_79' title='bbox 1097 1267 1214 1330; x_wconf 89' lang='lat' dir='ltr'>visum</span> <span class='ocrx_word' id='word_1_80' title='bbox 1233 1267 1298 1330; x_wconf 84' lang='lat' dir='ltr'>fuit</span> <span class='ocrx_word' id='word_1_81' title='bbox 1310 1265 1332 1330; x_wconf 84' lang='lat'>¹.</span> 
     </span>
    </p>

    <p class='ocr_par' dir='ltr' id='par_1_3' title="bbox 244 1372 1485 3698">
     <span class='ocr_line' id='line_1_10' title="bbox 304 1372 1476 1454; baseline -0.003 -16"><span class='ocrx_word' id='word_1_82' title='bbox 304 1373 376 1438; x_wconf 88' lang='grc'><strong>222.</strong></span> <span class='ocrx_word' id='word_1_83' title='bbox 420 1373 457 1437; x_wconf 85' lang='lat' dir='ltr'>ln</span> <span class='ocrx_word' id='word_1_84' title='bbox 468 1375 624 1453; x_wconf 90' lang='lat' dir='ltr'>gratiam</span> <span class='ocrx_word' id='word_1_85' title='bbox 638 1373 838 1438; x_wconf 86' lang='lat' dir='ltr'>Cardinalis</span> <span class='ocrx_word' id='word_1_86' title='bbox 850 1373 1042 1454; x_wconf 90' lang='lat' dir='ltr'>Carpensis</span> <span class='ocrx_word' id='word_1_87' title='bbox 1057 1372 1095 1436; x_wconf 92' lang='lat' dir='ltr'>P.</span> <span class='ocrx_word' id='word_1_88' title='bbox 1108 1373 1257 1437; x_wconf 88' lang='lat' dir='ltr'>Fulvius</span> <span class='ocrx_word' id='word_1_89' title='bbox 1271 1372 1476 1438; x_wconf 90' lang='lat' dir='ltr'>Androzius</span> 
     </span>
     <span class='ocr_line' id='line_1_11' title="bbox 244 1478 1472 1561; baseline 0.001 -19"><span class='ocrx_word' id='word_1_90' title='bbox 244 1496 327 1542; x_wconf 91' lang='lat' dir='ltr'>cum</span> <span class='ocrx_word' id='word_1_91' title='bbox 348 1479 485 1561; x_wconf 88' lang='lat' dir='ltr'>Joanne</span> <span class='ocrx_word' id='word_1_92' title='bbox 504 1479 642 1559; x_wconf 85' lang='lat' dir='ltr'>ignatio</span> <span class='ocrx_word' id='word_1_93' title='bbox 664 1479 855 1544; x_wconf 90' lang='lat' dir='ltr'>Meldulam</span> <span class='ocrx_word' id='word_1_94' title='bbox 876 1482 1006 1544; x_wconf 91' lang='lat' dir='ltr'>missus</span> <span class='ocrx_word' id='word_1_95' title='bbox 1027 1480 1126 1544; x_wconf 93' lang='lat' dir='ltr'>initio</span> <span class='ocrx_word' id='word_1_96' title='bbox 1148 1478 1250 1558; x_wconf 77' lang='lat' dir='ltr'>huius</span> <span class='ocrx_word' id='word_1_97' title='bbox 1270 1480 1354 1543; x_wconf 90' lang='lat' dir='ltr'>anni</span> <span class='ocrx_word' id='word_1_98' title='bbox 1368 1479 1434 1544; x_wconf 87' lang='lat' dir='ltr'>fuit</span> <span class='ocrx_word' id='word_1_99' title='bbox 1448 1478 1472 1543; x_wconf 76' lang='lat'>³.</span> 
     </span>
     <span class='ocr_line' id='line_1_12' title="bbox 246 1585 1476 1668; baseline 0 -18"><span class='ocrx_word' id='word_1_100' title='bbox 246 1585 361 1666; x_wconf 89' lang='lat' dir='ltr'>Prope</span> <span class='ocrx_word' id='word_1_101' title='bbox 375 1586 565 1666; x_wconf 91' lang='lat' dir='ltr'>Fulginum</span> <span class='ocrx_word' id='word_1_102' title='bbox 584 1588 621 1650; x_wconf 93' lang='lat' dir='ltr'>in</span> <span class='ocrx_word' id='word_1_103' title='bbox 640 1587 794 1668; x_wconf 89' lang='lat' dir='ltr'>quadarn</span> <span class='ocrx_word' id='word_1_104' title='bbox 813 1586 982 1654; x_wconf 85' lang='lat' dir='ltr'>Abbatia.</span> <span class='ocrx_word' id='word_1_105' title='bbox 1006 1605 1096 1668; x_wconf 90' lang='lat' dir='ltr'>quae</span> <span class='ocrx_word' id='word_1_106' title='bbox 1115 1585 1183 1651; x_wconf 52' lang='grc' dir='ltr'>8.ῑὲι</span> <span class='ocrx_word' id='word_1_107' title='bbox 1192 1586 1306 1650; x_wconf 87' lang='lat' dir='ltr'>Maria</span> <span class='ocrx_word' id='word_1_108' title='bbox 1322 1587 1357 1650; x_wconf 92' lang='lat' dir='ltr'>in</span> <span class='ocrx_word' id='word_1_109' title='bbox 1372 1586 1476 1651; x_wconf 89' lang='lat' dir='ltr'>Cam·</span> 
     </span>
     <span class='ocr_line' id='line_1_13' title="bbox 246 1683 1477 1775; baseline 0 -19"><span class='ocrx_word' id='word_1_110' title='bbox 246 1694 302 1772; x_wconf 90' lang='lat' dir='ltr'>pis</span> <span class='ocrx_word' id='word_1_111' title='bbox 316 1693 456 1772; x_wconf 90' lang='lat' dir='ltr'>dicitur,</span> <span class='ocrx_word' id='word_1_112' title='bbox 470 1695 662 1774; x_wconf 88' lang='lat' dir='ltr'>hospitium</span> <span class='ocrx_word' id='word_1_113' title='bbox 676 1683 780 1758; x_wconf 88' lang='lat' dir='ltr'>nocte</span> <span class='ocrx_word' id='word_1_114' title='bbox 796 1695 950 1775; x_wconf 89' lang='lat' dir='ltr'>quadam</span> <span class='ocrx_word' id='word_1_115' title='bbox 961 1694 1094 1758; x_wconf 84' lang='lat' dir='ltr'>habuit:</span> <span class='ocrx_word' id='word_1_116' title='bbox 1110 1694 1298 1774; x_wconf 87' lang='lat' dir='ltr'>quemdam</span> <span class='ocrx_word' id='word_1_117' title='bbox 1310 1694 1404 1757; x_wconf 92' lang='lat' dir='ltr'>enim</span> <span class='ocrx_word' id='word_1_118' title='bbox 1415 1693 1477 1756; x_wconf 90' lang='lat' dir='ltr'>ibi-</span> 
     </span>
     <span class='ocr_line' id='line_1_14' title="bbox 247 1797 1477 1880; baseline 0 -18"><span class='ocrx_word' id='word_1_119' title='bbox 247 1799 328 1864; x_wconf 89' lang='lat' dir='ltr'>dem</span> <span class='ocrx_word' id='word_1_120' title='bbox 347 1800 501 1864; x_wconf 92' lang='lat' dir='ltr'>amicum</span> <span class='ocrx_word' id='word_1_121' title='bbox 523 1799 690 1880; x_wconf 90' lang='lat' dir='ltr'>habebat,</span> <span class='ocrx_word' id='word_1_122' title='bbox 717 1811 751 1864; x_wconf 90' lang='lat' dir='ltr'>et</span> <span class='ocrx_word' id='word_1_123' title='bbox 777 1800 958 1879; x_wconf 86' lang='lat' dir='ltr'>affligebat</span> <span class='ocrx_word' id='word_1_124' title='bbox 978 1801 1109 1862; x_wconf 92' lang='lat' dir='ltr'>bonum</span> <span class='ocrx_word' id='word_1_125' title='bbox 1132 1800 1265 1863; x_wconf 82' lang='lat' dir='ltr'>Christi</span> <span class='ocrx_word' id='word_1_126' title='bbox 1285 1800 1437 1863; x_wconf 90' lang='lat' dir='ltr'>tironem</span> <span class='ocrx_word' id='word_1_127' title='bbox 1452 1797 1477 1876; x_wconf 77' lang='lat'>⁴,</span> 
     </span>
     <span class='ocr_line' id='line_1_15' title="bbox 248 1905 1477 1988; baseline 0.001 -19"><span class='ocrx_word' id='word_1_128' title='bbox 248 1905 342 1986; x_wconf 91' lang='lat' dir='ltr'>quod</span> <span class='ocrx_word' id='word_1_129' title='bbox 363 1924 490 1987; x_wconf 86' lang='lat' dir='ltr'>parum</span> <span class='ocrx_word' id='word_1_130' title='bbox 514 1907 679 1987; x_wconf 86' lang='lat' dir='ltr'>religiose</span> <span class='ocrx_word' id='word_1_131' title='bbox 699 1908 863 1972; x_wconf 86' lang='lat' dir='ltr'>viventes</span> <span class='ocrx_word' id='word_1_132' title='bbox 880 1907 982 1988; x_wconf 84' lang='lat' dir='ltr'>J&#39;uxta</span> <span class='ocrx_word' id='word_1_133' title='bbox 1001 1906 1115 1970; x_wconf 92' lang='lat' dir='ltr'>sancti</span> <span class='ocrx_word' id='word_1_134' title='bbox 1134 1906 1277 1972; x_wconf 89' lang='lat' dir='ltr'>Ordinis</span> <span class='ocrx_word' id='word_1_135' title='bbox 1291 1906 1477 1970; x_wconf 89' lang='lat' dir='ltr'>institutio·</span> 
     </span>
     <span class='ocr_line' id='line_1_16' title="bbox 247 2011 1481 2094; baseline 0 -18"><span class='ocrx_word' id='word_1_136' title='bbox 247 2031 328 2078; x_wconf 89' lang='lat' dir='ltr'>uem</span> <span class='ocrx_word' id='word_1_137' title='bbox 349 2030 411 2077; x_wconf 88' lang='lat' dir='ltr'>eos</span> <span class='ocrx_word' id='word_1_138' title='bbox 429 2013 624 2078; x_wconf 91' lang='lat' dir='ltr'>monachos</span> <span class='ocrx_word' id='word_1_139' title='bbox 648 2014 800 2094; x_wconf 89' lang='lat' dir='ltr'>videret,</span> <span class='ocrx_word' id='word_1_140' title='bbox 821 2023 856 2077; x_wconf 92' lang='lat' dir='ltr'>et</span> <span class='ocrx_word' id='word_1_141' title='bbox 875 2015 1034 2078; x_wconf 90' lang='lat' dir='ltr'>dolorem</span> <span class='ocrx_word' id='word_1_142' title='bbox 1061 2015 1216 2094; x_wconf 83' lang='lat' dir='ltr'>augebat</span> <span class='ocrx_word' id='word_1_143' title='bbox 1237 2013 1331 2093; x_wconf 91' lang='lat' dir='ltr'>quod</span> <span class='ocrx_word' id='word_1_144' title='bbox 1353 2011 1481 2094; x_wconf 83' lang='lat' dir='ltr'>lugere</span> 
     </span>
     <span class='ocr_line' id='line_1_17' title="bbox 247 2120 1480 2202; baseline 0 -18"><span class='ocrx_word' id='word_1_145' title='bbox 247 2121 365 2200; x_wconf 87' lang='lat' dir='ltr'>ipsum</span> <span class='ocrx_word' id='word_1_146' title='bbox 388 2129 533 2201; x_wconf 91' lang='lat' dir='ltr'>propter</span> <span class='ocrx_word' id='word_1_147' title='bbox 559 2122 733 2202; x_wconf 81' lang='lat' dir='ltr'>colloquia</span> <span class='ocrx_word' id='word_1_148' title='bbox 758 2122 957 2202; x_wconf 90' lang='lat' dir='ltr'>spiritualia</span> <span class='ocrx_word' id='word_1_149' title='bbox 982 2120 1203 2185; x_wconf 89' lang='lat' dir='ltr'>videbantur.</span> <span class='ocrx_word' id='word_1_150' title='bbox 1232 2121 1332 2185; x_wconf 93' lang='lat' dir='ltr'>Unus</span> <span class='ocrx_word' id='word_1_151' title='bbox 1360 2131 1480 2184; x_wconf 89' lang='lat' dir='ltr'>tamen</span> 
     </span>
     <span class='ocr_line' id='line_1_18' title="bbox 247 2227 1481 2309; baseline -0.002 -17"><span class='ocrx_word' id='word_1_152' title='bbox 247 2246 381 2308; x_wconf 91' lang='lat' dir='ltr'>corum,</span> <span class='ocrx_word' id='word_1_153' title='bbox 396 2229 503 2292; x_wconf 90' lang='lat' dir='ltr'>corde</span> <span class='ocrx_word' id='word_1_154' title='bbox 517 2229 622 2292; x_wconf 87' lang='lat' dir='ltr'>valde</span> <span class='ocrx_word' id='word_1_155' title='bbox 634 2238 878 2309; x_wconf 81' lang='lat' dir='ltr'>compunctuS,</span> <span class='ocrx_word' id='word_1_156' title='bbox 894 2227 1154 2296; x_wconf 84' lang='lat' dir='ltr'>consessionem</span> <span class='ocrx_word' id='word_1_157' title='bbox 1168 2230 1372 2307; x_wconf 86' lang='lat' dir='ltr'>generalem</span> <span class='ocrx_word' id='word_1_158' title='bbox 1383 2229 1481 2291; x_wconf 86' lang='lat' dir='ltr'>vitae</span> 
     </span>
     <span class='ocr_line' id='line_1_19' title="bbox 246 2335 1477 2416; baseline -0.002 -18"><span class='ocrx_word' id='word_1_159' title='bbox 246 2336 355 2398; x_wconf 85' lang='lat' dir='ltr'>totius</span> <span class='ocrx_word' id='word_1_160' title='bbox 369 2336 490 2400; x_wconf 89' lang='lat' dir='ltr'>multis</span> <span class='ocrx_word' id='word_1_161' title='bbox 505 2353 586 2399; x_wconf 90' lang='lat' dir='ltr'>cum</span> <span class='ocrx_word' id='word_1_162' title='bbox 601 2336 770 2415; x_wconf 88' lang='lat' dir='ltr'>lacrymis</span> <span class='ocrx_word' id='word_1_163' title='bbox 785 2335 879 2416; x_wconf 91' lang='lat' dir='ltr'>apud</span> <span class='ocrx_word' id='word_1_164' title='bbox 893 2353 973 2400; x_wconf 87' lang='lat' dir='ltr'>eum</span> <span class='ocrx_word' id='word_1_165' title='bbox 988 2335 1081 2400; x_wconf 88' lang='lat' dir='ltr'>lecit.</span> <span class='ocrx_word' id='word_1_166' title='bbox 1102 2335 1205 2402; x_wconf 88' lang='lat' dir='ltr'>Alter</span> <span class='ocrx_word' id='word_1_167' title='bbox 1225 2335 1334 2398; x_wconf 88' lang='lat' dir='ltr'>etiam</span> <span class='ocrx_word' id='word_1_168' title='bbox 1347 2335 1477 2415; x_wconf 90' lang='lat' dir='ltr'>promi·</span> 
     </span>
     <span class='ocr_line' id='line_1_20' title="bbox 249 2441 1480 2523; baseline 0.001 -19"><span class='ocrx_word' id='word_1_169' title='bbox 249 2443 295 2505; x_wconf 93' lang='lat' dir='ltr'>sit</span> <span class='ocrx_word' id='word_1_170' title='bbox 319 2460 358 2505; x_wconf 90' lang='lat' dir='ltr'>se</span> <span class='ocrx_word' id='word_1_171' title='bbox 382 2441 575 2506; x_wconf 89' lang='lat' dir='ltr'>Lauretum</span> <span class='ocrx_word' id='word_1_172' title='bbox 604 2443 649 2506; x_wconf 89' lang='lat' dir='ltr'>ad</span> <span class='ocrx_word' id='word_1_173' title='bbox 677 2443 874 2523; x_wconf 90' lang='lat' dir='ltr'>spiritualia</span> <span class='ocrx_word' id='word_1_174' title='bbox 903 2443 1074 2506; x_wconf 87' lang='lat' dir='ltr'>exercitia</span> <span class='ocrx_word' id='word_1_175' title='bbox 1103 2441 1329 2523; x_wconf 88' lang='lat' dir='ltr'>suscipienda</span> <span class='ocrx_word' id='word_1_176' title='bbox 1358 2450 1480 2505; x_wconf 86' lang='lat' dir='ltr'>ventu·</span> 
     </span>
     <span class='ocr_line' id='line_1_21' title="bbox 248 2547 1477 2631; baseline -0.001 -19"><span class='ocrx_word' id='word_1_177' title='bbox 248 2566 338 2613; x_wconf 88' lang='lat' dir='ltr'>rum.</span> <span class='ocrx_word' id='word_1_178' title='bbox 355 2548 497 2616; x_wconf 91' lang='lat' dir='ltr'>Tertius</span> <span class='ocrx_word' id='word_1_179' title='bbox 510 2549 631 2630; x_wconf 89' lang='lat' dir='ltr'>etiam,</span> <span class='ocrx_word' id='word_1_180' title='bbox 648 2567 752 2631; x_wconf 89' lang='lat' dir='ltr'>quem</span> <span class='ocrx_word' id='word_1_181' title='bbox 771 2550 925 2614; x_wconf 90' lang='lat' dir='ltr'>amicum</span> <span class='ocrx_word' id='word_1_182' title='bbox 941 2549 1052 2628; x_wconf 91' lang='lat' dir='ltr'>ipsius</span> <span class='ocrx_word' id='word_1_183' title='bbox 1073 2549 1238 2628; x_wconf 85' lang='lat' dir='ltr'>diximus,</span> <span class='ocrx_word' id='word_1_184' title='bbox 1261 2549 1353 2612; x_wconf 91' lang='lat' dir='ltr'>bona</span> <span class='ocrx_word' id='word_1_185' title='bbox 1369 2547 1477 2612; x_wconf 89' lang='lat' dir='ltr'>etiam</span> 
     </span>
     <span class='ocr_line' id='line_1_22' title="bbox 248 2653 1481 2737; baseline -0.002 -16"><span class='ocrx_word' id='word_1_186' title='bbox 248 2655 511 2721; x_wconf 79' lang='lat' dir='ltr'>reformationis</span> <span class='ocrx_word' id='word_1_187' title='bbox 525 2657 629 2737; x_wconf 89' lang='lat' dir='ltr'>signa</span> <span class='ocrx_word' id='word_1_188' title='bbox 650 2656 757 2721; x_wconf 90' lang='lat' dir='ltr'>dedit.</span> <span class='ocrx_word' id='word_1_189' title='bbox 773 2657 817 2723; x_wconf 90' lang='lat' dir='ltr'>Et</span> <span class='ocrx_word' id='word_1_190' title='bbox 833 2673 913 2721; x_wconf 88' lang='lat' dir='ltr'>curn</span> <span class='ocrx_word' id='word_1_191' title='bbox 928 2657 964 2721; x_wconf 90' lang='lat' dir='ltr'>in</span> <span class='ocrx_word' id='word_1_192' title='bbox 978 2656 1129 2721; x_wconf 91' lang='lat' dir='ltr'>ecclesia</span> <span class='ocrx_word' id='word_1_193' title='bbox 1144 2673 1248 2720; x_wconf 86' lang='lat' dir='ltr'>mane</span> <span class='ocrx_word' id='word_1_194' title='bbox 1263 2653 1409 2720; x_wconf 83' lang='lat' dir='ltr'>Missam</span> <span class='ocrx_word' id='word_1_195' title='bbox 1424 2673 1481 2719; x_wconf 91' lang='lat' dir='ltr'>ce-</span> 
     </span>
     <span class='ocr_line' id='line_1_23' title="bbox 249 2762 1479 2845; baseline 0 -18"><span class='ocrx_word' id='word_1_196' title='bbox 249 2764 392 2828; x_wconf 89' lang='lat' dir='ltr'>lebrans</span> <span class='ocrx_word' id='word_1_197' title='bbox 413 2762 425 2795; x_wconf 79' lang='lat'><strong>³</strong></span> <span class='ocrx_word' id='word_1_198' title='bbox 450 2765 495 2828; x_wconf 90' lang='lat' dir='ltr'>ad</span> <span class='ocrx_word' id='word_1_199' title='bbox 525 2764 751 2845; x_wconf 89' lang='lat' dir='ltr'>evangelium</span> <span class='ocrx_word' id='word_1_200' title='bbox 780 2764 1029 2844; x_wconf 85' lang='lat' dir='ltr'>explicandum</span> <span class='ocrx_word' id='word_1_201' title='bbox 1053 2781 1092 2827; x_wconf 88' lang='lat' dir='ltr'>se</span> <span class='ocrx_word' id='word_1_202' title='bbox 1120 2764 1374 2841; x_wconf 87' lang='lat' dir='ltr'>convertisset,</span> <span class='ocrx_word' id='word_1_203' title='bbox 1398 2780 1479 2827; x_wconf 91' lang='lat' dir='ltr'>cum</span> 
     </span>
     <span class='ocr_line' id='line_1_24' title="bbox 250 2870 1481 2952; baseline -0.002 -17"><span class='ocrx_word' id='word_1_204' title='bbox 250 2872 432 2951; x_wconf 86' lang='lat' dir='ltr'>agricolae</span> <span class='ocrx_word' id='word_1_205' title='bbox 452 2871 559 2952; x_wconf 89' lang='lat' dir='ltr'>aliqui</span> <span class='ocrx_word' id='word_1_206' title='bbox 584 2881 619 2935; x_wconf 91' lang='lat' dir='ltr'>et</span> <span class='ocrx_word' id='word_1_207' title='bbox 642 2889 817 2952; x_wconf 89' lang='lat' dir='ltr'>pauperes</span> <span class='ocrx_word' id='word_1_208' title='bbox 842 2871 1008 2935; x_wconf 93' lang='lat' dir='ltr'>mulieres</span> <span class='ocrx_word' id='word_1_209' title='bbox 1033 2888 1113 2933; x_wconf 91' lang='lat' dir='ltr'>eum</span> <span class='ocrx_word' id='word_1_210' title='bbox 1137 2870 1330 2948; x_wconf 87' lang='lat' dir='ltr'>audissent,</span> <span class='ocrx_word' id='word_1_211' title='bbox 1357 2887 1481 2933; x_wconf 92' lang='lat' dir='ltr'>rumor</span> 
     </span>
     <span class='ocr_line' id='line_1_25' title="bbox 249 2977 1480 3058; baseline 0 -17"><span class='ocrx_word' id='word_1_212' title='bbox 249 2979 409 3058; x_wconf 86' lang='lat' dir='ltr'>pervasit</span> <span class='ocrx_word' id='word_1_213' title='bbox 437 2978 620 3042; x_wconf 81' lang='lat' dir='ltr'>civitatem</span> <span class='ocrx_word' id='word_1_214' title='bbox 644 2979 811 3056; x_wconf 89' lang='lat' dir='ltr'>vicinam,</span> <span class='ocrx_word' id='word_1_215' title='bbox 839 2977 875 3040; x_wconf 92' lang='lat' dir='ltr'>id</span> <span class='ocrx_word' id='word_1_216' title='bbox 899 2988 954 3040; x_wconf 87' lang='lat' dir='ltr'>est</span> <span class='ocrx_word' id='word_1_217' title='bbox 976 2977 1182 3057; x_wconf 86' lang='lat' dir='ltr'>Fulginum,</span> <span class='ocrx_word' id='word_1_218' title='bbox 1210 2978 1305 3058; x_wconf 93' lang='lat' dir='ltr'>quod</span> <span class='ocrx_word' id='word_1_219' title='bbox 1333 2977 1480 3058; x_wconf 87' lang='lat' dir='ltr'>quidam</span> 
     </span>
     <span class='ocr_line' id='line_1_26' title="bbox 248 3084 1478 3165; baseline -0.002 -16"><span class='ocrx_word' id='word_1_220' title='bbox 248 3086 433 3165; x_wconf 87' lang='lat' dir='ltr'>apostolus</span> <span class='ocrx_word' id='word_1_221' title='bbox 447 3102 490 3148; x_wconf 91' lang='lat' dir='ltr'>eo</span> <span class='ocrx_word' id='word_1_222' title='bbox 502 3086 671 3149; x_wconf 89' lang='lat' dir='ltr'>venisset.</span> <span class='ocrx_word' id='word_1_223' title='bbox 689 3084 915 3149; x_wconf 89' lang='lat' dir='ltr'>Camerinum</span> <span class='ocrx_word' id='word_1_224' title='bbox 936 3084 1017 3148; x_wconf 91' lang='lat' dir='ltr'>inde</span> <span class='ocrx_word' id='word_1_225' title='bbox 1038 3100 1201 3164; x_wconf 73' lang='lat' dir='ltr'>pergens</span> <span class='ocrx_word' id='word_1_226' title='bbox 1225 3102 1307 3149; x_wconf 90' lang='lat' dir='ltr'>cum</span> <span class='ocrx_word' id='word_1_227' title='bbox 1326 3100 1417 3147; x_wconf 90' lang='lat' dir='ltr'>unus</span> <span class='ocrx_word' id='word_1_228' title='bbox 1431 3101 1478 3147; x_wconf 81' lang='lat' dir='ltr'>ex</span> 
     </span>
     <span class='ocr_line' id='line_1_27' title="bbox 248 3189 1479 3271; baseline 0 -17"><span class='ocrx_word' id='word_1_229' title='bbox 248 3191 305 3254; x_wconf 86' lang='lat' dir='ltr'>his</span> <span class='ocrx_word' id='word_1_230' title='bbox 319 3190 504 3255; x_wconf 91' lang='lat' dir='ltr'>monachis</span> <span class='ocrx_word' id='word_1_231' title='bbox 523 3192 647 3254; x_wconf 89' lang='lat' dir='ltr'>eodem</span> <span class='ocrx_word' id='word_1_232' title='bbox 669 3192 736 3255; x_wconf 93' lang='lat' dir='ltr'>iter</span> <span class='ocrx_word' id='word_1_233' title='bbox 754 3189 898 3269; x_wconf 88' lang='lat' dir='ltr'>faceret,</span> <span class='ocrx_word' id='word_1_234' title='bbox 921 3209 966 3254; x_wconf 86' lang='lat' dir='ltr'>ex</span> <span class='ocrx_word' id='word_1_235' title='bbox 988 3200 1106 3254; x_wconf 90' lang='lat' dir='ltr'>monte</span> <span class='ocrx_word' id='word_1_236' title='bbox 1130 3191 1286 3270; x_wconf 92' lang='lat' dir='ltr'>quodam</span> <span class='ocrx_word' id='word_1_237' title='bbox 1310 3191 1402 3271; x_wconf 89' lang='lat' dir='ltr'>lapis</span> <span class='ocrx_word' id='word_1_238' title='bbox 1423 3191 1479 3254; x_wconf 90' lang='lat' dir='ltr'>de·</span> 
     </span>
     <span class='ocr_line' id='line_1_28' title="bbox 248 3296 1485 3378; baseline -0.003 -15"><span class='ocrx_word' id='word_1_239' title='bbox 248 3298 424 3363; x_wconf 83' lang='lat' dir='ltr'>scendens</span> <span class='ocrx_word' id='word_1_240' title='bbox 439 3314 522 3362; x_wconf 92' lang='lat' dir='ltr'>crus</span> <span class='ocrx_word' id='word_1_241' title='bbox 539 3298 633 3361; x_wconf 88' lang='lat' dir='ltr'>illius</span> <span class='ocrx_word' id='word_1_242' title='bbox 648 3297 762 3376; x_wconf 87' lang='lat' dir='ltr'>laesit;</span> <span class='ocrx_word' id='word_1_243' title='bbox 785 3306 819 3360; x_wconf 90' lang='lat' dir='ltr'>et</span> <span class='ocrx_word' id='word_1_244' title='bbox 839 3298 922 3378; x_wconf 92' lang='lat' dir='ltr'>quia</span> <span class='ocrx_word' id='word_1_245' title='bbox 942 3296 1049 3377; x_wconf 85' lang='lat' dir='ltr'>pedes</span> <span class='ocrx_word' id='word_1_246' title='bbox 1073 3298 1271 3377; x_wconf 90' lang='lat' dir='ltr'>incedebat,</span> <span class='ocrx_word' id='word_1_247' title='bbox 1298 3297 1485 3361; x_wconf 88' lang='lat' dir='ltr'>descendit</span> 
     </span>
     <span class='ocr_line' id='line_1_29' title="bbox 248 3403 1481 3485; baseline -0.002 -17"><span class='ocrx_word' id='word_1_248' title='bbox 248 3422 296 3469; x_wconf 82' lang='lat' dir='ltr'>cx</span> <span class='ocrx_word' id='word_1_249' title='bbox 314 3421 406 3485; x_wconf 91' lang='lat' dir='ltr'>equo</span> <span class='ocrx_word' id='word_1_250' title='bbox 430 3404 468 3467; x_wconf 90' lang='lat' dir='ltr'>P.</span> <span class='ocrx_word' id='word_1_251' title='bbox 491 3403 640 3468; x_wconf 89' lang='lat' dir='ltr'>Fulvius</span> <span class='ocrx_word' id='word_1_252' title='bbox 660 3413 695 3467; x_wconf 92' lang='lat' dir='ltr'>et</span> <span class='ocrx_word' id='word_1_253' title='bbox 720 3404 934 3469; x_wconf 91' lang='lat' dir='ltr'>monachum</span> <span class='ocrx_word' id='word_1_254' title='bbox 956 3404 1006 3467; x_wconf 92' lang='lat' dir='ltr'>illi</span> <span class='ocrx_word' id='word_1_255' title='bbox 1028 3404 1203 3483; x_wconf 91' lang='lat' dir='ltr'>imposuit,</span> <span class='ocrx_word' id='word_1_256' title='bbox 1227 3415 1262 3468; x_wconf 86' lang='lat' dir='ltr'>et</span> <span class='ocrx_word' id='word_1_257' title='bbox 1286 3405 1382 3485; x_wconf 92' lang='lat' dir='ltr'>quod</span> <span class='ocrx_word' id='word_1_258' title='bbox 1401 3404 1481 3468; x_wconf 92' lang='lat' dir='ltr'>reli·</span> 
     </span>
     <span class='ocr_line' id='line_1_30' title="bbox 248 3510 1481 3591; baseline 0 -16"><span class='ocrx_word' id='word_1_259' title='bbox 248 3529 359 3591; x_wconf 92' lang='lat' dir='ltr'>quum</span> <span class='ocrx_word' id='word_1_260' title='bbox 372 3520 449 3575; x_wconf 91' lang='lat' dir='ltr'>erat</span> <span class='ocrx_word' id='word_1_261' title='bbox 462 3511 598 3575; x_wconf 86' lang='lat' dir='ltr'>itineris</span> <span class='ocrx_word' id='word_1_262' title='bbox 621 3528 701 3575; x_wconf 90' lang='lat' dir='ltr'>cum</span> <span class='ocrx_word' id='word_1_263' title='bbox 717 3510 832 3575; x_wconf 89' lang='lat' dir='ltr'>ocreis</span> <span class='ocrx_word' id='word_1_264' title='bbox 842 3511 1026 3590; x_wconf 85' lang='lat' dir='ltr'>gravibus,</span> <span class='ocrx_word' id='word_1_265' title='bbox 1046 3528 1120 3575; x_wconf 91' lang='lat' dir='ltr'>non</span> <span class='ocrx_word' id='word_1_266' title='bbox 1141 3511 1217 3575; x_wconf 90' lang='lat' dir='ltr'>sine</span> <span class='ocrx_word' id='word_1_267' title='bbox 1238 3512 1370 3588; x_wconf 88' lang='lat' dir='ltr'>labore,</span> <span class='ocrx_word' id='word_1_268' title='bbox 1396 3528 1481 3577; x_wconf 86' lang='lat' dir='ltr'>cum</span> 
     </span>
     <span class='ocr_line' id='line_1_31' title="bbox 247 3616 821 3698; baseline -0.005 -17"><span class='ocrx_word' id='word_1_269' title='bbox 247 3619 323 3698; x_wconf 88' lang='lat' dir='ltr'>jam</span> <span class='ocrx_word' id='word_1_270' title='bbox 338 3636 410 3683; x_wconf 84' lang='lat' dir='ltr'>nox</span> <span class='ocrx_word' id='word_1_271' title='bbox 425 3618 638 3696; x_wconf 88' lang='lat' dir='ltr'>advenisset,</span> <span class='ocrx_word' id='word_1_272' title='bbox 655 3616 821 3681; x_wconf 81' lang='lat' dir='ltr'>coniecit.</span> 
     </span>
    </p>

    <p class='ocr_par' dir='ltr' id='par_1_4' title="bbox 251 3723 1487 3913">
     <span class='ocr_line' id='line_1_32' title="bbox 310 3723 1480 3804; baseline -0.003 -15"><span class='ocrx_word' id='word_1_273' title='bbox 310 3725 382 3789; x_wconf 87' lang='grc'><strong>223.</strong></span> <span class='ocrx_word' id='word_1_274' title='bbox 423 3723 494 3789; x_wconf 86' lang='lat' dir='ltr'>Sed</span> <span class='ocrx_word' id='word_1_275' title='bbox 513 3726 720 3804; x_wconf 77' lang='lat' dir='ltr'>monachuS,</span> <span class='ocrx_word' id='word_1_276' title='bbox 746 3724 958 3788; x_wconf 89' lang='lat' dir='ltr'>charitatem</span> <span class='ocrx_word' id='word_1_277' title='bbox 977 3724 1071 3788; x_wconf 94' lang='lat' dir='ltr'>hanc</span> <span class='ocrx_word' id='word_1_278' title='bbox 1092 3741 1307 3804; x_wconf 87' lang='lat' dir='ltr'>magnopere</span> <span class='ocrx_word' id='word_1_279' title='bbox 1328 3723 1480 3787; x_wconf 90' lang='lat' dir='ltr'>admira·</span> 
     </span>
     <span class='ocr_line' id='line_1_33' title="bbox 251 3830 1487 3913; baseline -0.001 -19"><span class='ocrx_word' id='word_1_280' title='bbox 251 3846 321 3910; x_wconf 88' lang='lat' dir='ltr'>tus,</span> <span class='ocrx_word' id='word_1_281' title='bbox 338 3850 408 3896; x_wconf 92' lang='lat' dir='ltr'>non</span> <span class='ocrx_word' id='word_1_282' title='bbox 432 3848 559 3913; x_wconf 87' lang='lat' dir='ltr'>parum</span> <span class='ocrx_word' id='word_1_283' title='bbox 578 3850 620 3895; x_wconf 91' lang='lat' dir='ltr'>eo</span> <span class='ocrx_word' id='word_1_284' title='bbox 639 3832 812 3912; x_wconf 86' lang='lat' dir='ltr'>exemplo,</span> <span class='ocrx_word' id='word_1_285' title='bbox 836 3842 874 3896; x_wconf 92' lang='lat' dir='ltr'>ut</span> <span class='ocrx_word' id='word_1_286' title='bbox 896 3840 1020 3913; x_wconf 89' lang='lat' dir='ltr'>postea</span> <span class='ocrx_word' id='word_1_287' title='bbox 1040 3831 1157 3894; x_wconf 88' lang='lat' dir='ltr'>visum</span> <span class='ocrx_word' id='word_1_288' title='bbox 1176 3842 1240 3911; x_wconf 89' lang='lat' dir='ltr'>est,</span> <span class='ocrx_word' id='word_1_289' title='bbox 1262 3830 1422 3912; x_wconf 86' lang='lat' dir='ltr'>prosecit;</span> <span class='ocrx_word' id='word_1_290' title='bbox 1448 3842 1487 3893; x_wconf 90' lang='lat' dir='ltr'>et</span> 
     </span>
    </p>
   </div>
   <div class='ocr_carea' id='block_1_3' title="bbox 249 4033 1493 4651">
    <p class='ocr_par' dir='ltr' id='par_1_5' title="bbox 249 4033 1477 4159">
     <span class='ocr_line' id='line_1_34' title="bbox 292 4033 1477 4089; baseline -0.002 -10"><span class='ocrx_word' id='word_1_291' title='bbox 292 4035 301 4069; x_wconf 83' lang='lat'><strong>¹</strong></span> <span class='ocrx_word' id='word_1_292' title='bbox 329 4034 388 4079; x_wconf 85' lang='lat' dir='ltr'>Dux</span> <span class='ocrx_word' id='word_1_293' title='bbox 404 4034 496 4078; x_wconf 86' lang='lat' dir='ltr'>Urbini</span> <span class='ocrx_word' id='word_1_294' title='bbox 512 4040 569 4077; x_wconf 88' lang='lat' dir='ltr'>erat</span> <span class='ocrx_word' id='word_1_295' title='bbox 585 4034 667 4079; x_wconf 85' lang='lat' dir='ltr'>Guldo</span> <span class='ocrx_word' id='word_1_296' title='bbox 682 4034 798 4079; x_wconf 82' lang='lat' dir='ltr'>Ubaldus</span> <span class='ocrx_word' id='word_1_297' title='bbox 813 4034 885 4079; x_wconf 84' lang='lat' dir='ltr'>dela</span> <span class='ocrx_word' id='word_1_298' title='bbox 895 4034 1005 4079; x_wconf 79' lang='lat' dir='ltr'>Rovere.</span> <span class='ocrx_word' id='word_1_299' title='bbox 1018 4033 1094 4086; x_wconf 84' lang='lat' dir='ltr'>(Vide</span> <span class='ocrx_word' id='word_1_300' title='bbox 1108 4046 1197 4089; x_wconf 81' lang='lat' dir='ltr'>supra,</span> <span class='ocrx_word' id='word_1_301' title='bbox 1210 4034 1385 4089; x_wconf 76' lang='lat' dir='ltr'>t.111,pag.8l,</span> <span class='ocrx_word' id='word_1_302' title='bbox 1395 4034 1477 4083; x_wconf 70' lang='lat' dir='ltr'>mil.)</span> 
     </span>
     <span class='ocr_line' id='line_1_35' title="bbox 249 4104 916 4159; baseline 0 -10"><span class='ocrx_word' id='word_1_303' title='bbox 249 4104 315 4159; x_wconf 81' lang='lat' dir='ltr'>Ejus</span> <span class='ocrx_word' id='word_1_304' title='bbox 326 4107 430 4159; x_wconf 77' lang='lat' dir='ltr'>legatus</span> <span class='ocrx_word' id='word_1_305' title='bbox 439 4106 495 4149; x_wconf 86' lang='lat' dir='ltr'>sive</span> <span class='ocrx_word' id='word_1_306' title='bbox 507 4112 606 4159; x_wconf 87' lang='lat' dir='ltr'>orator,</span> <span class='ocrx_word' id='word_1_307' title='bbox 617 4104 728 4158; x_wconf 86' lang='lat' dir='ltr'>Joannes</span> <span class='ocrx_word' id='word_1_308' title='bbox 737 4107 762 4149; x_wconf 88' lang='lat' dir='ltr'>di</span> <span class='ocrx_word' id='word_1_309' title='bbox 774 4105 916 4150; x_wconf 80' lang='lat' dir='ltr'>simoneta.</span> 
     </span>
    </p>

    <p class='ocr_par' dir='ltr' id='par_1_6' title="bbox 249 4174 1485 4373">
     <span class='ocr_line' id='line_1_36' title="bbox 289 4174 1482 4231; baseline 0.002 -12"><span class='ocrx_word' id='word_1_310' title='bbox 289 4174 302 4211; x_wconf 75' lang='lat'><strong>¹</strong></span> <span class='ocrx_word' id='word_1_311' title='bbox 327 4174 394 4219; x_wconf 88' lang='lat' dir='ltr'>Vide</span> <span class='ocrx_word' id='word_1_312' title='bbox 410 4176 504 4221; x_wconf 79' lang='lat' dir='ltr'>Carras</span> <span class='ocrx_word' id='word_1_313' title='bbox 519 4176 552 4223; x_wconf 74' lang='lat' dir='ltr'>de</span> <span class='ocrx_word' id='word_1_314' title='bbox 567 4176 622 4219; x_wconf 80' lang='lat' dir='ltr'>San</span> <span class='ocrx_word' id='word_1_315' title='bbox 637 4176 757 4229; x_wconf 81' lang='lat' dir='ltr'>Ignacio,</span> <span class='ocrx_word' id='word_1_316' title='bbox 778 4184 796 4221; x_wconf 89' lang='lat' dir='ltr'>t.</span> <span class='ocrx_word' id='word_1_317' title='bbox 812 4188 846 4230; x_wconf 88' lang='lat' dir='ltr'>vr,</span> <span class='ocrx_word' id='word_1_318' title='bbox 861 4188 920 4231; x_wconf 81' lang='lat' dir='ltr'>pag.</span> <span class='ocrx_word' id='word_1_319' title='bbox 935 4175 983 4219; x_wconf 73' lang='lat'><strong>490:</strong></span> <span class='ocrx_word' id='word_1_320' title='bbox 1000 4176 1048 4219; x_wconf 82' lang='lat' dir='ltr'>“Al</span> <span class='ocrx_word' id='word_1_321' title='bbox 1063 4175 1245 4221; x_wconf 83' lang='lat' dir='ltr'>Gonialouiere</span> <span class='ocrx_word' id='word_1_322' title='bbox 1260 4178 1293 4223; x_wconf 90' lang='lat' dir='ltr'>ed</span> <span class='ocrx_word' id='word_1_323' title='bbox 1308 4177 1333 4223; x_wconf 78' lang='lat' dir='ltr'>ai</span> <span class='ocrx_word' id='word_1_324' title='bbox 1354 4177 1438 4221; x_wconf 86' lang='lat' dir='ltr'>Priori</span> <span class='ocrx_word' id='word_1_325' title='bbox 1455 4177 1482 4221; x_wconf 87' lang='lat' dir='ltr'>dl</span> 
     </span>
     <span class='ocr_line' id='line_1_37' title="bbox 250 4245 1485 4304; baseline 0.005 -15"><span class='ocrx_word' id='word_1_326' title='bbox 250 4245 339 4301; x_wconf 77' lang='lat' dir='ltr'>Cagll,</span> <span class='ocrx_word' id='word_1_327' title='bbox 348 4254 374 4290; x_wconf 87' lang='lat' dir='ltr'>et</span> <span class='ocrx_word' id='word_1_328' title='bbox 385 4258 445 4301; x_wconf 82' lang='lat' dir='ltr'>pag.</span> <span class='ocrx_word' id='word_1_329' title='bbox 454 4247 502 4291; x_wconf 73' lang='lat' dir='ltr'>tot:</span> <span class='ocrx_word' id='word_1_330' title='bbox 513 4248 562 4290; x_wconf 75' lang='lat' dir='ltr'>“Al</span> <span class='ocrx_word' id='word_1_331' title='bbox 572 4246 692 4291; x_wconf 87' lang='lat' dir='ltr'>Vescovo</span> <span class='ocrx_word' id='word_1_332' title='bbox 700 4248 726 4292; x_wconf 90' lang='lat' dir='ltr'>di</span> <span class='ocrx_word' id='word_1_333' title='bbox 739 4248 847 4301; x_wconf 83' lang='lat' dir='ltr'>Urbino,</span> <span class='ocrx_word' id='word_1_334' title='bbox 857 4248 899 4303; x_wconf 89' lang='lat' dir='ltr'>qui</span> <span class='ocrx_word' id='word_1_335' title='bbox 911 4256 939 4292; x_wconf 91' lang='lat' dir='ltr'>ut</span> <span class='ocrx_word' id='word_1_336' title='bbox 958 4254 1031 4302; x_wconf 86' lang='lat' dir='ltr'>patet</span> <span class='ocrx_word' id='word_1_337' title='bbox 1043 4260 1075 4291; x_wconf 87' lang='lat' dir='ltr'>ex</span> <span class='ocrx_word' id='word_1_338' title='bbox 1085 4249 1221 4302; x_wconf 83' lang='lat' dir='ltr'>hispanica</span> <span class='ocrx_word' id='word_1_339' title='bbox 1231 4250 1404 4295; x_wconf 82' lang='lat' dir='ltr'>translatione</span> <span class='ocrx_word' id='word_1_340' title='bbox 1415 4250 1485 4304; x_wconf 74' lang='lat' dir='ltr'>eius·</span> 
     </span>
     <span class='ocr_line' id='line_1_38' title="bbox 249 4317 1071 4373; baseline 0.005 -14"><span class='ocrx_word' id='word_1_341' title='bbox 249 4318 309 4361; x_wconf 84' lang='lat' dir='ltr'>dem</span> <span class='ocrx_word' id='word_1_342' title='bbox 318 4317 443 4371; x_wconf 77' lang='lat' dir='ltr'>epistolae</span> <span class='ocrx_word' id='word_1_343' title='bbox 454 4318 572 4371; x_wconf 79' lang='lat' dir='ltr'>(ibidem.</span> <span class='ocrx_word' id='word_1_344' title='bbox 583 4328 644 4371; x_wconf 80' lang='lat' dir='ltr'>pag.</span> <span class='ocrx_word' id='word_1_345' title='bbox 654 4318 703 4373; x_wconf 79' lang='lat'>277)</span> <span class='ocrx_word' id='word_1_346' title='bbox 713 4322 856 4363; x_wconf 79' lang='lat' dir='ltr'>vocabatur</span> <span class='ocrx_word' id='word_1_347' title='bbox 868 4318 943 4363; x_wconf 84' lang='lat' dir='ltr'>Felix</span> <span class='ocrx_word' id='word_1_348' title='bbox 955 4318 1071 4363; x_wconf 86' lang='lat' dir='ltr'>Tiranni.</span> 
     </span>
    </p>

    <p class='ocr_par' dir='ltr' id='par_1_7' title="bbox 290 4387 692 4445">
     <span class='ocr_line' id='line_1_39' title="bbox 290 4387 692 4445; baseline 0.007 -13"><span class='ocrx_word' id='word_1_349' title='bbox 290 4388 303 4422; x_wconf 82' lang='lat'>⁸</span> <span class='ocrx_word' id='word_1_350' title='bbox 331 4387 692 4445; x_wconf 56' lang='lat' dir='ltr'>vroeeuprafflaauomm.</span> 
     </span>
    </p>

    <p class='ocr_par' dir='ltr' id='par_1_8' title="bbox 250 4459 1493 4592">
     <span class='ocr_line' id='line_1_40' title="bbox 291 4459 1493 4521; baseline 0.007 -18"><span class='ocrx_word' id='word_1_351' title='bbox 291 4460 304 4493; x_wconf 65' lang='grc' dir='ltr'>Ι</span> <span class='ocrx_word' id='word_1_352' title='bbox 330 4459 410 4505; x_wconf 83' lang='lat' dir='ltr'>Pater</span> <span class='ocrx_word' id='word_1_353' title='bbox 420 4462 488 4505; x_wconf 85' lang='lat' dir='ltr'>euim</span> <span class='ocrx_word' id='word_1_354' title='bbox 497 4460 642 4507; x_wconf 77' lang='lat' dir='ltr'>Andronius</span> <span class='ocrx_word' id='word_1_355' title='bbox 655 4460 721 4515; x_wconf 79' lang='lat' dir='ltr'>(eive</span> <span class='ocrx_word' id='word_1_356' title='bbox 737 4462 887 4515; x_wconf 86' lang='lat' dir='ltr'>Androtius,</span> <span class='ocrx_word' id='word_1_357' title='bbox 898 4469 1008 4517; x_wconf 86' lang='lat' dir='ltr'>utroque</span> <span class='ocrx_word' id='word_1_358' title='bbox 1018 4464 1086 4507; x_wconf 82' lang='lat' dir='ltr'>enim</span> <span class='ocrx_word' id='word_1_359' title='bbox 1100 4465 1175 4509; x_wconf 85' lang='lat' dir='ltr'>modo</span> <span class='ocrx_word' id='word_1_360' title='bbox 1190 4465 1334 4520; x_wconf 83' lang='lat' dir='ltr'>scribitur,)</span> <span class='ocrx_word' id='word_1_361' title='bbox 1349 4465 1493 4521; x_wconf 72' lang='lat' dir='ltr'>ingressus</span> 
     </span>
     <span class='ocr_line' id='line_1_41' title="bbox 250 4530 1281 4592; baseline 0.007 -18"><span class='ocrx_word' id='word_1_362' title='bbox 250 4531 278 4575; x_wconf 88' lang='lat' dir='ltr'>iu</span> <span class='ocrx_word' id='word_1_363' title='bbox 287 4530 444 4577; x_wconf 76' lang='lat' dir='ltr'>Societatem</span> <span class='ocrx_word' id='word_1_364' title='bbox 455 4532 538 4579; x_wconf 76' lang='lat' dir='ltr'>luerat</span> <span class='ocrx_word' id='word_1_365' title='bbox 548 4532 623 4577; x_wconf 86' lang='lat' dir='ltr'>initio</span> <span class='ocrx_word' id='word_1_366' title='bbox 634 4530 710 4587; x_wconf 78' lang='lat' dir='ltr'>hujus</span> <span class='ocrx_word' id='word_1_367' title='bbox 722 4536 790 4587; x_wconf 79' lang='lat' dir='ltr'>unni,</span> <span class='ocrx_word' id='word_1_368' title='bbox 805 4542 833 4578; x_wconf 83' lang='lat' dir='ltr'>ut</span> <span class='ocrx_word' id='word_1_369' title='bbox 848 4535 995 4579; x_wconf 85' lang='lat' dir='ltr'>dictumest</span> <span class='ocrx_word' id='word_1_370' title='bbox 1007 4546 1096 4591; x_wconf 82' lang='lat' dir='ltr'>supra,</span> <span class='ocrx_word' id='word_1_371' title='bbox 1105 4547 1167 4591; x_wconf 80' lang='lat' dir='ltr'>pag.</span> <span class='ocrx_word' id='word_1_372' title='bbox 1179 4536 1200 4592; x_wconf 94' lang='lat'>7,</span> <span class='ocrx_word' id='word_1_373' title='bbox 1211 4548 1236 4581; x_wconf 91' lang='lat' dir='ltr'>n.</span> <span class='ocrx_word' id='word_1_374' title='bbox 1248 4536 1281 4581; x_wconf 87' lang='lat'>10.</span> 
     </span>
    </p>

    <p class='ocr_par' dir='ltr' id='par_1_9' title="bbox 292 4601 482 4651">
     <span class='ocr_line' id='line_1_42' title="bbox 292 4601 482 4651; baseline -0.011 0"><span class='ocrx_word' id='word_1_375' title='bbox 292 4601 305 4637; x_wconf 76' lang='lat'>⁸</span> <span class='ocrx_word' id='word_1_376' title='bbox 332 4602 482 4651; x_wconf 63' lang='lat' dir='ltr'>matina</span> 
     </span>
    </p>
   </div>
   <div class='ocr_carea' id='block_1_4' title="bbox 0 0 1830 5350">
    <p class='ocr_par' dir='ltr' id='par_1_10' title="bbox 0 0 1830 5350">
     <span class='ocr_line' id='line_1_43' title="bbox 0 0 1830 5350; baseline 0 0"><span class='ocrx_word' id='word_1_377' title='bbox 0 0 1830 5350; x_wconf 95' lang='lat' dir='ltr'> </span> 
     </span>
    </p>
   </div>
  </div>
 </body>
</html>
