<?xml version="1.0" encoding="UTF-8"?>
<!DOCTYPE html PUBLIC "-//W3C//DTD XHTML 1.0 Transitional//EN"
    "http://www.w3.org/TR/xhtml1/DTD/xhtml1-transitional.dtd">
<html xmlns="http://www.w3.org/1999/xhtml" xml:lang="en" lang="en">
 <head>
  <title>
</title>
<meta http-equiv="Content-Type" content="text/html;charset=utf-8" />
  <meta name='ocr-system' content='tesseract 3.04.00' />
  <meta name='ocr-capabilities' content='ocr_page ocr_carea ocr_par ocr_line ocrx_word'/>
</head>
<body>
  <div class='ocr_page' id='page_1' title='image "./vitaignatiiloio00polagoog_0777.png"; bbox 0 0 3642 5350; ppageno 0'>
   <div class='ocr_carea' id='block_1_1' title="bbox 783 406 1477 472">
    <p class='ocr_par' dir='ltr' id='par_1_1' title="bbox 783 406 1477 472">
     <span class='ocr_line' id='line_1_1' title="bbox 783 406 1477 472; baseline 0.001 -3"><span class='ocrx_word' id='word_1_1' title='bbox 783 407 848 469; x_wconf 81' lang='lat' dir='ltr'><strong>Art.</strong></span> <span class='ocrx_word' id='word_1_2' title='bbox 870 406 940 469; x_wconf 77' lang='lat'>155⁶</span> <span class='ocrx_word' id='word_1_3' title='bbox 1422 412 1477 472; x_wconf 78' lang='lat'><strong>757</strong></span> 
     </span>
    </p>
   </div>
   <div class='ocr_carea' id='block_1_2' title="bbox 242 554 1568 3970">
    <p class='ocr_par' dir='ltr' id='par_1_2' title="bbox 246 554 1477 943">
     <span class='ocr_line' id='line_1_2' title="bbox 247 554 1477 638; baseline 0.002 -18"><span class='ocrx_word' id='word_1_4' title='bbox 247 554 344 637; x_wconf 83' lang='lat' dir='ltr'><strong>suri,</strong></span> <span class='ocrx_word' id='word_1_5' title='bbox 358 562 465 637; x_wconf 91' lang='lat' dir='ltr'><strong>prout</strong></span> <span class='ocrx_word' id='word_1_6' title='bbox 487 554 564 635; x_wconf 92' lang='lat' dir='ltr'><strong>ipse</strong></span> <span class='ocrx_word' id='word_1_7' title='bbox 583 555 831 636; x_wconf 79' lang='lat' dir='ltr'><strong>constitueret3</strong></span> <span class='ocrx_word' id='word_1_8' title='bbox 852 554 916 620; x_wconf 90' lang='lat' dir='ltr'><strong>sed</strong></span> <span class='ocrx_word' id='word_1_9' title='bbox 930 565 1122 638; x_wconf 88' lang='lat' dir='ltr'><strong>antequam</strong></span> <span class='ocrx_word' id='word_1_10' title='bbox 1140 555 1246 638; x_wconf 76' lang='lat' dir='ltr'><strong>huius</strong></span> <span class='ocrx_word' id='word_1_11' title='bbox 1266 558 1319 622; x_wconf 89' lang='lat' dir='ltr'><strong>rei</strong></span> <span class='ocrx_word' id='word_1_12' title='bbox 1337 558 1477 624; x_wconf 81' lang='lat' dir='ltr'><strong>litterae</strong></span> 
     </span>
     <span class='ocr_line' id='line_1_3' title="bbox 246 659 1475 746; baseline 0.002 -18"><span class='ocrx_word' id='word_1_13' title='bbox 246 663 397 728; x_wconf 83' lang='lat' dir='ltr'><strong>Romam</strong></span> <span class='ocrx_word' id='word_1_14' title='bbox 415 661 658 743; x_wconf 87' lang='lat' dir='ltr'><strong>pervenirent,</strong></span> <span class='ocrx_word' id='word_1_15' title='bbox 677 661 752 744; x_wconf 89' lang='lat' dir='ltr'><strong>jam</strong></span> <span class='ocrx_word' id='word_1_16' title='bbox 766 659 804 728; x_wconf 88' lang='lat' dir='ltr'><strong>P.</strong></span> <span class='ocrx_word' id='word_1_17' title='bbox 826 661 987 744; x_wconf 82' lang='lat' dir='ltr'><strong>ignatius</strong></span> <span class='ocrx_word' id='word_1_18' title='bbox 1000 680 1046 728; x_wconf 83' lang='lat' dir='ltr'><strong>ex</strong></span> <span class='ocrx_word' id='word_1_19' title='bbox 1065 663 1134 729; x_wconf 86' lang='lat' dir='ltr'><strong>hac</strong></span> <span class='ocrx_word' id='word_1_20' title='bbox 1154 664 1229 729; x_wconf 87' lang='lat' dir='ltr'><strong>vita</strong></span> <span class='ocrx_word' id='word_1_21' title='bbox 1243 664 1475 746; x_wconf 81' lang='lat' dir='ltr'><strong>migraverat:</strong></span> 
     </span>
     <span class='ocr_line' id='line_1_4' title="bbox 246 770 1476 855; baseline 0.002 -21"><span class='ocrx_word' id='word_1_22' title='bbox 246 771 363 835; x_wconf 89' lang='lat' dir='ltr'><strong>nullus</strong></span> <span class='ocrx_word' id='word_1_23' title='bbox 383 777 503 835; x_wconf 85' lang='lat' dir='ltr'><strong>tamen</strong></span> <span class='ocrx_word' id='word_1_24' title='bbox 524 786 773 834; x_wconf 87' lang='lat' dir='ltr'><strong>successorum</strong></span> <span class='ocrx_word' id='word_1_25' title='bbox 793 770 979 852; x_wconf 91' lang='lat' dir='ltr'><strong>rationem,</strong></span> <span class='ocrx_word' id='word_1_26' title='bbox 1002 787 1109 853; x_wconf 87' lang='lat' dir='ltr'><strong>quam</strong></span> <span class='ocrx_word' id='word_1_27' title='bbox 1123 781 1324 851; x_wconf 88' lang='lat' dir='ltr'><strong>tenuerant,</strong></span> <span class='ocrx_word' id='word_1_28' title='bbox 1346 772 1476 855; x_wconf 89' lang='lat' dir='ltr'><strong>impro-</strong></span> 
     </span>
     <span class='ocr_line' id='line_1_5' title="bbox 246 876 562 943; baseline -0.003 -1"><span class='ocrx_word' id='word_1_29' title='bbox 246 876 401 943; x_wconf 86' lang='lat' dir='ltr'><strong>bandam</strong></span> <span class='ocrx_word' id='word_1_30' title='bbox 414 876 562 942; x_wconf 91' lang='lat' dir='ltr'><strong>censuit.</strong></span> 
     </span>
    </p>

    <p class='ocr_par' dir='ltr' id='par_1_3' title="bbox 245 983 1476 1389">
     <span class='ocr_line' id='line_1_6' title="bbox 305 983 1476 1067; baseline 0.002 -17"><span class='ocrx_word' id='word_1_31' title='bbox 305 984 397 1051; x_wconf 85' lang='grc'><strong>3275.</strong></span> <span class='ocrx_word' id='word_1_32' title='bbox 440 983 525 1050; x_wconf 92' lang='lat' dir='ltr'><strong>Post</strong></span> <span class='ocrx_word' id='word_1_33' title='bbox 537 983 793 1064; x_wconf 89' lang='lat' dir='ltr'><strong>Pentecostem,</strong></span> <span class='ocrx_word' id='word_1_34' title='bbox 809 986 974 1067; x_wconf 88' lang='lat' dir='ltr'><strong>quamvis</strong></span> <span class='ocrx_word' id='word_1_35' title='bbox 987 984 1271 1051; x_wconf 83' lang='lat' dir='ltr'><strong>valetudinarius</strong></span> <span class='ocrx_word' id='word_1_36' title='bbox 1284 995 1379 1051; x_wconf 88' lang='lat' dir='ltr'><strong>esset</strong></span> <span class='ocrx_word' id='word_1_37' title='bbox 1392 984 1476 1052; x_wconf 91' lang='lat' dir='ltr'><strong>Pro·</strong></span> 
     </span>
     <span class='ocr_line' id='line_1_7' title="bbox 246 1090 1476 1173; baseline 0.003 -17"><span class='ocrx_word' id='word_1_38' title='bbox 246 1092 427 1173; x_wconf 88' lang='lat' dir='ltr'><strong>vincialis,</strong></span> <span class='ocrx_word' id='word_1_39' title='bbox 452 1092 497 1157; x_wconf 90' lang='lat' dir='ltr'><strong>ad</strong></span> <span class='ocrx_word' id='word_1_40' title='bbox 522 1092 704 1159; x_wconf 89' lang='lat' dir='ltr'><strong>civitatem</strong></span> <span class='ocrx_word' id='word_1_41' title='bbox 718 1090 934 1171; x_wconf 77' lang='lat' dir='ltr'><strong>saltatoria,</strong></span> <span class='ocrx_word' id='word_1_42' title='bbox 961 1092 1081 1158; x_wconf 89' lang='lat' dir='ltr'><strong>oblata</strong></span> <span class='ocrx_word' id='word_1_43' title='bbox 1102 1093 1356 1159; x_wconf 85' lang='lat' dir='ltr'><strong>commoditate</strong></span> <span class='ocrx_word' id='word_1_44' title='bbox 1377 1095 1476 1160; x_wconf 88' lang='lat' dir='ltr'><strong>navi·</strong></span> 
     </span>
     <span class='ocr_line' id='line_1_8' title="bbox 245 1198 1476 1283; baseline 0.002 -18"><span class='ocrx_word' id='word_1_45' title='bbox 245 1198 370 1281; x_wconf 85' lang='lat' dir='ltr'><strong>gandi,</strong></span> <span class='ocrx_word' id='word_1_46' title='bbox 387 1200 568 1283; x_wconf 84' lang='lat' dir='ltr'><strong>protectus</strong></span> <span class='ocrx_word' id='word_1_47' title='bbox 581 1207 653 1279; x_wconf 89' lang='lat' dir='ltr'><strong>est,</strong></span> <span class='ocrx_word' id='word_1_48' title='bbox 673 1216 781 1282; x_wconf 83' lang='lat' dir='ltr'><strong>quam</strong></span> <span class='ocrx_word' id='word_1_49' title='bbox 796 1200 886 1265; x_wconf 90' lang='lat' dir='ltr'><strong>duos</strong></span> <span class='ocrx_word' id='word_1_50' title='bbox 907 1199 983 1265; x_wconf 84' lang='lat' dir='ltr'><strong>iere</strong></span> <span class='ocrx_word' id='word_1_51' title='bbox 1004 1216 1119 1265; x_wconf 87' lang='lat' dir='ltr'><strong>annos</strong></span> <span class='ocrx_word' id='word_1_52' title='bbox 1137 1209 1392 1281; x_wconf 83' lang='lat' dir='ltr'><strong>expectaverat</strong></span> <span class='ocrx_word' id='word_1_53' title='bbox 1409 1220 1476 1268; x_wconf 91' lang='lat' dir='ltr'><strong>nec</strong></span> 
     </span>
     <span class='ocr_line' id='line_1_9' title="bbox 246 1307 596 1389; baseline -0.009 -16"><span class='ocrx_word' id='word_1_54' title='bbox 246 1307 406 1373; x_wconf 87' lang='lat' dir='ltr'><strong>obtinere</strong></span> <span class='ocrx_word' id='word_1_55' title='bbox 420 1315 596 1389; x_wconf 88' lang='lat' dir='ltr'><strong>potuerat.</strong></span> 
     </span>
    </p>

    <p class='ocr_par' dir='ltr' id='par_1_4' title="bbox 245 1414 1476 1911">
     <span class='ocr_line' id='line_1_10' title="bbox 304 1414 1475 1505; baseline 0.002 -25"><span class='ocrx_word' id='word_1_56' title='bbox 304 1414 397 1480; x_wconf 84' lang='lat'><strong>3276.</strong></span> <span class='ocrx_word' id='word_1_57' title='bbox 439 1415 517 1481; x_wconf 90' lang='lat' dir='ltr'><strong>Hoc</strong></span> <span class='ocrx_word' id='word_1_58' title='bbox 531 1424 691 1498; x_wconf 90' lang='lat' dir='ltr'><strong>tempore</strong></span> <span class='ocrx_word' id='word_1_59' title='bbox 705 1414 910 1481; x_wconf 85' lang='lat' dir='ltr'><strong>residebant</strong></span> <span class='ocrx_word' id='word_1_60' title='bbox 923 1416 1038 1505; x_wconf 87' lang='lat' dir='ltr'><strong>nostri</strong></span> <span class='ocrx_word' id='word_1_61' title='bbox 1051 1416 1177 1498; x_wconf 87' lang='lat' dir='ltr'><strong>paucis</strong></span> <span class='ocrx_word' id='word_1_62' title='bbox 1194 1417 1231 1481; x_wconf 92' lang='lat' dir='ltr'><strong>in</strong></span> <span class='ocrx_word' id='word_1_63' title='bbox 1249 1417 1339 1481; x_wconf 90' lang='lat' dir='ltr'><strong>locis</strong></span> <span class='ocrx_word' id='word_1_64' title='bbox 1359 1416 1475 1483; x_wconf 89' lang='lat' dir='ltr'><strong>Brasi-</strong></span> 
     </span>
     <span class='ocr_line' id='line_1_11' title="bbox 246 1522 1476 1607; baseline 0.002 -20"><span class='ocrx_word' id='word_1_65' title='bbox 246 1524 334 1604; x_wconf 91' lang='lat' dir='ltr'><strong>liae,</strong></span> <span class='ocrx_word' id='word_1_66' title='bbox 350 1523 485 1588; x_wconf 89' lang='lat' dir='ltr'><strong>scilicet</strong></span> <span class='ocrx_word' id='word_1_67' title='bbox 499 1522 536 1587; x_wconf 91' lang='lat' dir='ltr'><strong>in</strong></span> <span class='ocrx_word' id='word_1_68' title='bbox 557 1524 704 1588; x_wconf 88' lang='lat' dir='ltr'><strong>civitate</strong></span> <span class='ocrx_word' id='word_1_69' title='bbox 725 1522 941 1604; x_wconf 74' lang='lat' dir='ltr'><strong>SalvatoriS,</strong></span> <span class='ocrx_word' id='word_1_70' title='bbox 963 1541 1071 1605; x_wconf 90' lang='lat' dir='ltr'><strong>quam</strong></span> <span class='ocrx_word' id='word_1_71' title='bbox 1085 1524 1223 1607; x_wconf 86' lang='lat' dir='ltr'><strong>Bayam</strong></span> <span class='ocrx_word' id='word_1_72' title='bbox 1242 1534 1389 1605; x_wconf 90' lang='lat' dir='ltr'><strong>vocant,</strong></span> <span class='ocrx_word' id='word_1_73' title='bbox 1415 1524 1476 1589; x_wconf 91' lang='lat' dir='ltr'><strong>ubi</strong></span> 
     </span>
     <span class='ocr_line' id='line_1_12' title="bbox 246 1628 1476 1697; baseline 0.002 -3"><span class='ocrx_word' id='word_1_74' title='bbox 246 1629 353 1695; x_wconf 89' lang='lat' dir='ltr'><strong>Pater</strong></span> <span class='ocrx_word' id='word_1_75' title='bbox 367 1629 579 1695; x_wconf 87' lang='lat' dir='ltr'><strong>Ambrosius</strong></span> <span class='ocrx_word' id='word_1_76' title='bbox 601 1630 611 1663; x_wconf 92' lang='lat'>¹</span> <span class='ocrx_word' id='word_1_77' title='bbox 632 1638 666 1695; x_wconf 91' lang='lat' dir='ltr'><strong>et</strong></span> <span class='ocrx_word' id='word_1_78' title='bbox 686 1629 724 1697; x_wconf 89' lang='lat' dir='ltr'><strong>P.</strong></span> <span class='ocrx_word' id='word_1_79' title='bbox 749 1630 927 1695; x_wconf 89' lang='lat' dir='ltr'><strong>Antonius</strong></span> <span class='ocrx_word' id='word_1_80' title='bbox 944 1628 1055 1695; x_wconf 89' lang='lat' dir='ltr'><strong>Perez</strong></span> <span class='ocrx_word' id='word_1_81' title='bbox 1075 1648 1156 1696; x_wconf 91' lang='lat' dir='ltr'><strong>cum</strong></span> <span class='ocrx_word' id='word_1_82' title='bbox 1176 1631 1289 1696; x_wconf 90' lang='lat' dir='ltr'><strong>tribus</strong></span> <span class='ocrx_word' id='word_1_83' title='bbox 1305 1630 1476 1696; x_wconf 79' lang='lat' dir='ltr'><strong>iratribus</strong></span> 
     </span>
     <span class='ocr_line' id='line_1_13' title="bbox 245 1736 1475 1821; baseline -0.001 -18"><span class='ocrx_word' id='word_1_84' title='bbox 245 1738 467 1818; x_wconf 87' lang='lat' dir='ltr'><strong>residebant,</strong></span> <span class='ocrx_word' id='word_1_85' title='bbox 494 1747 530 1801; x_wconf 94' lang='lat' dir='ltr'><strong>et</strong></span> <span class='ocrx_word' id='word_1_86' title='bbox 552 1738 731 1803; x_wconf 90' lang='lat' dir='ltr'><strong>consuetis</strong></span> <span class='ocrx_word' id='word_1_87' title='bbox 758 1736 930 1803; x_wconf 88' lang='lat' dir='ltr'><strong>Societati</strong></span> <span class='ocrx_word' id='word_1_88' title='bbox 952 1747 1098 1803; x_wconf 89' lang='lat' dir='ltr'><strong>nostrae</strong></span> <span class='ocrx_word' id='word_1_89' title='bbox 1121 1738 1415 1821; x_wconf 86' lang='lat' dir='ltr'><strong>occupationibus</strong></span> <span class='ocrx_word' id='word_1_90' title='bbox 1438 1740 1475 1802; x_wconf 92' lang='lat' dir='ltr'><strong>in</strong></span> 
     </span>
     <span class='ocr_line' id='line_1_14' title="bbox 246 1844 910 1911; baseline -0.003 -2"><span class='ocrx_word' id='word_1_91' title='bbox 246 1845 445 1910; x_wconf 88' lang='lat' dir='ltr'><strong>animarum</strong></span> <span class='ocrx_word' id='word_1_92' title='bbox 460 1844 631 1910; x_wconf 87' lang='lat' dir='ltr'><strong>auxilinm</strong></span> <span class='ocrx_word' id='word_1_93' title='bbox 640 1844 910 1911; x_wconf 86' lang='lat' dir='ltr'><strong>distinebantur.</strong></span> 
     </span>
    </p>

    <p class='ocr_par' dir='ltr' id='par_1_5' title="bbox 242 1950 1568 3111">
     <span class='ocr_line' id='line_1_15' title="bbox 304 1950 1475 2035; baseline 0.003 -18"><span class='ocrx_word' id='word_1_94' title='bbox 304 1952 396 2017; x_wconf 84' lang='lat'><strong>3277.</strong></span> <span class='ocrx_word' id='word_1_95' title='bbox 439 1951 479 2018; x_wconf 93' lang='lat' dir='ltr'><strong>In</strong></span> <span class='ocrx_word' id='word_1_96' title='bbox 495 1952 625 2035; x_wconf 92' lang='lat' dir='ltr'><strong>oppido</strong></span> <span class='ocrx_word' id='word_1_97' title='bbox 638 1952 791 2035; x_wconf 86' lang='lat' dir='ltr'><strong>Spiritus</strong></span> <span class='ocrx_word' id='word_1_98' title='bbox 810 1950 932 2019; x_wconf 85' lang='lat' dir='ltr'><strong>Sancti</strong></span> <span class='ocrx_word' id='word_1_99' title='bbox 953 1953 991 2019; x_wconf 90' lang='lat' dir='ltr'><strong>P.</strong></span> <span class='ocrx_word' id='word_1_100' title='bbox 1008 1954 1149 2020; x_wconf 89' lang='lat' dir='ltr'><strong>Blasins</strong></span> <span class='ocrx_word' id='word_1_101' title='bbox 1162 1954 1376 2020; x_wconf 84' lang='lat' dir='ltr'><strong>Laurentius</strong></span> <span class='ocrx_word' id='word_1_102' title='bbox 1394 1972 1475 2020; x_wconf 89' lang='lat' dir='ltr'><strong>curn</strong></span> 
     </span>
     <span class='ocr_line' id='line_1_16' title="bbox 243 2060 1476 2127; baseline 0.002 -3"><span class='ocrx_word' id='word_1_103' title='bbox 243 2062 344 2126; x_wconf 91' lang='lat' dir='ltr'><strong>socio</strong></span> <span class='ocrx_word' id='word_1_104' title='bbox 369 2060 406 2125; x_wconf 92' lang='lat' dir='ltr'><strong>in</strong></span> <span class='ocrx_word' id='word_1_105' title='bbox 431 2060 670 2125; x_wconf 83' lang='lat' dir='ltr'><strong>functionibus</strong></span> <span class='ocrx_word' id='word_1_106' title='bbox 696 2060 870 2126; x_wconf 89' lang='lat' dir='ltr'><strong>similibus</strong></span> <span class='ocrx_word' id='word_1_107' title='bbox 893 2062 1116 2126; x_wconf 88' lang='lat' dir='ltr'><strong>versabatur.</strong></span> <span class='ocrx_word' id='word_1_108' title='bbox 1141 2060 1182 2125; x_wconf 90' lang='lat' dir='ltr'><strong>ln</strong></span> <span class='ocrx_word' id='word_1_109' title='bbox 1196 2061 1328 2127; x_wconf 86' lang='lat' dir='ltr'><strong>ducatu</strong></span> <span class='ocrx_word' id='word_1_110' title='bbox 1356 2072 1476 2127; x_wconf 90' lang='lat' dir='ltr'><strong>autem</strong></span> 
     </span>
     <span class='ocr_line' id='line_1_17' title="bbox 243 2165 1475 2248; baseline 0 -15"><span class='ocrx_word' id='word_1_111' title='bbox 243 2165 304 2233; x_wconf 57' lang='lat'><strong>8³¹</strong></span> <span class='ocrx_word' id='word_1_112' title='bbox 328 2167 521 2248; x_wconf 91' lang='lat' dir='ltr'><strong>Vincentii,</strong></span> <span class='ocrx_word' id='word_1_113' title='bbox 543 2167 656 2231; x_wconf 89' lang='lat' dir='ltr'><strong>tribus</strong></span> <span class='ocrx_word' id='word_1_114' title='bbox 676 2168 711 2231; x_wconf 91' lang='lat' dir='ltr'><strong>in</strong></span> <span class='ocrx_word' id='word_1_115' title='bbox 737 2168 826 2233; x_wconf 90' lang='lat' dir='ltr'><strong>locis</strong></span> <span class='ocrx_word' id='word_1_116' title='bbox 850 2169 964 2233; x_wconf 90' lang='lat' dir='ltr'><strong>nostri</strong></span> <span class='ocrx_word' id='word_1_117' title='bbox 987 2168 1237 2234; x_wconf 85' lang='lat' dir='ltr'><strong>versabantur.</strong></span> <span class='ocrx_word' id='word_1_118' title='bbox 1263 2165 1475 2235; x_wconf 87' lang='lat' dir='ltr'><strong>Sacerdotes</strong></span> 
     </span>
     <span class='ocr_line' id='line_1_18' title="bbox 242 2267 1476 2358; baseline 0.001 -19"><span class='ocrx_word' id='word_1_119' title='bbox 242 2284 346 2339; x_wconf 89' lang='lat' dir='ltr'><strong>erant</strong></span> <span class='ocrx_word' id='word_1_120' title='bbox 360 2273 398 2340; x_wconf 94' lang='lat' dir='ltr'><strong>P.</strong></span> <span class='ocrx_word' id='word_1_121' title='bbox 419 2267 624 2340; x_wconf 85' lang='lat' dir='ltr'><strong>Ludovicns</strong></span> <span class='ocrx_word' id='word_1_122' title='bbox 644 2274 687 2339; x_wconf 91' lang='lat' dir='ltr'><strong>de</strong></span> <span class='ocrx_word' id='word_1_123' title='bbox 707 2274 847 2356; x_wconf 89' lang='lat' dir='ltr'><strong>Grana,</strong></span> <span class='ocrx_word' id='word_1_124' title='bbox 869 2293 974 2358; x_wconf 90' lang='lat' dir='ltr'><strong>quem</strong></span> <span class='ocrx_word' id='word_1_125' title='bbox 993 2276 1107 2341; x_wconf 87' lang='lat' dir='ltr'><strong>tribus</strong></span> <span class='ocrx_word' id='word_1_126' title='bbox 1124 2276 1180 2340; x_wconf 90' lang='lat' dir='ltr'><strong>his</strong></span> <span class='ocrx_word' id='word_1_127' title='bbox 1194 2276 1284 2341; x_wconf 91' lang='lat' dir='ltr'><strong>locis</strong></span> <span class='ocrx_word' id='word_1_128' title='bbox 1304 2275 1476 2358; x_wconf 82' lang='lat' dir='ltr'><strong>praefecit</strong></span> 
     </span>
     <span class='ocr_line' id='line_1_19' title="bbox 244 2381 1473 2465; baseline 0.001 -18"><span class='ocrx_word' id='word_1_129' title='bbox 244 2381 489 2463; x_wconf 86' lang='lat' dir='ltr'><strong>Provincialis,</strong></span> <span class='ocrx_word' id='word_1_130' title='bbox 510 2399 592 2447; x_wconf 91' lang='lat' dir='ltr'><strong>cum</strong></span> <span class='ocrx_word' id='word_1_131' title='bbox 612 2381 778 2447; x_wconf 88' lang='lat' dir='ltr'><strong>Patribus</strong></span> <span class='ocrx_word' id='word_1_132' title='bbox 801 2382 1032 2449; x_wconf 85' lang='lat' dir='ltr'><strong>Emmanuele</strong></span> <span class='ocrx_word' id='word_1_133' title='bbox 1055 2383 1100 2448; x_wconf 88' lang='lat' dir='ltr'><strong>de</strong></span> <span class='ocrx_word' id='word_1_134' title='bbox 1124 2382 1261 2465; x_wconf 83' lang='lat' dir='ltr'><strong>Payva,</strong></span> <span class='ocrx_word' id='word_1_135' title='bbox 1282 2384 1473 2449; x_wconf 89' lang='lat' dir='ltr'><strong>Vincentio</strong></span> 
     </span>
     <span class='ocr_line' id='line_1_20' title="bbox 243 2487 1474 2574; baseline 0.002 -20"><span class='ocrx_word' id='word_1_136' title='bbox 243 2487 446 2570; x_wconf 82' lang='lat' dir='ltr'><strong>Rodriguez</strong></span> <span class='ocrx_word' id='word_1_137' title='bbox 470 2498 505 2555; x_wconf 90' lang='lat' dir='ltr'><strong>et</strong></span> <span class='ocrx_word' id='word_1_138' title='bbox 524 2488 711 2571; x_wconf 88' lang='lat' dir='ltr'><strong>Alphonso</strong></span> <span class='ocrx_word' id='word_1_139' title='bbox 729 2490 860 2571; x_wconf 87' lang='lat' dir='ltr'><strong>Blasio,</strong></span> <span class='ocrx_word' id='word_1_140' title='bbox 883 2500 919 2555; x_wconf 89' lang='lat' dir='ltr'><strong>et</strong></span> <span class='ocrx_word' id='word_1_141' title='bbox 941 2508 1072 2556; x_wconf 88' lang='lat' dir='ltr'><strong>novem</strong></span> <span class='ocrx_word' id='word_1_142' title='bbox 1092 2491 1171 2554; x_wconf 88' lang='lat' dir='ltr'><strong>aliis</strong></span> <span class='ocrx_word' id='word_1_143' title='bbox 1190 2489 1371 2557; x_wconf 87' lang='lat' dir='ltr'><strong>fratribus.</strong></span> <span class='ocrx_word' id='word_1_144' title='bbox 1394 2490 1474 2574; x_wconf 89' lang='lat' dir='ltr'><strong>lpse</strong></span> 
     </span>
     <span class='ocr_line' id='line_1_21' title="bbox 245 2595 1473 2680; baseline 0.001 -17"><span class='ocrx_word' id='word_1_145' title='bbox 245 2606 364 2663; x_wconf 86' lang='lat' dir='ltr'><strong>autem</strong></span> <span class='ocrx_word' id='word_1_146' title='bbox 379 2596 417 2663; x_wconf 91' lang='lat' dir='ltr'><strong>P.</strong></span> <span class='ocrx_word' id='word_1_147' title='bbox 433 2596 669 2663; x_wconf 90' lang='lat' dir='ltr'><strong>Provincialis</strong></span> <span class='ocrx_word' id='word_1_148' title='bbox 683 2595 849 2680; x_wconf 85' lang='lat' dir='ltr'><strong>Nobrega</strong></span> <span class='ocrx_word' id='word_1_149' title='bbox 865 2614 987 2662; x_wconf 91' lang='lat' dir='ltr'><strong>secum</strong></span> <span class='ocrx_word' id='word_1_150' title='bbox 998 2596 1036 2662; x_wconf 90' lang='lat' dir='ltr'><strong>P.</strong></span> <span class='ocrx_word' id='word_1_151' title='bbox 1052 2596 1285 2664; x_wconf 87' lang='lat' dir='ltr'><strong>Franciscum</strong></span> <span class='ocrx_word' id='word_1_152' title='bbox 1299 2597 1420 2678; x_wconf 91' lang='lat' dir='ltr'><strong>Perez,</strong></span> <span class='ocrx_word' id='word_1_153' title='bbox 1437 2609 1473 2664; x_wconf 91' lang='lat' dir='ltr'><strong>et</strong></span> 
     </span>
     <span class='ocr_line' id='line_1_22' title="bbox 245 2698 1474 2788; baseline 0.001 -18"><span class='ocrx_word' id='word_1_154' title='bbox 245 2714 397 2788; x_wconf 87' lang='lat' dir='ltr'><strong>quatuor</strong></span> <span class='ocrx_word' id='word_1_155' title='bbox 411 2705 500 2770; x_wconf 88' lang='lat' dir='ltr'><strong>alios</strong></span> <span class='ocrx_word' id='word_1_156' title='bbox 513 2705 643 2771; x_wconf 89' lang='lat' dir='ltr'><strong>fratres</strong></span> <span class='ocrx_word' id='word_1_157' title='bbox 653 2703 736 2771; x_wconf 88' lang='lat' dir='ltr'><strong>inde</strong></span> <span class='ocrx_word' id='word_1_158' title='bbox 747 2704 894 2771; x_wconf 86' lang='lat' dir='ltr'><strong>abduxit</strong></span> <span class='ocrx_word' id='word_1_159' title='bbox 905 2705 929 2785; x_wconf 77' lang='lat'><strong>⁸3</strong></span> <span class='ocrx_word' id='word_1_160' title='bbox 941 2715 1083 2787; x_wconf 84' lang='lat' dir='ltr'><strong>praeter</strong></span> <span class='ocrx_word' id='word_1_161' title='bbox 1094 2705 1163 2770; x_wconf 89' lang='lat' dir='ltr'><strong>hos</strong></span> <span class='ocrx_word' id='word_1_162' title='bbox 1174 2715 1208 2771; x_wconf 90' lang='lat' dir='ltr'><strong>et</strong></span> <span class='ocrx_word' id='word_1_163' title='bbox 1219 2705 1258 2770; x_wconf 89' lang='lat' dir='ltr'><strong>P.</strong></span> <span class='ocrx_word' id='word_1_164' title='bbox 1271 2698 1474 2772; x_wconf 79' lang='lat' dir='ltr'><strong>Nava&#39;rrum</strong></span> 
     </span>
     <span class='ocr_line' id='line_1_23' title="bbox 245 2811 1471 2896; baseline 0 -18"><span class='ocrx_word' id='word_1_165' title='bbox 245 2814 322 2878; x_wconf 88' lang='lat' dir='ltr'><strong>sive</strong></span> <span class='ocrx_word' id='word_1_166' title='bbox 346 2813 593 2896; x_wconf 87' lang='lat' dir='ltr'><strong>Azpilcuetam</strong></span> <span class='ocrx_word' id='word_1_167' title='bbox 610 2811 634 2893; x_wconf 85' lang='lat'><strong>⁸,</strong></span> <span class='ocrx_word' id='word_1_168' title='bbox 657 2813 718 2896; x_wconf 92' lang='lat' dir='ltr'><strong>qui</strong></span> <span class='ocrx_word' id='word_1_169' title='bbox 746 2813 783 2877; x_wconf 89' lang='lat' dir='ltr'><strong>in</strong></span> <span class='ocrx_word' id='word_1_170' title='bbox 812 2814 925 2879; x_wconf 89' lang='lat' dir='ltr'><strong>variis</strong></span> <span class='ocrx_word' id='word_1_171' title='bbox 953 2812 1181 2878; x_wconf 88' lang='lat' dir='ltr'><strong>missionibus</strong></span> <span class='ocrx_word' id='word_1_172' title='bbox 1208 2831 1248 2878; x_wconf 90' lang='lat' dir='ltr'><strong>se</strong></span> <span class='ocrx_word' id='word_1_173' title='bbox 1269 2815 1471 2893; x_wconf 88' lang='lat' dir='ltr'><strong>exercebat,</strong></span> 
     </span>
     <span class='ocr_line' id='line_1_24' title="bbox 243 2917 1568 3014; baseline 0.001 -28"><span class='ocrx_word' id='word_1_174' title='bbox 243 2921 360 2987; x_wconf 88' lang='lat' dir='ltr'><strong>nullus</strong></span> <span class='ocrx_word' id='word_1_175' title='bbox 375 2931 463 3001; x_wconf 86' lang='lat' dir='ltr'><strong>erat,</strong></span> <span class='ocrx_word' id='word_1_176' title='bbox 479 2921 548 2986; x_wconf 91' lang='lat' dir='ltr'><strong>nisi</strong></span> <span class='ocrx_word' id='word_1_177' title='bbox 563 2937 652 3004; x_wconf 90' lang='lat' dir='ltr'><strong>quos</strong></span> <span class='ocrx_word' id='word_1_178' title='bbox 666 2921 922 3003; x_wconf 83' lang='lat' dir='ltr'><strong>praediximus,</strong></span> <span class='ocrx_word' id='word_1_179' title='bbox 934 2921 971 2984; x_wconf 93' lang='lat' dir='ltr'><strong>in</strong></span> <span class='ocrx_word' id='word_1_180' title='bbox 985 2930 1062 2986; x_wconf 85' lang='lat' dir='ltr'><strong>tota</strong></span> <span class='ocrx_word' id='word_1_181' title='bbox 1075 2921 1144 2985; x_wconf 89' lang='lat' dir='ltr'><strong>hac</strong></span> <span class='ocrx_word' id='word_1_182' title='bbox 1155 2917 1359 3003; x_wconf 89' lang='lat' dir='ltr'><strong>Provincia,</strong></span> <span class='ocrx_word' id='word_1_183' title='bbox 1371 2937 1474 2987; x_wconf 88' lang='lat' dir='ltr'><strong>exce·</strong></span> <span class='ocrx_word' id='word_1_184' title='bbox 1564 3007 1568 3014; x_wconf 24' lang='lat'>¹</span> 
     </span>
     <span class='ocr_line' id='line_1_25' title="bbox 244 3028 836 3111; baseline -0.002 -17"><span class='ocrx_word' id='word_1_185' title='bbox 244 3038 306 3111; x_wconf 87' lang='lat' dir='ltr'><strong>pto</strong></span> <span class='ocrx_word' id='word_1_186' title='bbox 320 3029 474 3111; x_wconf 85' lang='lat' dir='ltr'><strong>quodam</strong></span> <span class='ocrx_word' id='word_1_187' title='bbox 487 3029 624 3094; x_wconf 88' lang='lat' dir='ltr'><strong>novitio</strong></span> <span class='ocrx_word' id='word_1_188' title='bbox 639 3028 836 3094; x_wconf 89' lang='lat' dir='ltr'><strong>sacerdote.</strong></span> 
     </span>
    </p>

    <p class='ocr_par' dir='ltr' id='par_1_6' title="bbox 242 3134 1474 3970">
     <span class='ocr_line' id='line_1_26' title="bbox 303 3134 1474 3218; baseline 0.001 -17"><span class='ocrx_word' id='word_1_189' title='bbox 303 3135 395 3202; x_wconf 87' lang='grc'><strong>3278.</strong></span> <span class='ocrx_word' id='word_1_190' title='bbox 438 3136 512 3202; x_wconf 91' lang='lat' dir='ltr'><strong>Nec</strong></span> <span class='ocrx_word' id='word_1_191' title='bbox 526 3135 715 3202; x_wconf 88' lang='lat' dir='ltr'><strong>videbatur</strong></span> <span class='ocrx_word' id='word_1_192' title='bbox 729 3154 772 3201; x_wconf 90' lang='lat' dir='ltr'><strong>ea</strong></span> <span class='ocrx_word' id='word_1_193' title='bbox 786 3137 887 3217; x_wconf 81' lang='lat' dir='ltr'><strong>regio</strong></span> <span class='ocrx_word' id='word_1_194' title='bbox 902 3145 1117 3218; x_wconf 85' lang='lat' dir='ltr'><strong>opportuna,</strong></span> <span class='ocrx_word' id='word_1_195' title='bbox 1137 3144 1176 3202; x_wconf 86' lang='lat' dir='ltr'><strong>ut</strong></span> <span class='ocrx_word' id='word_1_196' title='bbox 1194 3137 1233 3201; x_wconf 90' lang='lat' dir='ltr'><strong>in</strong></span> <span class='ocrx_word' id='word_1_197' title='bbox 1251 3153 1294 3201; x_wconf 88' lang='lat' dir='ltr'><strong>ea</strong></span> <span class='ocrx_word' id='word_1_198' title='bbox 1312 3134 1474 3202; x_wconf 89' lang='lat' dir='ltr'><strong>Societas</strong></span> 
     </span>
     <span class='ocr_line' id='line_1_27' title="bbox 244 3244 1473 3326; baseline 0 -17"><span class='ocrx_word' id='word_1_199' title='bbox 244 3253 365 3326; x_wconf 88' lang='lat' dir='ltr'><strong>posset</strong></span> <span class='ocrx_word' id='word_1_200' title='bbox 386 3244 528 3326; x_wconf 86' lang='lat' dir='ltr'><strong>augeri,</strong></span> <span class='ocrx_word' id='word_1_201' title='bbox 549 3252 610 3309; x_wconf 90' lang='lat' dir='ltr'><strong>aut</strong></span> <span class='ocrx_word' id='word_1_202' title='bbox 633 3261 747 3309; x_wconf 90' lang='lat' dir='ltr'><strong>novos</strong></span> <span class='ocrx_word' id='word_1_203' title='bbox 769 3245 954 3326; x_wconf 88' lang='lat' dir='ltr'><strong>operarios</strong></span> <span class='ocrx_word' id='word_1_204' title='bbox 972 3262 1017 3309; x_wconf 90' lang='lat' dir='ltr'><strong>ex</strong></span> <span class='ocrx_word' id='word_1_205' title='bbox 1038 3244 1163 3309; x_wconf 86' lang='lat' dir='ltr'><strong>eadem</strong></span> <span class='ocrx_word' id='word_1_206' title='bbox 1183 3253 1259 3310; x_wconf 88' lang='lat' dir='ltr'><strong>tam</strong></span> <span class='ocrx_word' id='word_1_207' title='bbox 1279 3244 1350 3309; x_wconf 91' lang='lat' dir='ltr'><strong>cito</strong></span> <span class='ocrx_word' id='word_1_208' title='bbox 1369 3262 1473 3326; x_wconf 87' lang='lat' dir='ltr'><strong>expe·</strong></span> 
     </span>
     <span class='ocr_line' id='line_1_28' title="bbox 245 3351 1473 3435; baseline 0 -18"><span class='ocrx_word' id='word_1_209' title='bbox 245 3361 355 3435; x_wconf 89' lang='lat' dir='ltr'><strong>ctare;</strong></span> <span class='ocrx_word' id='word_1_210' title='bbox 371 3352 432 3435; x_wconf 92' lang='lat' dir='ltr'><strong>qui</strong></span> <span class='ocrx_word' id='word_1_211' title='bbox 446 3351 539 3417; x_wconf 90' lang='lat' dir='ltr'><strong>enim</strong></span> <span class='ocrx_word' id='word_1_212' title='bbox 559 3371 605 3416; x_wconf 84' lang='lat' dir='ltr'><strong>ex</strong></span> <span class='ocrx_word' id='word_1_213' title='bbox 624 3352 786 3416; x_wconf 88' lang='lat' dir='ltr'><strong>lusitanis</strong></span> <span class='ocrx_word' id='word_1_214' title='bbox 806 3351 909 3434; x_wconf 90' lang='lat' dir='ltr'><strong>viris,</strong></span> <span class='ocrx_word' id='word_1_215' title='bbox 931 3360 967 3417; x_wconf 92' lang='lat' dir='ltr'><strong>et</strong></span> <span class='ocrx_word' id='word_1_216' title='bbox 979 3353 1186 3418; x_wconf 87' lang='lat' dir='ltr'><strong>mulieribus</strong></span> <span class='ocrx_word' id='word_1_217' title='bbox 1203 3352 1473 3417; x_wconf 88' lang='lat' dir='ltr'><strong>brasiliensibus</strong></span> 
     </span>
     <span class='ocr_line' id='line_1_29' title="bbox 244 3459 1473 3542; baseline -0.001 -17"><span class='ocrx_word' id='word_1_218' title='bbox 244 3459 483 3525; x_wconf 88' lang='lat' dir='ltr'><strong>nascebantur</strong></span> <span class='ocrx_word' id='word_1_219' title='bbox 501 3459 603 3542; x_wconf 90' lang='lat' dir='ltr'><strong>(quos</strong></span> <span class='ocrx_word' id='word_1_220' title='bbox 621 3459 868 3524; x_wconf 78' lang='lat' dir='ltr'><strong>mamaluchos</strong></span> <span class='ocrx_word' id='word_1_221' title='bbox 887 3459 997 3540; x_wconf 85' lang='lat' dir='ltr'><strong>vulgo</strong></span> <span class='ocrx_word' id='word_1_222' title='bbox 1012 3459 1213 3540; x_wconf 86' lang='lat' dir='ltr'><strong>vocabant),</strong></span> <span class='ocrx_word' id='word_1_223' title='bbox 1234 3460 1406 3524; x_wconf 88' lang='lat' dir='ltr'><strong>talentum</strong></span> <span class='ocrx_word' id='word_1_224' title='bbox 1426 3461 1473 3524; x_wconf 86' lang='lat' dir='ltr'><strong>ad</strong></span> 
     </span>
     <span class='ocr_line' id='line_1_30' title="bbox 242 3564 1471 3649; baseline -0.001 -17"><span class='ocrx_word' id='word_1_225' title='bbox 242 3567 431 3632; x_wconf 89' lang='lat' dir='ltr'><strong>Societatis</strong></span> <span class='ocrx_word' id='word_1_226' title='bbox 444 3567 646 3632; x_wconf 87' lang='lat' dir='ltr'><strong>institutum</strong></span> <span class='ocrx_word' id='word_1_227' title='bbox 660 3585 732 3632; x_wconf 89' lang='lat' dir='ltr'><strong>non</strong></span> <span class='ocrx_word' id='word_1_228' title='bbox 746 3566 879 3632; x_wconf 85' lang='lat' dir='ltr'><strong>habere</strong></span> <span class='ocrx_word' id='word_1_229' title='bbox 890 3565 1255 3648; x_wconf 89' lang='lat' dir='ltr'><strong>deprehendebantur;</strong></span> <span class='ocrx_word' id='word_1_230' title='bbox 1271 3576 1306 3631; x_wconf 88' lang='lat' dir='ltr'><strong>et</strong></span> <span class='ocrx_word' id='word_1_231' title='bbox 1317 3564 1354 3630; x_wconf 92' lang='lat' dir='ltr'><strong>id</strong></span> <span class='ocrx_word' id='word_1_232' title='bbox 1366 3584 1471 3649; x_wconf 83' lang='lat' dir='ltr'><strong>expe·</strong></span> 
     </span>
     <span class='ocr_line' id='line_1_31' title="bbox 242 3672 1472 3757; baseline -0.002 -17"><span class='ocrx_word' id='word_1_233' title='bbox 242 3675 370 3740; x_wconf 91' lang='lat' dir='ltr'><strong>rientia</strong></span> <span class='ocrx_word' id='word_1_234' title='bbox 380 3675 417 3739; x_wconf 91' lang='lat' dir='ltr'><strong>in</strong></span> <span class='ocrx_word' id='word_1_235' title='bbox 429 3675 480 3739; x_wconf 90' lang='lat' dir='ltr'><strong>eis</strong></span> <span class='ocrx_word' id='word_1_236' title='bbox 491 3674 652 3755; x_wconf 87' lang='lat' dir='ltr'><strong>docebat,</strong></span> <span class='ocrx_word' id='word_1_237' title='bbox 665 3675 725 3756; x_wconf 92' lang='lat' dir='ltr'><strong>qui</strong></span> <span class='ocrx_word' id='word_1_238' title='bbox 736 3691 822 3757; x_wconf 87' lang='lat' dir='ltr'><strong>prae</strong></span> <span class='ocrx_word' id='word_1_239' title='bbox 834 3674 986 3740; x_wconf 90' lang='lat' dir='ltr'><strong>caeteris</strong></span> <span class='ocrx_word' id='word_1_240' title='bbox 997 3673 1115 3738; x_wconf 89' lang='lat' dir='ltr'><strong>idonei</strong></span> <span class='ocrx_word' id='word_1_241' title='bbox 1125 3673 1235 3738; x_wconf 84' lang='lat' dir='ltr'><strong>futuri</strong></span> <span class='ocrx_word' id='word_1_242' title='bbox 1246 3672 1472 3753; x_wconf 51' lang='lat' dir='ltr'><strong>videbantur31</strong></span> 
     </span>
     <span class='ocr_line' id='line_1_32' title="bbox 243 3777 1470 3864; baseline -0.002 -16"><span class='ocrx_word' id='word_1_243' title='bbox 243 3792 277 3848; x_wconf 88' lang='lat' dir='ltr'><strong>et</strong></span> <span class='ocrx_word' id='word_1_244' title='bbox 291 3801 363 3848; x_wconf 89' lang='lat' dir='ltr'><strong>non</strong></span> <span class='ocrx_word' id='word_1_245' title='bbox 382 3784 497 3848; x_wconf 90' lang='lat' dir='ltr'><strong>solum</strong></span> <span class='ocrx_word' id='word_1_246' title='bbox 512 3791 707 3864; x_wconf 87' lang='lat' dir='ltr'><strong>conceptae</strong></span> <span class='ocrx_word' id='word_1_247' title='bbox 727 3782 771 3847; x_wconf 91' lang='lat' dir='ltr'><strong>de</strong></span> <span class='ocrx_word' id='word_1_248' title='bbox 790 3783 877 3864; x_wconf 87' lang='lat' dir='ltr'><strong>ipsis</strong></span> <span class='ocrx_word' id='word_1_249' title='bbox 896 3781 1136 3863; x_wconf 81' lang='lat' dir='ltr'><strong>expectationi</strong></span> <span class='ocrx_word' id='word_1_250' title='bbox 1154 3777 1260 3863; x_wconf 93' lang='lat' dir='ltr'><strong>[non]</strong></span> <span class='ocrx_word' id='word_1_251' title='bbox 1281 3781 1470 3862; x_wconf 89' lang='lat' dir='ltr'><strong>responde·</strong></span> 
     </span>
     <span class='ocr_line' id='line_1_33' title="bbox 242 3887 1469 3970; baseline -0.001 -16"><span class='ocrx_word' id='word_1_252' title='bbox 242 3899 335 3970; x_wconf 91' lang='lat' dir='ltr'><strong>runt,</strong></span> <span class='ocrx_word' id='word_1_253' title='bbox 353 3890 415 3956; x_wconf 93' lang='lat' dir='ltr'><strong>sed</strong></span> <span class='ocrx_word' id='word_1_254' title='bbox 429 3891 535 3955; x_wconf 86' lang='lat' dir='ltr'><strong>etiam</strong></span> <span class='ocrx_word' id='word_1_255' title='bbox 551 3907 695 3956; x_wconf 87' lang='lat' dir='ltr'><strong>necesse</strong></span> <span class='ocrx_word' id='word_1_256' title='bbox 710 3889 777 3956; x_wconf 83' lang='lat' dir='ltr'><strong>suit</strong></span> <span class='ocrx_word' id='word_1_257' title='bbox 791 3891 836 3955; x_wconf 89' lang='lat' dir='ltr'><strong>ab</strong></span> <span class='ocrx_word' id='word_1_258' title='bbox 856 3891 1006 3955; x_wconf 87' lang='lat' dir='ltr'><strong>aliorum</strong></span> <span class='ocrx_word' id='word_1_259' title='bbox 1024 3887 1267 3954; x_wconf 81' lang='lat' dir='ltr'><strong>familiaritate</strong></span> <span class='ocrx_word' id='word_1_260' title='bbox 1286 3905 1350 3953; x_wconf 90' lang='lat' dir='ltr'><strong>eos</strong></span> <span class='ocrx_word' id='word_1_261' title='bbox 1371 3904 1469 3970; x_wconf 90' lang='lat' dir='ltr'><strong>sepa·</strong></span> 
     </span>
    </p>
   </div>
   <div class='ocr_carea' id='block_1_3' title="bbox 238 4094 1473 4732">
    <p class='ocr_par' dir='ltr' id='par_1_7' title="bbox 281 4094 1443 4155">
     <span class='ocr_line' id='line_1_34' title="bbox 281 4094 1443 4155; baseline -0.004 -10"><span class='ocrx_word' id='word_1_262' title='bbox 281 4103 291 4135; x_wconf 79' lang='lat'>¹</span> <span class='ocrx_word' id='word_1_263' title='bbox 320 4100 474 4146; x_wconf 73' lang='lat' dir='ltr'><strong>ambronas</strong></span> <span class='ocrx_word' id='word_1_264' title='bbox 483 4099 564 4144; x_wconf 78' lang='lat' dir='ltr'><strong>Perea</strong></span> <span class='ocrx_word' id='word_1_265' title='bbox 572 4101 617 4145; x_wconf 80' lang='lat' dir='ltr'><strong>val</strong></span> <span class='ocrx_word' id='word_1_266' title='bbox 628 4098 707 4154; x_wconf 69' lang='lat' dir='ltr'><strong>Piros,</strong></span> <span class='ocrx_word' id='word_1_267' title='bbox 719 4098 793 4155; x_wconf 76' lang='lat' dir='ltr'><strong>culus</strong></span> <span class='ocrx_word' id='word_1_268' title='bbox 803 4097 830 4143; x_wconf 87' lang='lat' dir='ltr'><strong>iit</strong></span> <span class='ocrx_word' id='word_1_269' title='bbox 842 4097 940 4143; x_wconf 81' lang='lat' dir='ltr'><strong>mentio</strong></span> <span class='ocrx_word' id='word_1_270' title='bbox 948 4107 1037 4153; x_wconf 77' lang='lat' dir='ltr'><strong>supra,</strong></span> <span class='ocrx_word' id='word_1_271' title='bbox 1047 4103 1068 4142; x_wconf 92' lang='lat' dir='ltr'><strong>t.</strong></span> <span class='ocrx_word' id='word_1_272' title='bbox 1077 4109 1104 4148; x_wconf 83' lang='lat' dir='ltr'><strong>v,</strong></span> <span class='ocrx_word' id='word_1_273' title='bbox 1114 4107 1176 4154; x_wconf 66' lang='lat' dir='ltr'><strong>pag.</strong></span> <span class='ocrx_word' id='word_1_274' title='bbox 1184 4096 1234 4151; x_wconf 71' lang='grc'><strong>691,</strong></span> <span class='ocrx_word' id='word_1_275' title='bbox 1245 4107 1269 4140; x_wconf 89' lang='lat' dir='ltr'><strong>n.</strong></span> <span class='ocrx_word' id='word_1_276' title='bbox 1282 4094 1371 4140; x_wconf 77' lang='lat' dir='ltr'><strong>tranet</strong></span> <span class='ocrx_word' id='word_1_277' title='bbox 1382 4095 1443 4140; x_wconf 75' lang='grc'><strong>1711.</strong></span> 
     </span>
    </p>

    <p class='ocr_par' dir='ltr' id='par_1_8' title="bbox 239 4168 1471 4369">
     <span class='ocr_line' id='line_1_35' title="bbox 280 4168 1471 4228; baseline -0.006 -9"><span class='ocrx_word' id='word_1_278' title='bbox 280 4173 292 4207; x_wconf 83' lang='lat'><strong>¹</strong></span> <span class='ocrx_word' id='word_1_279' title='bbox 317 4172 439 4228; x_wconf 66' lang='lat' dir='ltr'><strong>‘Charon</strong></span> <span class='ocrx_word' id='word_1_280' title='bbox 447 4183 464 4216; x_wconf 80' lang='grc' dir='ltr'><strong>ι</strong></span> <span class='ocrx_word' id='word_1_281' title='bbox 474 4171 557 4217; x_wconf 70' lang='lat' dir='ltr'><strong>aaut·</strong></span> <span class='ocrx_word' id='word_1_282' title='bbox 568 4183 583 4216; x_wconf 96' lang='lat' dir='ltr'><strong>o</strong></span> <span class='ocrx_word' id='word_1_283' title='bbox 594 4170 621 4216; x_wconf 87' lang='lat' dir='ltr'><strong>P.</strong></span> <span class='ocrx_word' id='word_1_284' title='bbox 632 4171 780 4225; x_wconf 72' lang='lat' dir='ltr'><strong>Nobreoea...</strong></span> <span class='ocrx_word' id='word_1_285' title='bbox 790 4169 893 4216; x_wconf 84' lang='lat' dir='ltr'><strong>Trouxe</strong></span> <span class='ocrx_word' id='word_1_286' title='bbox 903 4169 1017 4224; x_wconf 70' lang='lat' dir='ltr'><strong>comsiro</strong></span> <span class='ocrx_word' id='word_1_287' title='bbox 1027 4175 1121 4225; x_wconf 72' lang='lat' dir='ltr'><strong>quatro</strong></span> <span class='ocrx_word' id='word_1_288' title='bbox 1135 4168 1332 4224; x_wconf 78' lang='lat' dir='ltr'><strong>companbelros</strong></span> <span class='ocrx_word' id='word_1_289' title='bbox 1347 4173 1471 4213; x_wconf 71' lang='lat' dir='ltr'><strong>astremu-</strong></span> 
     </span>
     <span class='ocr_line' id='line_1_36' title="bbox 240 4239 1470 4300; baseline -0.005 -10"><span class='ocrx_word' id='word_1_290' title='bbox 240 4245 286 4290; x_wconf 83' lang='lat' dir='ltr'><strong>doa</strong></span> <span class='ocrx_word' id='word_1_291' title='bbox 296 4246 398 4300; x_wconf 70' lang='lat' dir='ltr'><strong>lintona</strong></span> <span class='ocrx_word' id='word_1_292' title='bbox 408 4244 454 4288; x_wconf 76' lang='lat' dir='ltr'><strong>dos</strong></span> <span class='ocrx_word' id='word_1_293' title='bbox 463 4242 558 4288; x_wconf 83' lang='lat' dir='ltr'><strong>ludios:</strong></span> <span class='ocrx_word' id='word_1_294' title='bbox 569 4255 583 4287; x_wconf 94' lang='lat' dir='ltr'><strong>o</strong></span> <span class='ocrx_word' id='word_1_295' title='bbox 594 4243 623 4288; x_wconf 85' lang='lat' dir='ltr'><strong>P.</strong></span> <span class='ocrx_word' id='word_1_296' title='bbox 633 4241 775 4288; x_wconf 83' lang='lat' dir='ltr'><strong>Franclsco</strong></span> <span class='ocrx_word' id='word_1_297' title='bbox 785 4241 867 4292; x_wconf 80' lang='lat' dir='ltr'><strong>Pires,</strong></span> <span class='ocrx_word' id='word_1_298' title='bbox 878 4254 891 4287; x_wconf 84' lang='lat' dir='ltr'><strong>e</strong></span> <span class='ocrx_word' id='word_1_299' title='bbox 901 4253 931 4287; x_wconf 76' lang='lat' dir='ltr'><strong>oa</strong></span> <span class='ocrx_word' id='word_1_300' title='bbox 940 4241 1041 4286; x_wconf 78' lang='lat' dir='ltr'><strong>Irmdoa</strong></span> <span class='ocrx_word' id='word_1_301' title='bbox 1057 4241 1170 4287; x_wconf 79' lang='lat' dir='ltr'><strong>Antonio</strong></span> <span class='ocrx_word' id='word_1_302' title='bbox 1187 4240 1340 4295; x_wconf 72' lang='lat' dir='ltr'><strong>Rodrlgues,</strong></span> <span class='ocrx_word' id='word_1_303' title='bbox 1356 4239 1470 4285; x_wconf 78' lang='lat' dir='ltr'><strong>Antonio</strong></span> 
     </span>
     <span class='ocr_line' id='line_1_37' title="bbox 239 4312 1225 4369; baseline -0.005 -7"><span class='ocrx_word' id='word_1_304' title='bbox 239 4318 271 4361; x_wconf 83' lang='lat' dir='ltr'><strong>de</strong></span> <span class='ocrx_word' id='word_1_305' title='bbox 282 4315 364 4362; x_wconf 73' lang='grc' dir='ltr'><strong>Βοιιι</strong></span> <span class='ocrx_word' id='word_1_306' title='bbox 374 4327 387 4360; x_wconf 84' lang='lat' dir='ltr'><strong>e</strong></span> <span class='ocrx_word' id='word_1_307' title='bbox 398 4315 514 4360; x_wconf 68' lang='lat' dir='ltr'><strong>Fabituo</strong></span> <span class='ocrx_word' id='word_1_308' title='bbox 524 4315 555 4359; x_wconf 84' lang='lat' dir='ltr'><strong>de</strong></span> <span class='ocrx_word' id='word_1_309' title='bbox 565 4312 693 4368; x_wconf 72' lang='lat' dir='ltr'><strong>Lucana„</strong></span> <span class='ocrx_word' id='word_1_310' title='bbox 704 4314 913 4369; x_wconf 71' lang='lat' dir='ltr'><strong>vincorcrrtos,</strong></span> <span class='ocrx_word' id='word_1_311' title='bbox 924 4312 1063 4364; x_wconf 73' lang='lat' dir='ltr'><strong>Chronica,</strong></span> <span class='ocrx_word' id='word_1_312' title='bbox 1071 4313 1117 4357; x_wconf 88' lang='lat' dir='ltr'><strong>liv.</strong></span> <span class='ocrx_word' id='word_1_313' title='bbox 1128 4323 1156 4365; x_wconf 91' lang='grc' dir='ltr'><strong>ιι,</strong></span> <span class='ocrx_word' id='word_1_314' title='bbox 1167 4323 1192 4356; x_wconf 92' lang='lat' dir='ltr'><strong>n.</strong></span> <span class='ocrx_word' id='word_1_315' title='bbox 1202 4313 1225 4357; x_wconf 77' lang='grc'><strong>4.</strong></span> 
     </span>
    </p>

    <p class='ocr_par' dir='ltr' id='par_1_9' title="bbox 238 4383 1473 4732">
     <span class='ocr_line' id='line_1_38' title="bbox 280 4383 1470 4442; baseline -0.003 -9"><span class='ocrx_word' id='word_1_316' title='bbox 280 4389 292 4423; x_wconf 81' lang='lat'>⁸</span> <span class='ocrx_word' id='word_1_317' title='bbox 319 4387 357 4433; x_wconf 83' lang='lat' dir='ltr'><strong>De</strong></span> <span class='ocrx_word' id='word_1_318' title='bbox 368 4387 395 4432; x_wconf 92' lang='lat' dir='ltr'><strong>P.</strong></span> <span class='ocrx_word' id='word_1_319' title='bbox 405 4386 504 4441; x_wconf 76' lang='lat' dir='ltr'><strong>Joattne</strong></span> <span class='ocrx_word' id='word_1_320' title='bbox 514 4385 639 4430; x_wconf 83' lang='lat' dir='ltr'><strong>Navarro</strong></span> <span class='ocrx_word' id='word_1_321' title='bbox 650 4386 803 4442; x_wconf 76' lang='lat' dir='ltr'><strong>Azptlcneta</strong></span> <span class='ocrx_word' id='word_1_322' title='bbox 812 4385 871 4430; x_wconf 82' lang='lat' dir='ltr'><strong>vide</strong></span> <span class='ocrx_word' id='word_1_323' title='bbox 882 4385 952 4430; x_wconf 86' lang='lat' dir='ltr'><strong>dicta</strong></span> <span class='ocrx_word' id='word_1_324' title='bbox 961 4396 1049 4440; x_wconf 76' lang='lat' dir='ltr'><strong>supra,</strong></span> <span class='ocrx_word' id='word_1_325' title='bbox 1060 4391 1079 4429; x_wconf 86' lang='lat' dir='ltr'><strong>t.</strong></span> <span class='ocrx_word' id='word_1_326' title='bbox 1089 4397 1116 4440; x_wconf 86' lang='lat' dir='ltr'><strong>v,</strong></span> <span class='ocrx_word' id='word_1_327' title='bbox 1124 4395 1185 4440; x_wconf 69' lang='lat' dir='ltr'><strong>pag.</strong></span> <span class='ocrx_word' id='word_1_328' title='bbox 1192 4383 1241 4440; x_wconf 79' lang='grc'><strong>689,</strong></span> <span class='ocrx_word' id='word_1_329' title='bbox 1251 4397 1276 4429; x_wconf 90' lang='grc' dir='ltr'><strong>ιι.</strong></span> <span class='ocrx_word' id='word_1_330' title='bbox 1286 4384 1345 4436; x_wconf 83' lang='grc'><strong>1761.</strong></span> <span class='ocrx_word' id='word_1_331' title='bbox 1352 4384 1442 4429; x_wconf 70' lang='lat' dir='ltr'><strong>annot.</strong></span> <span class='ocrx_word' id='word_1_332' title='bbox 1450 4383 1470 4430; x_wconf 92' lang='lat' dir='ltr'><strong>l.</strong></span> 
     </span>
     <span class='ocr_line' id='line_1_39' title="bbox 238 4455 1473 4514; baseline -0.004 -9"><span class='ocrx_word' id='word_1_333' title='bbox 238 4460 364 4506; x_wconf 82' lang='lat' dir='ltr'><strong>Eumdem</strong></span> <span class='ocrx_word' id='word_1_334' title='bbox 375 4470 446 4510; x_wconf 84' lang='lat' dir='ltr'><strong>vero,</strong></span> <span class='ocrx_word' id='word_1_335' title='bbox 457 4458 584 4514; x_wconf 80' lang='lat' dir='ltr'><strong>superiori</strong></span> <span class='ocrx_word' id='word_1_336' title='bbox 594 4469 661 4503; x_wconf 74' lang='lat' dir='ltr'><strong>anno</strong></span> <span class='ocrx_word' id='word_1_337' title='bbox 673 4458 733 4513; x_wconf 78' lang='grc'><strong>1665,</strong></span> <span class='ocrx_word' id='word_1_338' title='bbox 744 4463 854 4503; x_wconf 86' lang='lat' dir='ltr'><strong>mortem</strong></span> <span class='ocrx_word' id='word_1_339' title='bbox 865 4458 959 4502; x_wconf 82' lang='lat' dir='ltr'><strong>obiisse</strong></span> <span class='ocrx_word' id='word_1_340' title='bbox 970 4459 1078 4502; x_wconf 76' lang='lat' dir='ltr'><strong>tradunt</strong></span> <span class='ocrx_word' id='word_1_341' title='bbox 1089 4456 1245 4513; x_wconf 73' lang='grc' dir='ltr'><strong>Οιιιιιυιιιι,</strong></span> <span class='ocrx_word' id='word_1_342' title='bbox 1256 4455 1329 4501; x_wconf 77' lang='lat' dir='ltr'><strong>Hm.</strong></span> <span class='ocrx_word' id='word_1_343' title='bbox 1340 4455 1396 4501; x_wconf 87' lang='lat' dir='ltr'><strong>Soc.</strong></span> <span class='ocrx_word' id='word_1_344' title='bbox 1406 4455 1473 4512; x_wconf 75' lang='lat' dir='ltr'><strong>Jes„</strong></span> 
     </span>
     <span class='ocr_line' id='line_1_40' title="bbox 238 4527 1472 4591; baseline -0.005 -13"><span class='ocrx_word' id='word_1_345' title='bbox 238 4547 264 4591; x_wconf 84' lang='lat' dir='ltr'><strong>p.</strong></span> <span class='ocrx_word' id='word_1_346' title='bbox 274 4545 292 4586; x_wconf 90' lang='grc' dir='ltr'><strong>ι,</strong></span> <span class='ocrx_word' id='word_1_347' title='bbox 301 4533 347 4578; x_wconf 90' lang='lat' dir='ltr'><strong>llb.</strong></span> <span class='ocrx_word' id='word_1_348' title='bbox 356 4544 400 4586; x_wconf 85' lang='lat' dir='ltr'><strong>xv,</strong></span> <span class='ocrx_word' id='word_1_349' title='bbox 408 4543 433 4576; x_wconf 88' lang='lat' dir='ltr'><strong>n.</strong></span> <span class='ocrx_word' id='word_1_350' title='bbox 444 4531 491 4586; x_wconf 72' lang='grc'><strong>116,</strong></span> <span class='ocrx_word' id='word_1_351' title='bbox 501 4529 1128 4585; x_wconf 73' lang='grc' dir='ltr'><strong>νικοιιιιιιοι,1.ε.,11ν.ι,ιι.19ὄ;Νιιιιιιιιιιιιο,</strong></span> <span class='ocrx_word' id='word_1_352' title='bbox 1143 4527 1263 4574; x_wconf 73' lang='lat' dir='ltr'><strong>Verones</strong></span> <span class='ocrx_word' id='word_1_353' title='bbox 1273 4530 1396 4581; x_wconf 70' lang='lat' dir='ltr'><strong>imeres,</strong></span> <span class='ocrx_word' id='word_1_354' title='bbox 1405 4534 1423 4572; x_wconf 87' lang='lat' dir='ltr'><strong>t.</strong></span> <span class='ocrx_word' id='word_1_355' title='bbox 1433 4538 1472 4572; x_wconf 84' lang='lat' dir='ltr'><strong>nr·</strong></span> 
     </span>
     <span class='ocr_line' id='line_1_41' title="bbox 239 4599 1471 4659; baseline -0.004 -9"><span class='ocrx_word' id='word_1_356' title='bbox 239 4605 311 4659; x_wconf 83' lang='lat' dir='ltr'><strong>(edit.</strong></span> <span class='ocrx_word' id='word_1_357' title='bbox 327 4603 436 4656; x_wconf 85' lang='lat' dir='ltr'><strong>Blibao),</strong></span> <span class='ocrx_word' id='word_1_358' title='bbox 453 4613 515 4658; x_wconf 68' lang='lat' dir='ltr'><strong>par.</strong></span> <span class='ocrx_word' id='word_1_359' title='bbox 530 4602 579 4656; x_wconf 72' lang='lat' dir='ltr'><strong>aar,</strong></span> <span class='ocrx_word' id='word_1_360' title='bbox 596 4601 638 4657; x_wconf 88' lang='lat' dir='ltr'><strong>qni</strong></span> <span class='ocrx_word' id='word_1_361' title='bbox 655 4613 743 4646; x_wconf 81' lang='lat' dir='ltr'><strong>omnes</strong></span> <span class='ocrx_word' id='word_1_362' title='bbox 760 4601 861 4646; x_wconf 84' lang='lat' dir='ltr'><strong>meritis</strong></span> <span class='ocrx_word' id='word_1_363' title='bbox 879 4601 998 4646; x_wconf 81' lang='lat' dir='ltr'><strong>laudibus</strong></span> <span class='ocrx_word' id='word_1_364' title='bbox 1009 4601 1292 4656; x_wconf 78' lang='lat' dir='ltr'><strong>Azpllcuetaeiserunt.</strong></span> <span class='ocrx_word' id='word_1_365' title='bbox 1307 4599 1375 4646; x_wconf 81' lang='lat' dir='ltr'><strong>Vide</strong></span> <span class='ocrx_word' id='word_1_366' title='bbox 1390 4601 1471 4645; x_wconf 79' lang='lat' dir='ltr'><strong>etiam</strong></span> 
     </span>
     <span class='ocr_line' id='line_1_42' title="bbox 239 4671 1125 4732; baseline -0.007 -8"><span class='ocrx_word' id='word_1_367' title='bbox 239 4677 350 4732; x_wconf 79' lang='grc' dir='ltr'><strong>Τιιιιι,</strong></span> <span class='ocrx_word' id='word_1_368' title='bbox 361 4673 491 4721; x_wconf 73' lang='lat' dir='ltr'><strong>caranico</strong></span> <span class='ocrx_word' id='word_1_369' title='bbox 502 4673 538 4720; x_wconf 83' lang='lat' dir='ltr'><strong>da</strong></span> <span class='ocrx_word' id='word_1_370' title='bbox 550 4671 715 4730; x_wconf 73' lang='lat' dir='ltr'><strong>eompanlia</strong></span> <span class='ocrx_word' id='word_1_371' title='bbox 726 4673 759 4718; x_wconf 78' lang='lat' dir='ltr'><strong>de</strong></span> <span class='ocrx_word' id='word_1_372' title='bbox 769 4673 841 4728; x_wconf 78' lang='lat' dir='ltr'><strong>Iesu,</strong></span> <span class='ocrx_word' id='word_1_373' title='bbox 849 4673 895 4719; x_wconf 85' lang='lat' dir='ltr'><strong>liv.</strong></span> <span class='ocrx_word' id='word_1_374' title='bbox 907 4685 944 4729; x_wconf 87' lang='grc' dir='ltr'><strong>ιιι,</strong></span> <span class='ocrx_word' id='word_1_375' title='bbox 955 4684 1012 4729; x_wconf 73' lang='lat' dir='ltr'><strong>cap.</strong></span> <span class='ocrx_word' id='word_1_376' title='bbox 1022 4683 1059 4726; x_wconf 84' lang='lat' dir='ltr'><strong>tx,</strong></span> <span class='ocrx_word' id='word_1_377' title='bbox 1067 4683 1093 4717; x_wconf 87' lang='lat' dir='ltr'><strong>n.</strong></span> <span class='ocrx_word' id='word_1_378' title='bbox 1102 4671 1125 4718; x_wconf 79' lang='lat'><strong>8.</strong></span> 
     </span>
    </p>
   </div>
   <div class='ocr_carea' id='block_1_4' title="bbox 0 0 1826 5350">
    <p class='ocr_par' dir='ltr' id='par_1_10' title="bbox 0 0 1826 5350">
     <span class='ocr_line' id='line_1_43' title="bbox 0 0 1826 5350; baseline 0 2"><span class='ocrx_word' id='word_1_379' title='bbox 0 0 1826 5350; x_wconf 95' lang='lat' dir='ltr'><strong> </strong></span> 
     </span>
    </p>
   </div>
  </div>
 </body>
</html>
