3642 5350
348 424 404 486 568
808 427 936 490 Canon.
956 427 1033 490 Soc.
1054 429 1125 504 Jns.

355 571 515 638 decrevit
530 572 829 638 carthusiensium
843 575 1053 654 religionem
1069 576 1219 656 ingredi,
1236 585 1270 640 et
1284 575 1321 638 in
1342 593 1384 638 ea
1404 573 1580 638 admissus

348 689 413 743 est.
430 679 585 760 Quidam
601 681 709 744 etiarn
725 681 795 759 alii,
813 683 946 746 exculti
961 681 1107 762 eisdem,
1122 682 1362 764 profecerunt;
1377 683 1469 746 inter
1490 698 1579 762 quos

347 787 404 850 vir
418 786 563 868 quidam
578 788 765 869 theologus
780 787 856 870 fuit,
874 798 908 852 et
923 790 1015 869 regii
1024 789 1219 854 consiliarii
1228 789 1331 868 filius
1344 805 1448 869 quem
1458 798 1577 852 tamen

348 895 394 958 ob
408 895 697 976 impedimentum
712 895 902 976 quoddam,
919 897 956 960 in
971 914 1014 960 eo
1026 897 1221 977 inventum,
1234 897 1270 960 in
1281 895 1494 960 Societatem
1505 912 1577 958 non

347 1002 580 1067 admiserunt.

406 1109 498 1172 2452.
541 1109 621 1191 Ipso
646 1109 703 1174 die
726 1108 989 1176 Purificationis
1014 1112 1053 1176 B.
1079 1111 1241 1191 Virginis
1264 1110 1504 1190 Hieronymus
1532 1107 1576 1172 de

346 1215 494 1296 Acesta,
515 1219 575 1297 qui
592 1215 666 1296 jam
685 1226 836 1299 quatuor
854 1218 986 1284 fratres
1006 1220 1042 1283 in
1062 1217 1239 1283 Societate
1258 1217 1411 1281 habebat
1431 1217 1453 1294 ¹,
1477 1215 1576 1296 quin·

345 1332 404 1387 tus
420 1323 582 1388 accessit.
599 1321 670 1388 Sub
685 1323 791 1388 finem
806 1325 890 1389 anni
903 1326 1086 1407 praeteriti
1107 1324 1142 1389 id
1163 1325 1409 1400 constituerat,
1431 1322 1494 1385 sed
1516 1339 1573 1386 ex·

346 1430 474 1511 peditis
486 1431 560 1494 suis
572 1431 736 1511 negotiis
751 1433 933 1511 praedicto
942 1432 999 1496 die
1011 1433 1048 1496 id
1059 1441 1113 1496 est
1125 1440 1308 1496 executus,
1318 1429 1478 1495 Caeteris
1489 1437 1574 1491 natu

346 1535 458 1617 major
481 1547 568 1616 erat,
585 1545 621 1600 et
644 1555 797 1618 magnae
813 1539 1042 1603 admirationi
1060 1538 1129 1602 fuit
1148 1537 1408 1618 methymnensi
1430 1536 1573 1617 populo,

344 1643 440 1724 quod
454 1643 531 1726 ejtts
543 1653 658 1725 pater,
674 1645 851 1709 Antonius
867 1646 910 1709 de
926 1645 1074 1725 Acosta,
1097 1646 1158 1727 qui
1180 1646 1217 1709 in
1230 1643 1325 1708 hunc
1344 1643 1464 1722 filium,
1485 1643 1574 1706 utin

345 1753 538 1816 senectutis
563 1770 648 1816 suae
673 1753 855 1832 baculum,
885 1754 1008 1817 oculos
1029 1731 1224 1833 conjecisse
1245 1750 1447 1828 videbatur,
1468 1766 1574 1814 voca·

344 1859 432 1924 tioni
446 1859 508 1923 filii
522 1859 665 1923 minime
680 1859 859 1938 restiterit,
876 1877 983 1940 quam
998 1878 1020 1924 a
1034 1859 1112 1924 Deo
1126 1859 1236 1923 fuisse
1250 1858 1418 1939 egregius
1428 1857 1521 1921 illius
1536 1857 1572 1920 in

343 1966 613 2048 probationibus
627 1965 808 2044 profectus
823 1967 912 2030 satis
927 1966 1133 2030 declarabat
1152 1965 1175 2027 ⁸.
1196 1964 1307 2030 Simul
1328 1982 1409 2028 cum
1422 1981 1465 2028 eo
1484 1963 1571 2028 Gas-

343 2091 409 2154 par
435 2071 587 2151 Suarez,
615 2071 692 2151 eJ'us
717 2073 971 2153 consobrinus,
998 2071 1212 2138 Societatem
1235 2073 1418 2152 ingressus
1442 2079 1511 2150 est,
1537 2081 1573 2134 et

343 2189 492 2261 uterque
503 2179 539 2242 in
551 2179 671 2242 latinis
682 2181 811 2242 litteris
822 2181 912 2244 bene
924 2190 1090 2244 versatus
1101 2190 1191 2244 erat.
1203 2179 1402 2259 Paulopost
1413 2177 1477 2242 Dr.
1489 2178 1571 2242 Fer·

343 2286 519 2351 dinandus
533 2284 658 2364 Solier,
673 2286 735 2367 qui
750 2286 932 2351 Bononiae
947 2297 1130 2368 promotus
1149 2286 1284 2364 fuerat,
1308 2294 1342 2348 et
1357 2284 1491 2348 reditus
1512 2302 1570 2348 an·

342 2412 432 2459 nuos
461 2395 567 2458 trium
596 2393 668 2456 fere
695 2394 841 2458 millium
872 2394 1083 2458 ducatorum
1111 2404 1192 2475 post
1216 2393 1329 2474 patris
1353 2400 1502 2456 mortem
1526 2392 1571 2455 ad

342 2503 459 2583 ipsum
484 2501 661 2566 redituros
686 2501 900 2564 auctoritate
925 2501 1133 2582 Apostolica
1158 2500 1226 2564 sibi
1253 2517 1443 2564 concessos
1467 2517 1571 2581 expe·
1649 2569 1658 2592 ⁶

343 2618 457 2689 ctanS,
475 2607 630 2689 egregiis
642 2608 721 2671 aliis
732 2607 800 2671 Dei
815 2607 958 2672 dotibus
969 2608 1163 2690 praedituS,
1175 2607 1404 2688 Methymnae
1415 2604 1569 2670 Societa-

342 2728 413 2781 tem
424 2716 564 2797 ingredi
580 2716 774 2795 constituit‚
789 2716 953 2796 quamvis
967 2716 1013 2779 ad
1024 2715 1179 2780 Domum
1194 2716 1420 2779 Probationis
1434 2712 1569 2778 Siman-

340 2842 404 2888 cas
417 2825 547 2887 missus
562 2832 626 2887 est.

400 2930 492 2994 2453.
535 2930 608 2993 Α111
623 2931 823 3011 complures
838 2930 873 2993 id
888 2933 1003 3011 ipsum
1016 2932 1255 3013 postulabant,
1269 2933 1332 2996 sed
1343 2948 1464 2995 mense
1475 2929 1569 3009 Majo

340 3056 432 3102 unus
447 3034 586 3101 tantum
600 3037 776 3101 admissus
790 3048 854 3117 est,
873 3049 906 3102 et
922 3039 967 3102 ad
982 3038 1021 3102 P.
1037 3040 1067 3103 F
1068 3042 1270 3104 ranciscum
1281 3040 1451 3119 Borgiam
1466 3038 1569 3101 desti·

340 3155 456 3208 natus.
473 3145 585 3208 Erant
600 3153 719 3207 autem
739 3146 799 3224 qui
818 3145 957 3209 admitti
978 3163 1017 3209 se
1036 3148 1274 3228 postulabant,
1293 3147 1453 3210 virorum
1471 3144 1568 3208 nobi·

340 3252 424 3315 lium
440 3250 513 3329 filii,
527 3261 561 3314 et
576 3267 699 3314 eorum
713 3268 804 3314 unus
817 3253 922 3333 patri,
936 3256 1033 3317 claro
1048 3256 1139 3329 viro,
1152 3254 1279 3317 unicus
1293 3252 1386 3316 filius
1400 3260 1490 3331 erat;
1506 3252 1568 3314 sed

340 3375 411 3421 non
439 3358 543 3421 facile
572 3355 770 3437 hujusmodi
795 3358 945 3439 juvenes
974 3360 1182 3424 admittendi
1208 3360 1434 3425 videbantur.
1468 3358 1569 3422 Duos

338 3476 458 3529 tamen
473 3465 562 3528 alios
581 3465 815 3545 admiserunt,
837 3484 988 3547 quorum
1008 3469 1116 3549 alter,
1139 3468 1349 3548 cognomine
1368 3466 1566 3543 Gutierrez,

337 3580 418 3653 post
433 3581 598 3653 suscepta
613 3572 793 3651 exercitia,
810 3572 846 3635 id
861 3574 1023 3654 obtinuit,
1040 3576 1128 3638 alter
1140 3575 1341 3638 Matthaeus
1353 3576 1396 3638 de
1408 3574 1566 3651 Damas,

339 3677 463 3761 [filius]
483 3679 527 3742 D.
549 3678 716 3747 Roderici
737 3679 780 3742 de
800 3678 946 3745 Duellas
966 3680 994 3761 ³,
1016 3682 1075 3762 qui
1097 3695 1223 3745 auctor
1243 3682 1359 3745 luerat
1378 3681 1567 3746 Societatis

336 3786 579 3867 Methymnam
609 3784 852 3866 deducendae,
882 3786 926 3851 de
954 3806 1025 3869 qua
1054 3790 1185 3870 optime
1211 3790 1358 3853 meritus
1386 3790 1430 3851 ab
1464 3788 1565 3852 initio

335 3895 462 3957 suerat.

395 4001 486 4063 2454.
530 3998 731 4063 Matthaeus
743 4010 874 4079 autem,
891 4002 1013 4066 decem
1025 4013 1059 4066 ct
1071 4013 1276 4067 octoannos
1289 4013 1405 4081 natus
1417 4004 1453 4066 in
1464 4019 1565 4083 grae·

334 4108 387 4171 cis
407 4117 441 4171 et
462 4108 581 4170 latinis
600 4108 727 4170 litteris
746 4121 928 4186 versatus,
946 4111 1191 4190 philosophiae
1211 4111 1318 4174 etiam
1338 4110 1564 4182 curriculum,

374 4309 383 4343 ¹
412 4310 478 4355 Vidn
488 4320 575 4365 snpra.
589 4316 599 4353 t
623 4322 650 4363 v,
661 4310 780 4365 pagata.
791 4321 815 4353 n.
828 4310 889 4354 1131.

373 4380 385 4413 ³
411 4380 525 4431 Ibidem,
536 4393 559 4424 n.
573 4380 631 4432 naa
641 4388 667 4423 et
679 4378 800 4423 Litterae
813 4382 1044 4439 Quadrt'mestres,
1054 4391 1073 4427 t.
1087 4395 1122 4437 tv,
1133 4396 1193 4439 pag.
1201 4385 1248 4437 221,
1258 4396 1273 4429 a
1282 4386 1374 4439 qulbus
1382 4391 1516 4430 mutuatus
1526 4390 1565 4429 est

333 4452 461 4497 Polaneus
471 4464 544 4496 suam
554 4453 742 4496 narrationem.

373 4524 384 4556 Ι
412 4524 478 4568 Vide
491 4535 580 4579 supra,
597 4531 616 4567 t.
629 4536 655 4578 v,
671 4535 731 4577 pag.
745 4524 793 4576 423,
811 4536 834 4568 n.
853 4526 913 4580 1132,
929 4528 972 4571 nbi
987 4527 1041 4581 jam
1059 4528 1129 4571 dieta
1144 4530 1273 4583 reperies,
1290 4540 1357 4582 quae
1374 4528 1416 4573 hic
1434 4532 1565 4583 leguntur.

332 4596 458 4640 Attamen
469 4595 591 4639 Litterae
601 4595 831 4649 Quadrtmestres,
840 4597 855 4640 3
864 4600 915 4642 cal.
925 4598 1056 4653 Septemb.
1066 4600 1119 4643 1556
1129 4600 1215 4653 datae,
1224 4606 1240 4642 t.
1254 4611 1292 4655 rr,
1301 4610 1363 4655 pag.
1372 4600 1421 4655 435,
1432 4601 1497 4644 haec
1508 4602 1565 4656 ipsa

330 4668 456 4711 referunt.
