3642 5350
784 452 847 515 Au.
868 450 939 512 1556
993 441 997 448 ’
1421 450 1475 509 747

244 604 413 670 officiales
427 603 516 669 alios
527 620 571 668 ac
580 603 773 683 ministros,
785 618 829 667 eo
840 602 877 667 in
888 600 1047 682 Collegio
1058 594 1337 680 occupabantur.
1350 596 1395 663 Et
1407 597 1475 662 nisi

244 711 354 793 aliqui
378 712 422 777 de
449 708 625 777 Societate
650 720 835 792 tantopere
859 708 1041 790 negotium
1066 705 1152 771 illud
1176 706 1369 786 arsissent,
1395 713 1476 787 post

244 836 353 885 unum
381 821 439 884 vel
467 820 617 884 alterum
645 834 777 883 annum
804 826 932 899 rogata
959 815 1085 881 suisset
1116 811 1295 895 Societas),
1329 822 1368 878 ut
1400 812 1476 895 ipse

246 928 387 1006 scribit,
404 935 442 991 ut
456 926 542 991 illud
556 925 774 1003 admitteret;
796 935 831 991 et
852 934 952 991 notat
970 933 1113 1006 praeter
1131 922 1334 989 Institutum
1353 920 1475 1002 fuisse,

245 1034 340 1118 quod
354 1034 467 1099 nostri
481 1033 623 1117 qrridem
637 1042 711 1099 tam
725 1030 875 1099 sollicite
888 1032 976 1097 illud
986 1030 1184 1112 Collegium
1198 1028 1368 1095 societati
1382 1046 1475 1094 com·

245 1142 336 1209 mitti
351 1142 576 1207 curavissent
591 1139 619 1222 ¹,
640 1157 705 1207 nec
729 1138 1016 1224 [permittendum
1028 1139 1139 1203 fuisse
1152 1134 1204 1221 ut]
1223 1136 1384 1220 superius
1399 1136 1476 1203 Col·

245 1251 377 1332 legium
397 1268 418 1314 a
440 1266 479 1314 se
498 1248 698 1315 abdicasset
720 1246 895 1328 Societas,
919 1247 956 1311 in
977 1264 1048 1329 quo
1069 1255 1222 1328 quatuor
1244 1247 1301 1311 vel
1322 1245 1477 1327 quinque

244 1358 354 1421 millia
365 1356 576 1423 ducatorum
587 1372 744 1438 expensa
754 1355 907 1435 fuerant,
919 1366 954 1420 et
965 1354 1152 1435 theologis,
1163 1353 1268 1419 simul
1278 1369 1359 1419 cum
1370 1351 1476 1418 domo

244 1464 477 1548 probationis,
493 1464 712 1547 superiorem
730 1461 826 1528 illam
841 1461 985 1528 domum
1003 1460 1109 1527 valde
1127 1469 1363 1543 opportunam
1384 1476 1475 1541 esse,

245 1574 337 1638 sicut
361 1572 559 1653 Collegium
582 1572 729 1637 inferius
750 1570 996 1653 philosophiae
1017 1577 1052 1634 et
1071 1569 1271 1635 litterarum
1291 1568 1475 1634 humanio-

244 1696 325 1745 rum
333 1678 536 1760 lectoribus,
550 1680 713 1745 affirmat.
810 1708 815 1721 ·

223 1848 226 1853 .
302 1786 395 1851 3234.
438 1784 520 1853 Fuit
539 1789 648 1853 etiam
665 1794 869 1869 susceptum
888 1802 983 1851 onus
1004 1784 1268 1866 convictorum;
1291 1793 1327 1850 et
1346 1786 1476 1851 emolu·

245 1904 421 1975 ruentum,
450 1895 585 1961 scilicet
613 1895 659 1960 ad
688 1895 834 1977 triginta
862 1893 1132 1974 sustentandoS,
1162 1892 1265 1974 (nam
1297 1894 1367 1959 hoc
1397 1892 1476 1959 Rex

246 2010 384 2067 tantum
403 2001 588 2068 addiderat
608 2002 653 2067 ad
672 2003 829 2085 priorem
852 1999 1120 2081 fundationem),
1140 2000 1323 2083 praedicta
1344 2001 1476 2067 incom-

246 2108 351 2175 moda
370 2108 514 2175 minime
533 2126 765 2193 compensare
784 2108 989 2190 videbatur;
1008 2117 1182 2173 ettamen
1204 2107 1321 2173 adhuc
1339 2109 1475 2174 dotatio

244 2217 341 2282 sacta
355 2232 429 2281 non
443 2226 532 2299 erat,
549 2226 584 2283 et
598 2218 635 2282 in
648 2227 835 2283 contractu
850 2232 984 2298 graves
995 2216 1133 2296 aliquas
1143 2215 1366 2282 conditiones
1377 2217 1473 2282 time·

243 2325 324 2406 bat,
339 2332 377 2390 ut
392 2324 436 2390 de
451 2310 714 2391 examinatione
731 2334 767 2390 et
781 2324 1040 2408 approbatione
1058 2322 1331 2405 Magistromm:
1354 2326 1475 2407 itaque

245 2432 284 2499 P.
312 2432 445 2497 Torres
468 2431 558 2515 ejus,
588 2434 647 2499 cui
671 2433 862 2514 successit,
889 2430 1152 2497 festinationem
1176 2432 1213 2496 in
1237 2433 1306 2497 hoc
1331 2434 1476 2514 negotio

244 2556 370 2623 parum
383 2540 570 2623 probabat.

304 2647 396 2728 3235.
439 2647 511 2715 Sub
535 2649 674 2715 initium
697 2648 906 2716 Decembris
931 2651 1016 2716 anni
1039 2650 1222 2734 praeteriti
1245 2648 1333 2716 obiit
1355 2648 1477 2716 Inlaus

243 2751 474 2822 Ludovicus⁸
477 2765 542 2839 e,t
559 2757 639 2822 ideo
658 2757 702 2823 de
721 2758 868 2839 negotio
886 2758 1104 2824 fundationis
1122 2758 1184 2840 agi
1198 2766 1274 2823 toto
1289 2775 1384 2822 anno
1404 2776 1477 2824 non

243 2865 373 2946 potuit3
390 2866 453 2930 sed
466 2875 605 2931 tantum
619 2883 710 2948 quae
725 2865 771 2931 ad
786 2865 934 2947 triginta
947 2865 1078 2933 fratres
1099 2847 1351 2932 sustentandos
1372 2876 1476 2932 erant

244 2955 475 3054 assignanda,
491 2983 635 3054 praeter
649 2981 791 3039 centum
805 2974 956 3056 priores,
972 2974 1116 3041 obtenta
1130 2982 1223 3039 sunt.

303 3078 396 3172 3236.
440 3080 674 3147 convictores
689 3091 808 3146 autem
822 3091 925 3146 erant
938 3082 975 3147 in
995 3081 1151 3163 quadam
1172 3091 1274 3165 parte
1288 3081 1475 3165 ipsiusmet

246 3187 395 3269 Collegii
410 3186 528 3270 Regii,
545 3197 579 3253 et
594 3205 676 3254 cum
690 3188 759 3253 illis
775 3198 926 3272 quatuor
945 3207 991 3254 ex
1009 3189 1142 3254 nostris
1160 3189 1388 3269 habitabant,
1410 3208 1476 3255 nec

244 3296 339 3361 euim
361 3296 514 3362 obtineri
538 3304 704 3378 potuerat
728 3297 904 3378 quaedam
930 3297 1057 3363 domus
1080 3297 1330 3378 religiosorum
1355 3298 1476 3364 cister·

245 3403 436 3485 eleusium,
453 3404 620 3485 adquam
634 3421 679 3468 ex
693 3413 817 3470 nostro
832 3402 991 3486 Collegio
1006 3412 1109 3470 erant
1124 3405 1372 3471 transferendi.
1388 3405 1476 3471 Erat

244 3510 388 3592 quidem
402 3521 569 3594 separata
583 3528 627 3576 ea
642 3527 726 3592 pars
740 3510 901 3593 Collegii,
919 3511 981 3577 sed
996 3520 1100 3594 porta
1115 3514 1313 3578 communis
1327 3523 1421 3593 erat,
1442 3523 1477 3578 et

244 3619 335 3684 civis
350 3619 496 3702 quidam
510 3619 802 3685 conimbricensis
815 3619 1021 3685 necessaria
1035 3620 1081 3685 ad
1095 3619 1231 3686 victum
1244 3620 1314 3685 illis
1327 3636 1475 3703 praepa·

243 3727 358 3808 rabat,
375 3727 432 3791 cui
446 3727 578 3809 singuli
593 3727 831 3810 quadraginta
847 3721 975 3793 aureos
989 3727 1140 3810 singulis
1154 3729 1257 3794 annis
1272 3730 1473 3810 solvebant,

244 3834 353 3916 aliqui
366 3833 613 3916 paulominus.

286 4077 297 4111 ¹
324 4075 371 4122 111.
383 4077 544 4123 curavisset.

281 4146 294 4180 ¹
320 4148 387 4194 Vlde
397 4160 487 4205 cupra,
496 4159 558 4204 pag.
566 4149 615 4202 711,
625 4161 651 4195 n.
659 4149 743 4196 ttta-
750 4150 866 4207 Corripit
876 4163 904 4196 ue
914 4163 981 4197 nunc
991 4152 1128 4210 Polancuu,
1139 4154 1182 4210 qul
1192 4158 1251 4202 loco
1266 4153 1351 4200 citato
1364 4155 1478 4211 ucrlpae·

241 4226 285 4264 rat
295 4227 404 4266 mortem
414 4220 526 4266 tutunus
536 4219 662 4267 Ludovlcl
674 4221 762 4268 “lnltlo
777 4223 855 4279 huju·
868 4224 931 4269 unni
946 4224 1018 4280 [1166]
1034 4235 1092 4270 cum
1107 4236 1202 4282 magno
1217 4226 1373 4273 detrlmeuto
1389 4228 1478 4283 regul,

240 4293 377 4339 accldlsue.
388 4293 495 4350 Verum,
505 4299 534 4338 ut
545 4305 577 4338 ex
587 4293 702 4350 Fatuco,
713 4295 853 4351 synopsis,
863 4307 924 4341 ann.
935 4296 995 4351 1555,
1007 4297 1042 4341 151
1052 4299 1197 4353 retullmua,
1208 4311 1259 4346 nou
1269 4310 1355 4344 menae
1368 4298 1476 4345 Decem

241 4365 291 4420 brl,
301 4365 348 4410 ted
357 4365 385 4410 27
394 4363 549 4410 Novembris
558 4367 619 4411 uunl
629 4367 767 4420 praeterltl
781 4367 932 4413 Ludovlcua
948 4367 1037 4414 Insunt
1051 4377 1170 4416 mortuus
1184 4380 1233 4417 eet.
1249 4371 1278 4416 id
1293 4378 1414 4417 auctore·
1429 4373 1476 4417 alli

241 4443 381 4483 testantur.
391 4437 505 4482 ‘Poucoe
514 4438 572 4483 dtu
582 4439 672 4493 depole
682 4439 714 4484 do
724 4438 826 4485 Inluutc
837 4447 877 4484 ter
893 4441 1066 4487 multando
1075 4453 1124 4487 tua
1133 4444 1226 4489 ultlma
1235 4443 1357 4497 voutade,
1374 4443 1474 4489 inlecto

240 4520 274 4554 nt
286 4509 380 4563 Quluta
390 4509 422 4554 de
433 4509 556 4556 Marullla
564 4511 640 4566 Junto
650 4510 681 4554 de
692 4509 797 4562 thboa.
807 4515 824 4556 a
833 4511 860 4556 27
869 4511 901 4556 de
912 4511 1068 4568 Novembro,
1084 4515 1206 4561 havendo
1219 4527 1278 4561 cum
1288 4515 1413 4572 rellgloee
1422 4516 1476 4572 ple·

240 4581 306 4626 dade
316 4581 486 4638 trequentudo
496 4593 525 4627 oe
534 4589 610 4628 acto·
619 4583 651 4626 de
661 4583 723 4628 hum
735 4583 891 4630 verdudeiro
906 4583 1048 4641 Chrlstlad,
1063 4587 1192 4633 contundo
1207 4588 1239 4632 de
1256 4587 1331 4632 idade
1345 4594 1474 4643 quaranta

241 4665 255 4698 e
265 4663 332 4698 noue
342 4665 430 4701 annot.
441 4655 494 4698 olto
504 4665 617 4703 maneae
629 4655 699 4698 vlute
708 4665 722 4698 e
732 4661 825 4709 quatro
836 4654 892 4699 dlas
900 4688 913 4709 ,,
924 4655 1046 4702 canno
1062 4668 1095 4701 uu
1110 4656 1202 4714 Souna,
1212 4657 1336 4704 Historia
1347 4661 1472 4715 genealo-

241 4727 301 4778 gica
311 4723 347 4768 da
358 4723 425 4770 Cata
435 4723 505 4770 Rea!
515 4723 693 4780 Portagaeau,
702 4733 720 4770 t.
734 4735 772 4780 ur,
783 4737 844 4781 pag.
854 4726 903 4772 361.
