3642 5350
358 413 416 473 otu
820 413 948 474 Cuaorr.
969 411 1046 472 Soc.
1067 410 1138 486 Jns.

361 560 503 637 ibidem,
519 568 662 641 practer
674 560 743 623 hoc
753 559 987 623 ministerium
1001 557 1188 622 dominicis
1199 573 1242 621 ac
1253 557 1353 622 lestis
1364 556 1498 636 diebus,
1513 557 1596 622 Mis·

360 683 424 730 sae
443 675 615 745 tempore,
637 665 934 741 concionabatur3
962 673 997 728 et
1016 665 1082 728 sub
1101 673 1242 729 noctem
1261 663 1416 744 quotidie
1432 664 1593 728 christia·
1615 675 1624 698 '

360 789 445 836 nam
469 773 670 837 doctrinam
694 772 863 851 docebat;
891 780 1080 853 postquam
1100 772 1296 836 orationem
1312 771 1421 835 Salve
1446 772 1622 852 Regina

362 896 428 960 pro
443 895 542 943 more
568 880 860 944 decantaverant.
886 879 966 959 lpse
992 878 1101 942 etiam
1126 876 1164 941 P.
1190 877 1396 959 Alpbonsus
1420 879 1538 960 Lopez
1556 881 1593 943 in

362 985 550 1066 cujusdam
577 987 683 1051 amici
706 987 940 1050 ecclesiastici
964 986 1136 1068 gratiam,
1166 1002 1246 1048 cum
1274 986 1319 1048 ad
1344 986 1452 1050 alium
1477 987 1596 1050 locum

363 1109 532 1174 egressus
545 1102 655 1170 esset,
677 1110 759 1158 cum
778 1109 910 1173 magna
932 1092 1169 1156 commotione
1188 1092 1387 1156 animorum
1406 1101 1439 1156 et
1457 1091 1598 1158 fructus

361 1216 498 1279 paucos
511 1199 560 1263 ibi
575 1199 650 1264 dies
665 1210 907 1264 commoratus
920 1208 988 1263 est.

326 1286 332 1302 ’
422 1305 514 1370 2594.
557 1306 596 1369 ln
635 1306 784 1386 pacibus
811 1306 1022 1387 quibusdam
1051 1307 1155 1370 valde
1184 1304 1381 1369 difficilibus
1414 1306 1595 1386 curandis,

363 1411 531 1477 Concbae
545 1430 619 1476 non
634 1430 758 1493 parum
775 1411 974 1488 desudavit;
989 1411 1063 1488 sed,
1076 1411 1154 1476 Deo
1166 1411 1370 1493 adiuvante,
1383 1411 1599 1478 dissidentes

363 1519 456 1582 inter
470 1537 508 1584 se
524 1519 740 1584 conciliavit.

424 1625 516 1689 2595.
559 1625 766 1707 Spiritualia
791 1625 963 1690 exercitia
989 1615 1357 1706 quibusdam'tradita
1381 1625 1539 1704 suerunt,
1560 1637 1598 1691 et

362 1733 598 1813 quorumdam
623 1732 864 1797 confessiones
887 1732 1075 1812 generales
1100 1731 1259 1813 auditae,
1286 1749 1351 1797 nec
1379 1733 1595 1798 mediocrem

362 1838 517 1904 fructum
531 1857 574 1904 eo
590 1838 706 1916 modo,
723 1840 782 1920 qui
798 1856 837 1902 se
852 1848 1098 1917 exercuerant,
1114 1841 1322 1903 retulerunt.

423 1945 516 2010 2596.
560 1946 648 2011 Cum
662 1945 904 2027 Inquisitionis
917 1945 1061 2026 quidam
1077 1954 1179 2009 actus
1199 1945 1267 2009 hac
1287 1956 1422 2010 aestate
1441 1947 1597 2012 celebra·

363 2062 423 2116 tus
436 2053 602 2118 conchae
616 2053 755 2132 luisset,
772 2052 809 2116 in
825 2069 895 2133 quo
910 2052 1011 2116 multi
1025 2053 1246 2133 poenitentes
1266 2054 1303 2116 in
1323 2053 1501 2134 publicum
1517 2070 1596 2135 pro·

364 2159 522 2240 dierunt;
549 2177 671 2224 eorum
691 2159 816 2240 aliqui,
839 2167 873 2222 et
888 2159 1080 2240 praecipue
1105 2159 1337 2240 alienigenae,
1366 2160 1508 2225 domum
1535 2179 1596 2226 no·

364 2274 493 2343 stram,
520 2275 558 2330 ut
579 2268 852 2344 instruerentur,
879 2266 978 2330 missi
1003 2276 1103 2344 sunt;
1133 2274 1168 2330 et
1190 2285 1260 2330 non
1283 2267 1453 2332 inutiliter
1473 2268 1596 2332 tritum

363 2372 473 2438 luisse
493 2383 634 2454 tempus
653 2392 734 2438 cum
754 2375 806 2437 eis
825 2372 1026 2450 videbatur,
1044 2391 1136 2452 cum,
1157 2383 1237 2453 post
1258 2375 1434 2456 colloquia
1455 2375 1597 2452 crebra,

364 2499 474 2545 verae
489 2483 735 2546 conversionis
750 2481 908 2544 animum
924 2496 1010 2561 prae
1025 2497 1063 2544 sc
1078 2480 1127 2544 illi
1141 2481 1275 2546 ferrent
1291 2481 1312 2542 ¹.

425 2587 516 2652 2597.
559 2587 631 2654 Sub
652 2588 735 2652 anni
756 2587 861 2651 finem
881 2587 1069 2651 duodecim
1087 2585 1160 2667 jam
1176 2598 1278 2652 erant
1300 2591 1429 2668 nostri,
1452 2599 1486 2653 et
1504 2590 1596 2654 iuter

364 2713 428 2759 eos
443 2708 595 2777 quatuor
608 2697 826 2773 sacerdotes,
843 2706 878 2758 et
892 2696 1057 2775 quamvis
1072 2696 1186 2759 nullos
1199 2697 1368 2761 haberent
1383 2698 1533 2774 redituS,
1550 2714 1595 2761 ex

364 2803 600 2884 eleemosynis
626 2801 862 2885 quorumdam
883 2802 1081 2867 amicorum
1101 2805 1402 2867 sustentabantur.
1433 2804 1595 2867 Absolvit

363 2922 484 2974 autem
504 2911 551 2974 ad
570 2910 662 2974 festa
682 2910 843 2973 natalitia
863 2909 960 2987 Mag.
982 2908 1155 2989 Aegidius
1183 2908 1400 2990 Summulas,
1427 2928 1517 2991 quas
1535 2928 1599 2975 vo·

365 3027 466 3095 cant,
491 3017 666 3098 quaedam
686 3016 885 3097 spinosiora
912 3026 947 3079 et
971 3015 1102 3081 nimis¹
1127 3017 1284 3093 subtilia,
1306 3034 1397 3097 quae
1415 3018 1595 3099 sophistae

365 3133 532 3204 tractant,
549 3134 588 3187 ut
602 3123 648 3187 ad
663 3134 799 3188 textum
814 3123 1019 3188 Aristotelis
1033 3124 1133 3188 initio
1148 3126 1329 3205 sequentis
1350 3125 1433 3189 anni
1452 3124 1594 3189 accede·

364 3240 434 3309 ret,
451 3240 486 3292 ct
501 3231 637 3294 crebris
648 3231 946 3313 disputationibus
960 3240 996 3294 et
1008 3232 1324 3295 exercitationibus
1335 3248 1481 3297 suorum
1493 3232 1597 3297 disci-

363 3337 527 3415 pulorum
540 3337 685 3417 ingenia
699 3339 896 3403 excolebat.

425 3441 518 3507 2598.
562 3442 671 3509 Venit
686 3444 724 3509 P.
742 3445 916 3509 Tablares
929 3443 941 3476 ⁸
956 3444 1155 3522 Concbam,
1172 3457 1303 3511 etcum
1322 3446 1501 3527 primariis
1522 3448 1598 3527 qui·

365 3549 514 3614 busdam
529 3551 742 3630 hominibus,
758 3552 945 3632 exquibus
960 3552 1053 3615 bona
1067 3553 1280 3631 gubernatio
1294 3546 1393 3618 urbis
1407 3552 1592 3633 pendebat,

365 3674 447 3721 cum
467 3658 643 3738 spirituali
665 3658 783 3723 fructu
803 3659 896 3737 egit;
925 3659 1016 3722 inter
1031 3676 1120 3739 quos
1139 3668 1215 3723 erat
1240 3658 1403 3739 Praetor,
1418 3659 1592 3724 Marchio·

363 3764 462 3827 nissa
476 3764 520 3828 de
534 3764 705 3829 Chianete
719 3763 742 3844 ⁴,
760 3765 901 3844 Comes,
919 3776 954 3828 et
969 3765 1158 3829 Comitissa
1173 3765 1217 3829 de
1231 3766 1352 3847 Pliego
1367 3763 1389 3844 ⁸,
1404 3776 1438 3830 et
1450 3766 1510 3831 alii
1521 3779 1597 3831 tarn

362 3870 596 3935 ecclesiastici
610 3889 717 3953 quam
738 3874 930 3935 seculares.

406 4074 415 4106 ¹
444 4074 565 4119 Litterae
574 4074 808 4128 Quaartmesms,
816 4080 835 4120 t.
844 4086 881 4127 rr,
892 4087 952 4130 pag.
963 4074 1012 4118 tto.

405 4146 417 4177 ⁸
443 4145 491 4189 lis.
502 4146 662 4197 »trinumeri
673 4158 764 4191 sensns
774 4147 878 4191 videtur
888 4146 958 4189 allud
970 4144 1122 4189 adverbium
1133 4146 1272 4201 requirere.

405 4217 418 4248 ὅ
444 4217 472 4262 Ρ.
483 4216 578 4262 Petrus
588 4218 620 4261 de
629 4218 766 4262 Tablares.

405 4289 417 4321 ⁴
444 4288 511 4333 Dua.
524 4289 610 4334 Maria
619 4288 763 4345 Maurique.
773 4300 840 4333 uxor
850 4290 973 4333 Andreae
985 4287 1106 4332 liurtado
1116 4288 1147 4330 de
1157 4286 1289 4340 Mendoza.
1297 4290 1425 4343 “negando
1433 4300 1555 4345 marquen
1564 4292 1600 4333 de

362 4358 471 4415 cauete,
480 4360 581 4413 guarda
592 4372 684 4417 mayor
694 4362 725 4404 de
737 4363 763 4404 la
773 4360 866 4404 cludad
876 4361 908 4404 de
919 4360 1049 4404 Cuenca...
1060 4362 1074 4402 ε
1085 4358 1164 4413 hijs...
1175 4359 1206 4403 de
1219 4360 1248 4403 Ι).
1265 4360 1344 4405 Garcl
1361 4359 1512 4405 Fernandez
1527 4360 1598 4404 llan-

364 4431 446 4484 rlqne,
458 4439 545 4475 tercer
553 4432 635 4475 conde
645 4428 676 4475 de
688 4431 796 4476 Ooorno.
807 4463 829 4484 .„
843 4432 961 4483 Bornos,
972 4430 1074 4474 Bloson
1085 4430 1119 4473 de
1133 4429 1262 4485 Esporlo,
1279 4438 1301 4475 t.
1318 4442 1344 4483 u.
1360 4442 1420 4485 pag.
1439 4431 1488 4476 1t9.
1496 4431 1600 4477 -Vide

365 4501 462 4546 Canac
472 4503 504 4546 de
515 4502 570 4546 San
581 4502 701 4556 Ignara,
709 4512 727 4546 t.
739 4515 774 4557 v,
784 4514 845 4558 pag.
856 4503 905 4555 2⁴6,
916 4508 1003 4547 annot.
1013 4503 1034 4546 5.

406 4572 418 4606 ⁸
446 4572 487 4617 Ex
496 4574 545 4618 hoc
556 4576 614 4618 loco
624 4574 731 4618 delinire
742 4581 816 4619 certo
826 4586 875 4618 non
886 4585 1021 4629 possumne
1037 4584 1070 4618 an
1087 4584 1173 4617 sermo
1188 4572 1224 4617 nlt
1240 4572 1273 4617 de
1289 4572 1335 4616 ⁸1).
1352 4571 1415 4617 Luls
1432 4573 1546 4617 Carrlllo
1562 4572 1597 4617 de

364 4642 497 4697 tiendum,
508 4652 582 4689 sexto
593 4645 672 4688 conde
684 4645 714 4689 de
726 4644 829 4699 Priego,
840 4648 916 4690 eebor
927 4646 958 4689 de
967 4644 1087 4689 Escnvas
1102 4657 1120 4701 y
1135 4643 1314 4699 creaveras„
1331 4643 1375 4699 qui
1389 4644 1526 4699 “contrario
1541 4654 1596 4688 ma·
