3642 5350
812 410 875 469 Art.
899 411 970 471 1556
1450 422 1504 480 477

270 554 358 629 erat,
377 552 407 616 si
426 553 565 633 publice
584 571 686 618 suum
705 554 902 619 institutum
922 556 1077 637 profiteri
1096 556 1256 624 Societas
1278 572 1313 627 et
1332 580 1501 630 exercere
1569 568 1571 572 '

270 660 455 737 potuisset.

328 765 420 830 2051.
463 768 565 831 Multi
577 778 695 832 autem
705 768 771 832 viri
784 770 914 834 sinceri
925 772 1031 835 rebus
1041 774 1173 837 nostris
1184 773 1365 841 favebant:
1376 780 1502 845 nihilo-

269 872 386 937 minus
400 892 444 937 ex
465 873 533 938 illis
552 876 710 956 plerique
728 893 774 939 ex
792 887 997 941 nostrorum
1017 882 1271 946 consuetudine
1290 884 1358 948 sibi
1377 896 1501 951 notam

268 979 478 1045 inurendam
505 983 697 1063 timebant,
729 983 812 1047 dum
841 987 1062 1066 tempestatis
1095 990 1309 1068 praeteritae
1335 994 1504 1059 recorda·

267 1085 409 1151 bantur.

326 1194 417 1259 2052.
465 1196 546 1274 Alii,
563 1214 584 1259 a
599 1199 731 1261 nostris
745 1199 966 1275 recedentes,
983 1199 1099 1265 denuo
1119 1206 1404 1285 revertebantur;
1427 1225 1500 1271 non

267 1312 385 1367 tamen
401 1304 548 1367 deerant
562 1304 650 1367 satis
665 1305 774 1383 multi,
791 1305 851 1383 qui
865 1314 1070 1369 nostrorum
1088 1326 1196 1389 opera
1212 1308 1333 1390 juvari
1354 1315 1499 1394 vellent,

266 1426 355 1489 quos
364 1410 506 1474 minime
519 1410 771 1475 familiaritatis
781 1412 889 1475 initae
900 1414 1114 1495 poenitebat;
1124 1424 1159 1479 et
1170 1419 1334 1496 quamvis
1346 1393 1501 1498 exiguus

265 1532 355 1597 grex
370 1518 428 1581 hic
443 1526 547 1597 esset,
564 1535 675 1598 usque
691 1517 781 1581 adeo
796 1519 831 1581 in
843 1520 968 1599 spiritu
981 1520 1199 1602 proficiebat,
1213 1533 1251 1587 ut
1262 1526 1370 1589 etiarn
1381 1526 1502 1590 illatas

265 1624 331 1687 sibi
343 1623 533 1705 injuriaset
541 1624 704 1688 convicia
719 1635 865 1706 propter
874 1624 1004 1690 Christi
1014 1645 1280 1711 causamaequo
1292 1631 1423 1711 anim0,
1433 1632 1497 1695 im-

265 1750 322 1795 mo
334 1743 369 1795 et
383 1734 488 1811 laeto,
499 1730 634 1795 ferrent
649 1731 693 1794 ob
706 1731 838 1795 Christi
853 1732 1035 1796 honorem.
1053 1733 1092 1797 ln
1108 1736 1371 1815 aegrotantium
1385 1739 1494 1803 etiam

265 1840 447 1917 auxilium,
461 1847 535 1902 tarn
549 1838 719 1903 nobilium
732 1856 838 1919 quam
851 1839 1081 1920 plebejorum,
1095 1851 1300 1907 nostrorum
1310 1843 1496 1924 diligentia

264 1945 470 2024 desudabat,
489 1954 523 2008 et
538 1963 559 2008 a
574 1946 692 2009 multis
708 1944 821 2008 nostri
836 1947 1112 2011 accersebantur
1134 1950 1359 2029 (praesertim
1377 1949 1415 2014 P.
1432 1949 1498 2014 Pa-

264 2052 426 2116 schasius
443 2050 477 2132 Ι);
494 2052 587 2132 quod
603 2060 687 2115 tunc
703 2052 844 2115 demum
858 2061 1088 2130 aegrotantes
1102 2055 1169 2118 sibi
1184 2055 1273 2119 bene
1296 2059 1499 2121 consultum

262 2160 446 2241 putabant,
463 2176 544 2223 cum
558 2158 627 2237 ipsi
649 2158 801 2222 confessi
821 2169 952 2222 essent:
968 2161 1063 2239 quod
1082 2170 1201 2225 tamen
1222 2164 1315 2226 clam
1333 2162 1411 2228 fieri
1426 2175 1496 2229 stu-

263 2266 404 2345 debant,
413 2285 460 2343 ne¹
469 2266 536 2330 sibi
548 2267 761 2329 calumniam
771 2274 805 2328 et
815 2266 948 2331 nostris
959 2268 1109 2347 gravius
1120 2270 1239 2333 odium
1252 2280 1313 2333 aut
1324 2271 1497 2335 invidiam

262 2374 470 2439 conflarent.

320 2481 411 2545 2053.
456 2482 545 2547 Cum
565 2490 701 2560 autem,
725 2490 866 2561 praeter
888 2483 968 2545 loca
987 2482 1150 2561 superius
1170 2482 1276 2558 dicta,
1301 2485 1397 2564 apud
1416 2502 1498 2549 san·

261 2598 356 2653 ctum
372 2589 539 2654 Cosmam
553 2600 588 2651 et
604 2588 697 2669 apud
716 2586 780 2652 sm
796 2587 1010 2653 Gcrvasium
1028 2590 1142 2653 nostri
1161 2601 1388 2654 sacramenta
1410 2592 1499 2655 mul·

258 2697 303 2761 tis
319 2699 570 2775 ministrarent,
585 2696 794 2761 frendebant
809 2706 935 2760 contra
949 2706 1102 2776 nostros,
1116 2697 1175 2778 qui
1187 2715 1356 2762 exercere
1368 2715 1492 2763 eorum

259 2805 465 2884 patientiam
479 2804 573 2868 soliti
588 2812 699 2867 erant.
715 2803 827 2868 Error
841 2814 961 2867 tamen
975 2803 1120 2884 quidam
1130 2804 1269 2867 frenum
1281 2805 1494 2884 quibusdam

260 2911 474 2992 imponebas
492 2911 741 2976 existimabant
757 2911 850 2973 enim
865 2908 1048 2974 Summum
1061 2910 1267 2974 Pontificem
1278 2910 1427 2975 Paulum
1443 2911 1495 2976 IV

258 3019 371 3082 nostri
391 3019 545 3082 Instituti
561 3027 741 3082 auctorem
761 3016 881 3096 fuisse,
897 3025 932 3080 et
952 3034 997 3080 ex
1016 3017 1148 3080 nostris
1167 3018 1304 3098 aliquos
1323 3017 1492 3082 Cardina-

257 3126 309 3189 les
324 3133 463 3190 creatos
477 3141 566 3202 esse3
583 3135 617 3187 et
632 3141 713 3188 cum
728 3133 870 3187 nostros
884 3123 1003 3186 animo
1014 3124 1107 3186 bono
1118 3133 1152 3187 et
1164 3123 1402 3204 imperterrito
1414 3142 1497 3189 esse

258 3242 459 3311 cernerent,
479 3231 546 3294 sibi
559 3231 740 3310 timebant;
762 3247 828 3294 nec
849 3231 1063 3310 negantibus
1081 3228 1266 3295 Summum
1286 3230 1495 3297 Pontificem

258 3351 319 3404 aut
335 3339 542 3405 Cardinales
557 3355 602 3401 ex
616 3339 747 3400 nostris
762 3346 902 3400 creatos
919 3355 1008 3418 esse,
1021 3336 1126 3402 fidem
1142 3338 1330 3401 habebant.

315 3447 407 3510 aust.
449 3445 622 3527 Quamvis
636 3445 746 3524 igitur
761 3444 880 3508 acerbi
896 3445 983 3507 satis
997 3461 1121 3509 eorum
1140 3445 1249 3508 animi
1269 3454 1389 3508 essent
1410 3462 1493 3509 con·

255 3562 312 3619 tra
328 3553 551 3632 Societatem,
569 3553 687 3632 aliquo
703 3551 808 3615 modo
825 3567 886 3614 eos
901 3551 937 3614 in
953 3550 1067 3614 officio
1080 3551 1283 3632 praedictus
1294 3568 1395 3616 error
1407 3569 1488 3616 con-

257 3660 402 3727 tinebat.

316 3768 407 3834 2055.
451 3768 623 3849 Quamvis
640 3776 759 3831 autem
774 3765 870 3845 Mag.
883 3763 1057 3848 Jacobum
1069 3766 1257 3830 Motellum
1269 3766 1291 3844 ¹,
1305 3764 1364 3846 qui
1376 3781 1422 3828 ex
1434 3781 1493 3828 no·

256 3877 340 3942 stris
355 3875 577 3940 scholasticis
592 3884 682 3953 erat,
698 3873 847 3938 Vicario
864 3873 1042 3953 Episcopo
1058 3872 1103 3936 ad
1119 3872 1262 3937 ordines
1281 3888 1493 3952 promoven·

256 3982 339 4049 dum
356 3981 393 4046 P.
409 3981 626 4046 Paschasius
641 3981 827 4045 obtulisset
842 3980 921 4059 (nec
932 3981 1027 4044 enim
1038 3979 1236 4060 Episcopus
1248 3988 1333 4043 tunc
1344 3977 1496 4042 Parisiis

255 4092 407 4171 aderat),
424 4092 520 4154 nullo
541 4089 645 4154 modo
661 4097 803 4152 nostros
818 4087 1005 4152 admittere
1026 4071 1154 4167 voluit,
1171 4085 1266 4168 quod
1280 4085 1414 4150 diceret
1430 4081 1492 4149 So·

255 4199 394 4264 cieratis
408 4207 553 4262 nostrae
569 4196 772 4260 [nstitutum
787 4212 853 4258 nec
870 4213 891 4258 a
907 4193 1133 4258 Parlamento
1148 4194 1250 4274 regio
1266 4210 1331 4256 nec
1346 4193 1391 4255 ab
1411 4191 1493 4272 Epi·

254 4323 363 4387 scopo
379 4325 456 4370 esse
476 4305 727 4385 approbatum.

265 4447 465 4456 ω...-

295 4511 302 4542 ⁴
334 4509 362 4554 P.
372 4511 531 4555 Paschasius
541 4509 628 4554 Broet.
1210 4525 1219 4542 ·

294 4581 304 4612 ¹
332 4580 398 4624 Vide
414 4591 501 4636 supra,
520 4587 540 4624 t.
554 4593 581 4634 v,
596 4591 657 4634 pag.
672 4577 722 4634 ³20,
737 4589 761 4623 n.
777 4575 826 4634 869,
844 4584 932 4623 annot.
947 4576 1143 4632 h-Eplscoput
1153 4579 1241 4619 nutem
1256 4573 1418 4618 Parisiorum
1433 4579 1495 4618 erut

252 4647 411 4697 Eustachius
422 4653 455 4696 du
469 4651 570 4709 Bellay,
580 4652 612 4695 de
623 4661 673 4706 quo
684 4659 762 4706 saepe
773 4650 861 4695 dicere
871 4660 978 4694 necesse
988 4649 1047 4694 fult.
