3642 5350
330 330 389 393 488
793 329 923 389 Cauou.
942 327 1019 388 Soc.
1040 328 1110 402 Jas.

330 484 515 557 pastorum
531 475 676 555 agebat,
701 492 792 557 quae
812 490 923 554 usque
945 473 1036 538 adeo
1054 473 1234 554 Episcopo
1254 474 1405 555 placuit,
1426 485 1465 539 ut
1487 492 1565 539 eam

329 583 426 664 typis
450 581 594 662 excudi,
616 580 791 662 adjunctis
816 580 1127 646 constitutionibus
1149 581 1413 663 episcopalibus
1438 599 1566 647 recens

332 690 580 771 promulgatis,
596 689 785 754 mandarit.

390 795 481 860 2100.
525 795 764 860 Concionatus
779 795 886 860 etiam
906 804 960 859 est
979 796 1089 858 semel
1108 803 1213 876 atque
1231 795 1360 860 iterum
1380 796 1417 860 in
1436 814 1566 862 coeno·

329 904 387 967 bio
403 903 593 984 virginum,
609 902 782 978 Marsach,
793 910 1011 983 nuncupato,
1032 919 1114 966 cum
1132 918 1205 965 non
1218 902 1391 968 mediocri
1405 903 1564 984 ipsarum

329 1011 583 1089 consolatione,
599 1027 690 1090 quae
706 1010 826 1073 multis
841 1009 1008 1089 precibus
1026 1009 1063 1073 id
1081 1009 1309 1074 obtinuerant
1332 1008 1352 1072 ¹.
1373 1010 1412 1076 In
1432 1010 1564 1091 oppido

329 1119 437 1182 etiam
452 1115 637 1196 Soriacho,
654 1117 690 1181 in
702 1118 863 1196 prioratu
875 1117 919 1180 de
930 1118 964 1180 la
976 1115 1101 1194 Veme,
1115 1117 1210 1197 apud
1221 1117 1376 1180 Montem
1387 1117 1565 1182 Morinum

329 1233 364 1287 et
378 1223 485 1288 etiam
500 1223 716 1306 Euscopiae,
731 1223 832 1304 jussu
847 1223 1033 1304 Episcopi,
1050 1239 1172 1304 semen
1187 1223 1288 1287 verbi
1307 1223 1375 1288 Dei
1394 1241 1466 1288 non
1487 1224 1565 1289 sine

330 1331 482 1394 utilitate
496 1331 645 1412 sparsit,
662 1339 700 1394 ut
716 1330 873 1395 studium
885 1332 1098 1412 populorum
1117 1340 1152 1394 et
1173 1331 1245 1394 alia
1268 1331 1371 1411 signa
1388 1332 1564 1396 testaban-

330 1445 398 1500 tur.
411 1435 610 1502 Riomensis
624 1439 734 1502 etiam
748 1439 877 1502 civitas
891 1440 1019 1501 iterum
1035 1437 1082 1500 ad
1096 1438 1289 1501 solemnem
1305 1455 1506 1503 sermonem
1520 1439 1565 1503 de

330 1545 637 1626 eleemosynarum
648 1545 849 1624 collatione,
862 1545 968 1608 tertio
983 1562 1122 1625 quoque
1137 1561 1257 1608 mense
1272 1544 1395 1608 haberi
1407 1544 1562 1624 solitum,

330 1652 446 1732 ipsum
462 1653 644 1731 invitavit,
660 1660 696 1715 et
711 1661 792 1716 cum
806 1652 974 1732 Episcopi
988 1652 1172 1715 voluntate
1187 1652 1348 1715 obtinuit.
1365 1651 1563 1716 Isiodorum

328 1759 437 1823 etiam
452 1759 571 1838 rediit,
589 1771 624 1823 et
639 1760 687 1823 ibi
706 1769 811 1840 atque
832 1759 912 1822 aliis
931 1759 967 1822 iu
986 1759 1075 1822 locis
1094 1758 1320 1823 ecclesiastes
1344 1757 1458 1823 officio
1479 1777 1561 1824 cum

330 1883 403 1929 non
418 1867 589 1931 mediocri
603 1867 721 1930 fructu
736 1867 878 1930 functus
893 1877 959 1930 est.

392 1972 483 2037 2101.
527 1973 565 2036 P.
584 1973 824 2054 Hieronymus
838 1974 996 2053 Bassius,
1017 1991 1063 2036 ex
1078 1991 1148 2053 quo
1163 1975 1330 2037 alvernos
1344 1975 1480 2052 revisit,
1496 1974 1566 2054 piis

331 2080 485 2159 negotiis
499 2097 632 2144 vacare
647 2098 719 2144 non
734 2081 901 2158 cessavit,
918 2089 1050 2144 etcum
1065 2081 1368 2144 claramontenses
1379 2079 1417 2143 P.
1434 2079 1564 2145 Rober·

330 2197 404 2250 tum
419 2204 490 2252 non
506 2187 750 2267 obtinuissent,
768 2197 806 2250 ut
820 2188 1030 2269 sperabant,
1056 2187 1154 2251 feriis
1177 2186 1389 2251 Sanctorum
1408 2188 1564 2252 omnium

328 2293 365 2356 in
394 2293 561 2373 paroecia
590 2292 634 2358 D.
666 2294 828 2373 Virginis
857 2312 938 2358 cum
971 2294 1256 2374 frequentissimo
1285 2295 1460 2358 auditorio
1488 2296 1565 2374 ipse

328 2399 366 2464 P.
385 2399 626 2481 Hieronymus
642 2402 875 2465 concionatus
891 2410 955 2464 est.

388 2505 481 2583 2102.
525 2508 675 2589 Accepit
691 2508 817 2573 deinde
832 2507 989 2588 quotidie
1003 2508 1040 2571 in
1051 2508 1273 2572 xenodochio
1286 2506 1415 2571 Missae
1430 2496 1563 2571 sacrifi·

326 2615 422 2680 cium
437 2613 575 2695 offerre,
592 2626 627 2679 et
641 2616 677 2681 in
702 2613 777 2696 ejus
803 2617 934 2695 templo
951 2615 1050 2679 verbi
1076 2613 1143 2679 Dei
1167 2615 1363 2680 ministerio
1383 2623 1418 2679 et
1434 2632 1562 2696 paupe-

328 2740 407 2787 rum
422 2723 648 2787 subventioni
659 2740 793 2787 vacare
809 2740 816 2802 ;
840 2731 875 2787 et
885 2723 949 2786 vix
961 2723 1032 2785 dici
1044 2732 1165 2802 posset
1180 2724 1403 2804 quantumin
1418 2741 1461 2785 ea
1476 2722 1564 2785 urbe

328 2830 555 2893 auctoritatis
574 2830 836 2907 conciliaverit,
861 2838 895 2893 et
918 2847 1025 2910 quam
1043 2831 1187 2893 uberem
1209 2829 1408 2893 animorum
1422 2830 1560 2909 frugem

327 2937 429 2999 brevi
453 2949 613 3016 tempore
639 2936 832 3017 collegerit.
861 2934 932 3000 Sed
956 2947 1114 3017 tempore
1135 2935 1440 3016 Quadragesimae
1460 2934 1564 3016 bujus

328 3045 413 3107 anni
431 3043 519 3120 1556,
537 3044 746 3123 Isiodorum,
758 3043 925 3125 adjuncto
938 3045 1111 3125 magistro
1121 3043 1228 3108 Petro
1243 3044 1407 3124 Chanali,
1424 3044 1562 3108 concio·

248 3212 249 3215 ,
325 3159 494 3213 naturum
509 3167 548 3213 se
564 3151 727 3231 contulit,
744 3168 825 3215 cum
840 3152 997 3215 maximo
1017 3151 1149 3216 civium
1175 3152 1298 3215 lavore
1314 3161 1350 3213 et
1365 3151 1565 3215 animorum

326 3256 463 3332 fructu,
480 3258 706 3321 ecclesiastes
727 3276 872 3322 munere
887 3259 1109 3340 perfunctuS,
1135 3276 1202 3321 nec
1223 3260 1337 3322 solum
1364 3260 1475 3322 verbo
1499 3258 1563 3322 sed

325 3365 490 3445 exempla
505 3366 550 3428 ob
565 3366 785 3445 singularem
798 3366 1024 3443 modestiam,
1036 3383 1142 3446 quam
1153 3366 1230 3445 ipso
1245 3367 1346 3429 vultu
1356 3383 1444 3445 prae
1462 3382 1501 3429 se
1511 3364 1560 3429 le·

325 3471 437 3550 rebat,
456 3473 619 3536 omnibus
634 3473 796 3536 amabilis
812 3482 846 3537 et
863 3475 906 3537 ab
923 3472 1087 3536 omnibus
1110 3474 1237 3536 mirum
1253 3473 1289 3535 in
1310 3473 1452 3537 modum
1467 3490 1563 3538 com·

327 3579 517 3642 mendatus
531 3590 619 3643 erat.

386 3684 476 3749 2103.
520 3685 645 3751 Socius
671 3698 790 3751 autem
814 3686 908 3767 ejus,
933 3688 1108 3768 susceptis
1135 3687 1251 3750 sacris
1279 3687 1461 3752 ordinibus
1490 3688 1559 3751 hac

323 3790 620 3872 QuadragesIma,
638 3794 803 3857 secundis
818 3793 979 3857 Paschae
994 3794 1103 3871 feriiS,
1124 3794 1238 3857 divini
1260 3792 1426 3858 sacrificii
1440 3794 1561 3873 primi-

324 3900 395 3962 tias
410 3899 488 3963 Deo
504 3900 641 3965 obtulit.
1529 3904 1541 3926 '

385 4004 478 4070 2104.
521 4007 681 4071 Recessit
697 4017 815 4073 autem
829 4008 867 4072 P.
884 4008 1127 4089 Hieronymus
1141 4009 1288 4073 Bassius
1307 4010 1352 4073 ab
1366 4009 1558 4073 isiodoren-

320 4113 415 4176 sium
432 4113 590 4191 civitate,
606 4132 678 4179 non
693 4115 859 4181 admissis
878 4115 1099 4193 muneribus,
1128 4132 1219 4196 quae
1239 4116 1288 4179 illi
1308 4115 1557 4194 offerebantur,

324 4229 371 4296 et,
389 4218 566 4300 fragranti
582 4222 773 4286 admodum
788 4220 976 4287 Societatis
988 4222 1082 4286 bono
1094 4222 1203 4287 odore
1216 4223 1251 4286 in
1264 4240 1306 4286 ea
1318 4223 1406 4286 urbe
1421 4223 1558 4298 relict0,

323 4325 588 4391 Claromontem
603 4329 723 4409 rediit,
740 4330 1004 4394 xenodochium
1022 4347 1088 4393 suo
1108 4346 1208 4394 more
1232 4329 1556 4393 administraturus.

365 4568 375 4602 ¹
403 4569 524 4616 Litterae
536 4572 766 4625 Qnudrt'meslrcs.
778 4579 796 4617 t.
807 4584 843 4625 tv,
854 4584 913 4628 pag.
924 4572 995 4625 4041,
1006 4580 1033 4615 et
1044 4575 1101 4617 loca
1111 4584 1177 4627 quac
1188 4573 1222 4616 ibi
1234 4572 1389 4616 iudicantur.
