3642 5350
592 1071 655 1156 DE
696 1069 847 1154 REBUS
884 1067 1333 1152 UNIVERSALIORIBUS

877 1327 923 1373 AC
937 1327 1042 1372 PRIMO

511 1525 574 1590 DE
593 1521 883 1590 MISSIONIBUS
903 1522 937 1587 A
959 1523 998 1586 P.
1025 1523 1220 1589 IGNATIO
1243 1520 1410 1588 FACTlS

386 1873 436 1938 36.
480 1873 683 1938 Renovavit
714 1871 783 1935 hoc
812 1889 906 1935 anno
935 1870 974 1934 P.
1001 1869 1163 1950 ignatius
1197 1871 1380 1935 decretum
1413 1871 1497 1934 illud
1531 1871 1576 1934 dc

348 1983 470 2062 lingua
485 1979 560 2060 ejus
574 1980 791 2061 provinciae,
809 1979 845 2042 in
860 1995 930 2059 qua
944 1978 1093 2058 quisque
1107 1987 1324 2056 versaretur,
1346 1977 1572 2050 addiscenda.

346 2089 395 2154 nd
409 2089 574 2153 unionem
588 2098 748 2150 mutuam
768 2095 803 2149 et
822 2085 1109 2149 benevolentiam
1132 2084 1296 2148 conferre
1318 2086 1526 2149 existimans
1546 2087 1575 2148 si

348 2195 473 2260 eodem
489 2195 656 2258 idiomate
671 2209 794 2256 omnes
808 2201 1008 2270 uterentur;
1025 2198 1060 2253 et
1074 2189 1210 2255 Romae
1229 2191 1383 2272 quotidie
1400 2208 1577 2270 gramma-

347 2305 441 2368 ticae
455 2301 561 2365 italae
576 2301 764 2363 lectionem
783 2299 941 2378 praelegi
952 2296 1056 2377 jussit
1072 2296 1093 2358 ¹.

410 2409 460 2474 37.
504 2407 558 2471 De
574 2407 752 2471 exercitiis
768 2405 874 2468 etiam
891 2405 1133 2485 spiritualibus
1149 2405 1389 2486 proponendis
1409 2404 1453 2468 ad
1471 2405 1576 2485 pluri·

349 2535 408 2582 ma
422 2517 499 2581 loca
516 2517 689 2595 seriptum
706 2522 771 2592 est,
788 2529 899 2594 usque
920 2511 965 2576 ad
988 2513 1141 2592 primam
1166 2513 1423 2576 hebdomadam
1443 2523 1477 2575 et
1497 2529 1578 2574 con·

350 2624 540 2691 sessionem
553 2622 758 2703 generalem
773 2627 811 2684 ut
827 2616 1028 2700 conjugatis
1049 2619 1157 2683 etiam
1177 2619 1377 2683 hominibus
1397 2619 1578 2700 utriusque

348 2748 457 2795 sexus
477 2737 770 2810 proponerentur,
789 2736 823 2790 et
849 2737 887 2790 ut
914 2726 1060 2790 ulterius
1086 2744 1167 2790 cum
1188 2727 1319 2789 nostris
1335 2726 1372 2789 hi
1390 2725 1577 2807 progrede-

350 2845 484 2915 rentur,
501 2836 562 2917 qui
576 2834 621 2899 ad
636 2833 833 2915 profectum
849 2831 1030 2914 maj0rem,
1046 2843 1081 2896 et
1094 2834 1284 2914 praecipue
1300 2832 1345 2896 ad
1357 2842 1486 2896 statum
1503 2850 1577 2913 per·

349 2943 525 3021 sectionis,
543 2941 660 3005 idonei
674 2941 880 3005 viderentur
893 2938 916 3003 ¹.
1084 3014 1091 3025 ι

410 3049 461 3113 38.
503 3048 701 3133 Jubilaeum
717 3048 835 3127 etiam,
853 3066 873 3109 a
888 3045 999 3111 Paulo
1023 3046 1074 3111 IV
1098 3065 1163 3128 pro
1186 3065 1274 3128 paee
1296 3048 1387 3110 inter
1402 3048 1581 3127 principes

351 3157 567 3222 christianos
583 3172 803 3233 concessum,
821 3153 866 3218 ad
881 3155 984 3218 varia
999 3156 1077 3217 loca
1092 3155 1238 3219 missum
1253 3163 1306 3217 est
1322 3152 1344 3212 ³.

411 3262 462 3327 39.
508 3262 596 3327 Cum
608 3262 645 3326 P.
660 3262 880 3327 Ludovieum
893 3262 1071 3326 Gonzalez
1086 3263 1123 3325 in
1138 3260 1394 3341 Portugaiiiam
1407 3263 1557 3325 misisset
1569 3258 1582 3290 ⁸

351 3370 390 3435 P.
407 3370 577 3451 ignatius
594 3369 742 3432 liberum
761 3369 793 3432 ei
816 3368 956 3449 reliquit
976 3386 1020 3432 an
1042 3369 1106 3430 sub
1123 3368 1323 3431 obedientia
1337 3366 1376 3431 P.
1398 3368 1581 3431 Francisci

350 3476 595 3543 Commissarii
621 3492 699 3539 esse
724 3476 830 3538 vellet
856 3492 980 3554 necne;
1000 3492 1081 3538 cum
1107 3475 1200 3537 enim
1220 3474 1442 3538 Coliateralis
1466 3474 1582 3537 sactus

270 3666 276 3681 Ι
351 3595 447 3649 esset
466 3583 701 3647 Provincialis
720 3581 976 3662 Portugailiae,
997 3580 1072 3662 ejus
1096 3582 1314 3646 obedientiae
1335 3600 1405 3645 non
1425 3580 1581 3661 subjace-

394 3828 403 3861 Ι
432 3826 500 3872 Vide
518 3826 613 3885 §artas
628 3826 660 3869 de
676 3825 730 3868 San
742 3824 860 3877 Ignacio,
872 3832 889 3868 t.
900 3836 937 3877 vr,
952 3836 1012 3879 pag.
1028 3824 1206 3878 139‚n.tt‚uoi
1221 3823 1307 3867 editur
1321 3824 1455 3877 exemplar
1466 3822 1581 3867 italicum

351 3902 489 3955 epistolae,
500 3898 573 3953 euius
584 3896 781 3941 translationem
796 3896 957 3951 hispanicam
972 3896 1087 3940 invenies
1102 3896 1146 3951 ibi,
1161 3906 1221 3950 paz.
1231 3895 1267 3940 st.
1277 3894 1347 3939 Dicit
1358 3904 1445 3939 nutem
1457 3896 1583 3939 Poiancus

356 3974 515 4015 renovatum
525 3970 573 4013 hoe
584 3980 650 4012 anno
661 3968 793 4011 decretum
809 3968 839 4011 de
851 3968 941 4021 lingua
950 3968 1092 4011 vernacula
1107 3967 1284 4021 perdiscenda,
1297 3966 1358 4021 quia
1365 3967 1420 4022 iam
1431 3968 1455 4011 id
1466 3980 1533 4012 anno
1543 3982 1584 4012 su·

354 4042 458 4097 periore
469 4041 555 4086 luerat
563 4040 717 4096 “injunctum
728 4038 755 4081 P.
766 4038 860 4092 ignatii
872 4040 997 4093 nomine„
1006 4038 1074 4082 Vide
1083 4049 1172 4093 supra,
1183 4044 1201 4082 t.
1210 4052 1236 4093 v,
1245 4048 1304 4092 pag.
1316 4037 1350 4091 ⁴9,
1361 4050 1385 4081 n.
1396 4038 1430 4081 98.

395 4114 406 4141 ¹¹
433 4111 500 4156 Vide
512 4111 659 4157 lsruuzrosa
670 4122 717 4167 per
728 4112 745 4154 il
757 4110 872 4163 Collegio
888 4110 913 4153 di
927 4110 1021 4165 Pragn.
1033 4110 1128 4153 Curias
1142 4111 1175 4155 de
1187 4112 1242 4153 San
1254 4110 1371 4163 ignatio.
1384 4116 1403 4154 t.
1419 4122 1453 4160 vr,
1466 4123 1524 4163 pan
1535 4110 1584 4157 516.

353 4192 381 4229 et
396 4184 529 4239 hispanice
545 4194 604 4238 pag.
618 4183 665 4236 ¹⁴⁰3
676 4189 701 4227 et
716 4182 879 4225 Iusrauzrosu
893 4184 935 4235 pei
950 4182 1067 4237 collegio
1082 4184 1129 4226 cue
1141 4182 1163 4226 sl
1174 4183 1267 4227 manda
1282 4182 1315 4226 ad
1326 4182 1493 4235 ingolstadio.
1505 4190 1585 4236 opere

355 4259 446 4307 citato,
463 4266 524 4309 pag.
538 4254 586 4309 508,
602 4255 622 4311 t,
638 4255 771 4309 hispanice
786 4265 846 4309 pag.
860 4253 1036 4307 era-Quibus
1047 4254 1263 4298 Instructiouibus
1275 4255 1330 4308 jam
1348 4253 1448 4307 pridem
1465 4266 1583 4308 praeces·

352 4334 444 4373 serant
453 4326 559 4370 litterae
570 4336 603 4369 ex
613 4327 731 4370 cornmis.
742 4325 790 4370 Sti.
804 4325 909 4380 ignatii,
925 4327 1002 4370 datae
1015 4326 1040 4369 ts
1054 4326 1122 4379 Juuii
1138 4326 1190 4370 lost
1204 4326 1238 4369 ad
1254 4324 1403 4370 universam
1418 4324 1576 4369 Societatem

355 4400 452 4445 Curias
462 4398 495 4441 de
506 4396 561 4440 San
572 4396 690 4450 Ignacio,
702 4404 720 4441 t.
732 4408 767 4451 tv,
779 4409 839 4452 pag.
849 4398 890 4441 too
899 4403 926 4441 et
937 4398 984 4442 199.

396 4472 408 4505 ⁸
435 4469 518 4525 Hujus
529 4469 642 4523 iubilaet,
654 4480 698 4513 seu
709 4470 894 4524 indulgentiae,
905 4482 922 4514 a
932 4470 1011 4514 Paulo
1021 4469 1059 4515 1v
1069 4480 1115 4525 pro
1124 4470 1263 4515 obtinenda
1272 4480 1337 4524 pace
1345 4469 1470 4522 concessi,
1479 4479 1528 4511 non
1536 4468 1584 4509 iroe

354 4555 424 4589 anno
434 4542 488 4588 luto
498 4540 614 4585 meminit
624 4540 769 4595 Rausncnr,
782 4544 798 4586 l.
807 4554 838 4594 e..
848 4543 894 4586 sed
904 4544 1031 4597 sequenti,
1042 4554 1067 4586 n.
1077 4552 1160 4586 xxvrr.

397 4618 409 4651 ⁴
435 4614 531 4671 “liuius
546 4614 620 4659 initio
634 4615 694 4658 anui
709 4614 811 4659 Natalis
825 4623 851 4659 et
865 4614 1013 4659 Ludovicus
1030 4614 1183 4659 Consalvius
1198 4614 1224 4659 ln
1236 4614 1389 4669 Hispaniam
1403 4611 1585 4667 navigarum„

355 4688 509 4741 Oataunmr,
522 4684 625 4730 Histor.
634 4686 699 4739 Soc„
709 4698 733 4742 p.
744 4698 761 4742 r,
772 4688 808 4731 lib
829 4698 882 4741 xer,
893 4699 918 4732 n.
929 4688 962 4731 38.
