3642 5350
340 398 377 459 94
788 398 919 459 Cilicon.
944 398 1021 458 Soc.
1046 398 1117 473 Jns.

342 554 461 609 menta
476 546 657 624 accedere,
675 545 864 609 conciones
880 544 1015 615 audire.
1031 553 1066 607 et
1080 543 1223 625 pietatis
1243 544 1407 625 operibus
1430 562 1567 609 vacare

341 661 544 733 coeperunt.

400 758 471 822 317.
514 759 686 839 Quamvis
702 760 812 823 multa
826 758 954 836 forent,
977 772 1067 840 quae
1090 758 1158 821 hoc
1179 775 1272 821 anno
1293 760 1565 839 peregrinorum

340 866 575 947 frequentiam
600 866 645 931 ad
669 883 811 930 sacram
833 861 988 930 Domu'm
1012 864 1252 929 Lauretanam
1277 865 1500 945 impedirent,
1527 877 1567 930 ut

341 973 499 1037 continui
520 974 690 1037 bellorum
714 973 894 1050 tumultus,
926 972 1145 1052 pestilentiae
1168 972 1369 1053 grassantis
1396 970 1562 1050 formido,

341 1098 503 1145 annonae
528 1096 659 1159 magna
686 1080 883 1159 difficultas,
907 1079 1049 1144 fuerunt
1080 1080 1194 1142 nostri
1216 1079 1421 1143 sacerdotes
1442 1080 1567 1143 nihilo·

340 1187 456 1251 minus
471 1190 507 1250 in
522 1188 634 1251 solitis
646 1186 959 1250 exercitationibus
974 1201 1191 1265 magnopere
1206 1187 1381 1268 occupati;
1397 1187 1457 1267 qui
1472 1187 1567 1249 enim

339 1294 528 1358 veniebant
543 1312 587 1357 ex
602 1294 846 1358 remotissimis
861 1293 961 1371 locis,
982 1310 1053 1356 non
1068 1294 1144 1356 sine
1156 1304 1325 1357 accurata
1336 1304 1567 1373 peccatorum

340 1400 560 1464 confessione
584 1400 658 1464 fere
683 1400 855 1478 redibant,
881 1418 949 1463 nec
972 1400 1066 1464 enim
1091 1400 1205 1463 solum
1229 1416 1293 1480 per
1317 1399 1472 1478 Italiam,
1500 1400 1565 1463 sed

340 1508 446 1583 etiam
470 1524 533 1588 per
558 1508 646 1570 alias
671 1507 878 1571 remotiores
898 1506 1062 1569 nationes
1081 1505 1229 1585 Collegii
1253 1506 1445 1570 Lauretani
1467 1506 1565 1569 fama

337 1622 557 1695 pervaserat,
571 1622 607 1677 et
617 1614 717 1705 multi
729 1612 833 1695 hujus
849 1614 1020 1677 novitatis
1031 1611 1206 1676 videndae
1218 1612 1334 1676 studio
1345 1612 1390 1675 ad
1401 1623 1566 1678 sanctam

340 1719 492 1784 Domum
505 1719 745 1784 Lauretanam
760 1730 948 1784 venerunt.

399 1826 469 1890 318.
515 1827 634 1908 Aliqui
650 1828 757 1891 etiam
777 1828 955 1908 principes
970 1828 1050 1906 viri,
1067 1838 1255 1908 postquam
1275 1827 1455 1891 devotioni
1476 1844 1564 1891 suae

340 1933 524 1998 invisenda
550 1932 681 1997 Sancta
703 1933 818 1997 Domo
832 1933 1091 2014 satisfecerant,
1113 1934 1159 1997 ad
1181 1933 1378 2013 Collegium
1403 1944 1565 1998 nostrum

339 2040 563 2104 invisendum
577 2051 612 2105 et
626 2051 768 2104 nostros
783 2049 943 2105 amanter
958 2041 1165 2105 salutandos
1184 2058 1265 2104 cum
1280 2057 1411 2120 magna
1425 2041 1564 2104 intuen-

340 2148 427 2211 tium
442 2147 699 2226 aedificatione,
721 2148 829 2211 immo
849 2157 884 2211 et
904 2148 1139 2211 admiratione
1158 2148 1359 2211 veniebant.
1385 2145 1480 2211 Inter
1499 2148 1567 2211 hos

339 2254 404 2317 fuit
423 2252 622 2319 Cardinalis
637 2253 870 2333 Augustanus
884 2252 906 2332 ¹,
928 2255 1000 2335 qui,
1021 2271 1102 2318 curn
1122 2254 1167 2317 ad
1187 2263 1350 2334 paratam
1365 2254 1431 2317 sibi
1446 2254 1567 2318 sedern

339 2360 376 2425 in
391 2370 514 2431 sancto
530 2362 672 2439 sacello,
689 2360 804 2439 idest,
822 2361 982 2425 cubiculo
997 2361 1071 2424 Bae
1082 2359 1244 2441 Virginis
1264 2362 1509 2440 deduceretur,
1527 2374 1566 2425 ut

340 2468 387 2531 ibi
411 2468 534 2532 laudes
558 2468 670 2548 ipsius
695 2467 769 2530 Bae
798 2467 959 2547 Virginis
987 2467 1226 2532 concinendas
1254 2468 1409 2547 audiret,
1439 2470 1565 2533 sellam

338 2592 448 2656 prope
472 2584 624 2653 nostros,
652 2574 711 2655 qui
737 2582 837 2637 erant
862 2575 897 2637 in
922 2574 1097 2638 vestibulo
1122 2573 1237 2636 sancti
1262 2574 1429 2651 cubiculi,
1456 2574 1561 2654 jussit

339 2682 536 2762 transferri,
557 2692 591 2746 et
611 2681 863 2746 humanissime
884 2692 1026 2746 nostros
1051 2683 1234 2762 appellans
1253 2690 1292 2745 ut
1315 2680 1445 2744 fratres
1466 2697 1563 2757 suoS,

340 2799 558 2870 quantopere
573 2807 634 2852 eos
646 2788 809 2868 diligeret
824 2805 909 2868 prae
924 2805 962 2852 se
976 2789 1072 2851 clare
1089 2788 1234 2867 ferebat;
1255 2796 1291 2851 et
1304 2787 1474 2868 postridie
1489 2804 1564 2850 rem

340 2896 496 2960 divinam
511 2896 658 2974 faciens,
675 2912 739 2958 sua
755 2912 861 2958 manu
878 2894 1042 2959 omnibus
1062 2895 1194 2958 nostris
1214 2894 1476 2958 sanctissimam
1494 2893 1565 2958 Eu·

339 3002 545 3067 charistiam
559 3002 846 3080 communicavit,
863 3012 898 3065 et
921 3001 1010 3065 duas
1028 3011 1233 3065 nostrorum
1254 3002 1455 3080 conciones,
1477 3003 1563 3064 alte·

339 3127 416 3173 ram
441 3111 474 3172 in
506 3111 635 3189 templo
660 3127 681 3170 a
706 3109 968 3186 concionatore,
1001 3109 1150 3171 alteram
1174 3109 1266 3171 inter
1293 3107 1514 3172 coenandum
1542 3125 1564 3169 a

339 3216 561 3279 scholasticis
583 3216 704 3279 audire
725 3215 846 3279 voluit.
869 3215 914 3277 Et
935 3216 1024 3278 haec
1042 3215 1217 3295 posterior
1236 3215 1289 3278 sic
1313 3212 1390 3294 ejus
1404 3215 1562 3279 animum

339 3323 543 3401 commovit,
564 3333 601 3385 ut
622 3321 742 3386 effusis
766 3322 936 3402 lacrymis
957 3338 1042 3401 prae
1066 3322 1200 3384 laetitia
1219 3319 1387 3385 Societati
1414 3322 1564 3385 coelitus

339 3430 557 3511 impartitum
572 3429 734 3509 spiritum
748 3429 854 3492 etiam
870 3429 905 3491 in
918 3437 1039 3492 tenero
1054 3428 1197 3509 palmite
1217 3429 1420 3492 miraretur.

398 3536 469 3600 319.
513 3535 591 3615 Quo
607 3546 724 3599 autem
737 3535 794 3598 die
809 3553 1014 3599 recessurus
1029 3543 1117 3612 erat,
1131 3551 1234 3598 mane
1249 3534 1438 3599 admodum
1450 3535 1487 3599 in
1502 3535 1563 3600 do-

339 3644 486 3708 mestico
509 3652 632 3707 nostro
650 3643 780 3706 sacello
800 3641 1097 3706 communissimis
1116 3650 1319 3705 nostrorum
1333 3642 1560 3706 sacerdotum

340 3751 560 3814 vestimentis
579 3757 613 3812 et
632 3749 753 3825 calice,
775 3757 1022 3829 paupertatem
1041 3748 1134 3811 hanc
1155 3748 1228 3810 suis
1243 3750 1351 3812 multo
1375 3748 1565 3811 ornatiori·

338 3858 404 3920 bus
418 3855 630 3920 indumentis
646 3852 861 3938 praeferens,
879 3871 955 3918 rem
974 3855 1132 3918 divinam
1152 3854 1272 3918 facere
1286 3855 1411 3934 voluit;
1432 3864 1467 3918 et
1488 3855 1566 3936 qui·

338 3963 488 4027 busdam
502 3963 536 4026 ei
549 3961 707 4024 recitatis
726 3961 899 4040 versibuS,
918 3977 1048 4040 magna
1069 3961 1204 4025 laetitia
1224 3962 1333 4025 animi
1347 3961 1511 4042 perfusus
1528 3971 1565 4024 et

339 4087 462 4133 omnes
477 4077 623 4150 paterne
639 4069 824 4147 amplexus
839 4068 1013 4132 discessit.

399 4174 470 4240 320,
513 4174 646 4239 Similia
660 4174 846 4238 charitatis
859 4184 894 4238 et
904 4174 1135 4238 humanitatis
1143 4176 1247 4255 signa
1258 4174 1459 4240 Cardinalis
1471 4174 1567 4238 Dan·

340 4282 443 4346 dinus
467 4283 479 4317 ¹
503 4291 625 4345 nostro
652 4280 811 4360 Collegio
839 4281 1006 4345 exhibuit.
1033 4281 1144 4346 Ducis
1170 4282 1296 4346 Urbini
1325 4281 1457 4362 conjux
1486 4297 1567 4343 cum

339 4389 475 4452 duabus
489 4387 569 4451 filiis
584 4387 765 4467 religionis
776 4388 893 4468 gratia
906 4389 952 4453 ad
962 4387 1131 4452 Sanctam
1143 4388 1297 4452 Domum
1311 4389 1468 4467 venienS,
1482 4403 1564 4451 cum

381 4557 387 4589 ¹
418 4555 479 4601 Otto
490 4557 643 4600 Trutchscss
654 4557 685 4599 de
695 4555 850 4610 waldburg,
859 4557 889 4600 dc
900 4568 949 4612 quo
958 4557 1107 4611 saepissime
1119 4557 1145 4601 in
1155 4559 1204 4602 hoc
1215 4559 1349 4604 Chronico·

379 4629 390 4660 ²
418 4629 484 4672 Vide
497 4625 618 4671 Li¹ferae
630 4627 858 4680 Qttarirtttrcslres,
869 4634 886 4671 t.
899 4639 1004 4683 πικρᾶς.
1014 4629 1062 4683 58⁴2,
1073 4635 1160 4674 annot.
1174 4632 1192 4673 Ι.
