3642 5350
360 416 413 479 toa
819 414 947 479 Caaort.
966 413 1044 477 Soc.
1065 415 1135 489 Jns.

358 558 541 648 bos[esse]
557 564 676 630 inillis
694 562 926 644 collegiorum
943 562 1145 645 primordiis
1165 562 1351 642 sentiebat,
1367 563 1429 644 qui
1445 563 1588 644 peritio-

357 689 437 737 rum
451 672 678 750 medicorum,
695 688 801 753 quam
815 670 890 752 ipse
904 679 1011 749 esset,
1027 668 1239 735 industriam
1255 671 1489 751 requirerent.

419 779 508 844 1719.
549 779 588 844 In
603 780 720 859 specie
735 788 854 843 autem
869 777 1011 857 attingit
1025 777 1073 841 ad
1086 775 1266 859 Pragense
1279 788 1315 842 et
1328 776 1584 857 ingolstadien-

356 904 395 952 se
406 887 612 969 Collegium,
627 886 661 950 in
672 895 822 968 utroque
833 886 976 950 homine
986 872 1279 967 promovendum,
1292 883 1453 950 conferre
1464 902 1582 967 posse,

346 997 386 1060 ¹si
401 994 573 1061 Rectores
587 994 722 1059 illinon
737 994 786 1058 ita
805 993 936 1073 ligatas
958 1010 1084 1058 manus
1102 993 1284 1073 haberent,
1301 1002 1340 1057 ut
1358 994 1447 1057 nihil
1461 993 1498 1057 in
1512 995 1581 1059 col·

354 1104 519 1169 laterales
533 1111 568 1167 et
586 1110 829 1185 superstantes
847 1118 953 1182 posse
967 1099 1167 1165 videantur.
1188 1100 1349 1165 Docebat
1368 1102 1463 1165 enim
1477 1120 1582 1184 expe·

352 1210 480 1278 rientia
499 1206 699 1290 hujusmodi
718 1208 988 1290 exceptionibus
1009 1206 1202 1273 Rectorum
1222 1224 1350 1273 munus
1363 1225 1436 1272 non
1455 1226 1582 1289 pamm

352 1316 526 1399 impediri;
541 1326 577 1381 et
596 1316 686 1392 illos
707 1315 767 1397 qui
787 1314 872 1380 talia
891 1314 1080 1397 privilegia
1099 1314 1282 1389 haberent,
1304 1314 1508 1397 frequenter
1528 1316 1582 1381 eis

352 1424 460 1506 abuti,
481 1435 516 1489 et
535 1424 624 1503 aliiS,
641 1421 688 1489 ad
706 1423 951 1488 contentiones
964 1422 1149 1502 fovendas,
1165 1439 1290 1487 eorum
1303 1424 1466 1505 exemplo
1486 1417 1582 1489 iene-

351 1542 446 1599 stras
460 1532 604 1615 aperiri.
1018 1592 1022 1599 .

413 1639 500 1705 1720.
544 1638 682 1719 Pragae
716 1636 856 1720 quidem
890 1638 980 1704 haec
1013 1637 1192 1703 scribendi
1225 1638 1452 1714 occasionem
1485 1637 1580 1703 dedit

349 1748 413 1814 Dr.
430 1748 558 1829 Tiglia,
574 1748 633 1829 qui
647 1749 712 1811 sub
727 1747 795 1812 hoc
811 1756 1009 1827 praetextu,
1021 1745 1116 1828 quod
1128 1745 1410 1810 valetudinarius
1420 1746 1478 1823 sit,
1490 1746 1578 1810 nihil

349 1876 421 1923 non
439 1855 616 1937 indulgeri
634 1855 777 1920 volebat
797 1854 874 1935 sibi,
890 1862 927 1918 et
945 1854 1116 1936 querendi
1133 1852 1240 1919 finem
1262 1870 1333 1918 non
1354 1852 1521 1934 iaciebat,
1538 1863 1576 1918 ut

348 1982 420 2030 non
434 1964 629 2029 tolerabilis
643 1980 722 2027 esse
737 1962 930 2027 videretur.
1293 2018 1302 2033 ‚

351 2120 354 2123 .
411 2071 499 2137 1721.
542 2070 751 2151 ingolstadii
778 2069 885 2134 etiam
909 2068 974 2133 Dr.
1000 2068 1246 2150 Coviglionius
1270 2079 1306 2133 et
1330 2069 1574 2149 Academiam,

347 2179 573 2246 mordacibus
587 2177 797 2261 quibusdam
818 2176 1164 2258 reprehensionibus,
1180 2185 1215 2240 et
1236 2178 1272 2240 in
1294 2175 1452 2257 collegio
1474 2193 1575 2242 suum

348 2283 1253 2367 Rectorem,importunispostulationibusetlitibus,
1266 2301 1576 2365 nonparumcom·

346 2396 524 2460 movebat.
546 2394 591 2459 Et
614 2392 730 2473 Tiglia
755 2391 898 2472 quidem
920 2390 1110 2472 aliquando
1132 2392 1320 2455 lectionem
1339 2391 1454 2471 ipsam
1467 2392 1576 2457 iuter·

346 2503 451 2579 misit;
473 2500 718 2581 Covigliouius
737 2508 918 2563 autemse
936 2515 1007 2562 non
1029 2514 1134 2579 posse
1155 2499 1322 2580 prosequi
1341 2499 1524 2575 lectiones,
1539 2507 1576 2563 et

345 2620 384 2677 ut
398 2610 506 2676 alium
520 2608 712 2675 firmiorem
731 2608 901 2671 lectorem
921 2614 1071 2687 peteret,
1086 2604 1201 2670 Roma
1215 2606 1262 2671 ad
1276 2624 1315 2671 se
1335 2606 1427 2671 mitti
1446 2622 1574 2688 sugge-

344 2718 458 2783 rebat.

408 2825 495 2891 1722.
539 2824 713 2905 Quamvis
731 2839 822 2889 unus
840 2839 886 2886 ex
905 2820 1108 2901 Fratribus,
1130 2821 1242 2886 lector
1260 2832 1295 2886 et
1315 2824 1466 2905 scriptor
1486 2828 1573 2890 assi-

343 2935 443 3013 duuS,
459 2935 529 3017 ipsi
542 2934 646 2998 datus
660 2941 725 3012 est,
741 2941 775 2996 et
789 2940 870 3012 post
884 2931 1071 2995 lectionem
1090 2945 1154 3010 per
1168 2947 1314 3011 campos
1328 2933 1477 3013 spatiari
1490 2951 1572 3000 cum

342 3041 469 3106 Fratre
484 3057 546 3124 per
560 3041 695 3122 aliquot
708 3039 818 3104 horas
831 3046 982 3120 poterat.
1002 3037 1047 3102 Et
1062 3038 1098 3102 in
1120 3037 1337 3103 comedendo
1357 3048 1465 3122 atque
1479 3042 1570 3123 aliis,

342 3148 557 3213 debilitatem
571 3164 657 3228 prae
671 3163 709 3210 se
723 3162 795 3210 nou
808 3144 956 3225 ferebat;
971 3154 1006 3208 et
1016 3147 1097 3226 plus
1107 3146 1242 3226 negotii
1255 3148 1354 3212 solus
1364 3148 1414 3212 iili
1428 3147 1572 3215 Rectori

340 3254 540 3334 exhibebat,
557 3261 595 3318 ut
609 3253 685 3334 ipse
699 3251 833 3332 scribit,
851 3268 957 3333 quam
971 3269 1094 3318 omnes
1108 3255 1178 3319 alii.

402 3359 490 3426 1723.
534 3355 859 3441 ReceperatseD.¹¹
872 3358 1090 3442 Hermanno,
1098 3370 1138 3427 ut
1147 3363 1264 3428 minus
1272 3365 1480 3446 exercitato,
1491 3366 1569 3431 sub·

338 3470 419 3535 sidii
444 3467 576 3550 aliquid
600 3465 802 3545 allaturum
824 3465 887 3530 sed
906 3476 989 3548 post
1007 3485 1141 3550 paucos
1160 3470 1247 3552 dies,
1275 3471 1344 3537 hoc
1366 3473 1434 3537 sibi
1455 3473 1568 3538 morbi

338 3595 485 3644 causam
499 3593 578 3641 esse
593 3573 720 3656 ajebat.

400 3683 487 3750 1724.
530 3682 636 3749 Domi
647 3682 770 3748 diebus
780 3684 923 3748 veneris
937 3684 1112 3749 obtulerat
1123 3701 1162 3749 se
1176 3686 1468 3753 concionaturum
1482 3687 1567 3753 Fra-

336 3792 458 3872 tribus,
474 3799 509 3855 et
524 3789 648 3854 diebus
661 3788 761 3853 festis
780 3788 982 3855 alternatim
1001 3808 1082 3857 cum
1096 3792 1134 3856 P.
1156 3792 1343 3858 Theodoro
1362 3797 1471 3861 latine
1485 3814 1566 3862 con·

335 3902 557 3965 cionaturum
583 3905 782 3978 receperat;
803 3897 867 3962 sed
889 3898 992 3963 brevi
1014 3909 1203 3980 utrumque
1225 3903 1373 3982 negavit
1397 3918 1437 3968 se
1461 3921 1566 3985 posse

335 4007 557 4085 continuare,
581 4012 616 4068 et
637 4004 788 4084 urgebat
811 4004 1010 4086 Rectorem,
1031 4015 1070 4070 ut
1094 4007 1232 4073 Ducem
1256 4009 1506 4091 alloqueretur,
1526 4021 1565 4077 ut

335 4116 514 4191 nonnulla,
531 4129 622 4194 quae
641 4111 800 4192 deerant,
824 4114 1004 4194 provideri
1022 4113 1171 4195 juberet.
1188 4115 1294 4196 Quod
1314 4126 1434 4183 tamen
1457 4136 1566 4200 nego·

333 4225 422 4289 tium
435 4219 635 4302 urgendum
649 4235 721 4283 non
735 4229 825 4292 erat.
841 4237 924 4285 cum
941 4221 1152 4302 quibusdam
1172 4223 1346 4289 ministris
1360 4223 1472 4292 Ducis
1487 4228 1565 4309 plus

334 4329 422 4395 satis
436 4327 609 4393 sollicitos
622 4325 732 4390 tuisse
747 4335 892 4392 nostros
906 4346 949 4392 ea
965 4329 1002 4392 in
1016 4346 1055 4393 re
1071 4330 1263 4396 videretur.

396 4435 484 4502 1725.
527 4432 585 4499 Sic
610 4432 788 4498 interdum
812 4451 850 4498 se
877 4436 1038 4515 gerebat,
1067 4446 1106 4501 ut
1134 4436 1331 4504 Ratisbona
1358 4443 1563 4508 evocandus

333 4545 437 4611 fuerit
453 4543 492 4609 Ρ.
508 4540 684 4620 CanisiuS,
701 4541 759 4605 cui
771 4545 792 4621 ¹,
806 4556 887 4606 cum
898 4543 1055 4608 venisset
1066 4543 1335 4626 Ingolstadium,
1347 4559 1470 4631 aperte
1481 4553 1564 4618 con·

334 4649 545 4664 —..-·——

372 4683 381 4714 ¹
410 4677 456 4724 Mn.
467 4677 522 4732 qui.
