3642 5350
337 392 393 455 408
796 392 925 457 Canon.
945 390 1023 453 Soc.
1043 391 1112 467 Jns.

401 538 488 603 1751.
531 538 713 623 Jodochus
728 548 848 604 noster
868 538 992 603 diebus
1006 538 1145 602 sabbati
1159 537 1415 602 catechismum
1438 552 1568 617 pueros

338 646 498 727 docebat,
520 655 555 711 et
569 646 755 711 dominicis
770 646 893 711 diebus
907 646 1146 738 evangelium,
1163 662 1261 710 more
1280 643 1567 725 germanicarum

338 753 554 834 scholarum,
571 753 703 819 eisdem
719 754 933 835 explicabat3
948 762 984 817 et
994 753 1199 817 neccssaria
1210 768 1357 834 prorsus
1368 752 1457 821 haec
1471 750 1566 815 insti·

338 862 428 927 tutio
444 871 540 943 erat,
561 880 643 927 cum
663 863 858 943 accideret,
881 871 918 925 ut
939 862 1120 943 parochus
1138 860 1309 925 ecclesiae
1329 859 1416 923 satis
1435 857 1567 934 divitis,

338 969 399 1051 qui
413 966 652 1051 poenitentiae
673 980 706 1033 ct
726 970 972 1035 Eucharistiae
990 976 1214 1033 sacramenta
1230 967 1466 1046 ministrabat,
1487 982 1569 1030 exa·

337 1077 493 1141 minatus
507 1076 551 1141 de
566 1076 645 1142 fidei
660 1077 830 1155 articulis,
848 1094 911 1141 eos
926 1076 1064 1141 nescire
1078 1077 1245 1140 inventus
1258 1075 1321 1153 sit,
1337 1084 1373 1138 et
1392 1074 1472 1138 ideo
1487 1072 1571 1137 Dux

339 1183 520 1249 constituit
534 1194 573 1248 ut
588 1184 792 1264 collegiales
807 1184 856 1247 illi
870 1182 943 1263 sui,
960 1200 1049 1265 quos
1063 1183 1297 1265 stipendiatus
1310 1182 1475 1261 vocabat,
1491 1197 1570 1261 pro·

338 1290 516 1356 mitterent
531 1309 570 1355 se
581 1289 785 1355 sacerdotes
799 1288 949 1371 futuros,
965 1300 1001 1355 et
1015 1299 1218 1356 nostrorum
1234 1290 1367 1354 auxilio
1378 1289 1430 1353 sic
1445 1305 1507 1353 eos
1521 1288 1573 1356 in.

338 1396 534 1463 stituendos
559 1399 747 1480 sperabat,
774 1408 812 1462 ut
837 1399 987 1462 multum
1014 1398 1163 1462 subsidii
1190 1396 1370 1479 parochiis
1394 1395 1571 1460 Bavariae

339 1504 471 1571 adferri
493 1514 631 1588 posset,
659 1522 748 1587 quas
772 1502 994 1570 Secretarius
1023 1504 1032 1537 ¹
1060 1504 1154 1568 mille
1170 1514 1204 1568 et
1220 1513 1408 1569 sexcentas
1422 1520 1502 1569 esse
1521 1502 1570 1566 di·

234 1622 238 1631 “
338 1612 452 1677 cebat.
533 1660 536 1671 .

401 1718 489 1784 1752.
533 1718 735 1799 Religiosus
764 1719 907 1800 quidam
938 1721 1073 1785 ordinis
1098 1718 1160 1784 S.l¹
1185 1719 1365 1784 Dominici
1393 1727 1489 1796 erat,
1515 1718 1572 1785 vir.

339 1827 419 1909 pius
435 1844 478 1892 ac
494 1826 631 1907 doctus,
649 1842 752 1908 quern
769 1843 851 1890 cum
866 1836 1149 1907 percontaretur,
1166 1826 1250 1908 quid
1265 1826 1310 1891 de
1324 1825 1456 1891 nostris
1468 1824 1573 1889 senti·

303 2002 305 2006 ,
339 1943 405 2013 ret,
419 1934 509 1999 bene
524 1950 563 1997 se
578 1932 709 1997 sentire
730 1932 924 2015 respondit,
946 1932 1009 1997 sed
1030 1917 1191 2015 [addidit]
1211 1950 1292 1997 cum
1306 1931 1420 1998 nostri
1439 1932 1573 1996 tamdiu

339 2058 440 2107 snam
456 2040 680 2122 disciplinam
699 2049 984 2120 conservassent,
1007 2040 1174 2122 quamdiu
1196 2040 1411 2106 dominicani
1431 2046 1574 2105 conset·

340 2156 530 2229 vaverant,
546 2165 616 2211 non
632 2164 757 2228 parum
773 2146 943 2212 facturos.

402 2254 491 2320 1753.
534 2255 623 2320 Cum
638 2256 825 2336 impetrata
841 2256 890 2319 illi
904 2254 1028 2321 fuisset
1038 2255 1191 2320 facultas
1202 2274 1222 2319 a
1235 2254 1572 2331 SummoPontifice,
1641 2266 1646 2275 ·

341 2374 379 2430 ut
393 2365 506 2429 iturus
521 2362 567 2428 ad
581 2364 736 2440 comitia,
752 2362 911 2427 habitum
926 2363 981 2427 sui
996 2361 1131 2427 ordinis
1145 2380 1227 2428 curn
1239 2364 1396 2429 clericali
1407 2370 1571 2439 mutaret,

341 2490 384 2537 ea
399 2472 451 2537 uti
467 2470 634 2535 facultate
653 2468 775 2534 noluit.
798 2469 867 2534 Hic
887 2469 1110 2534 familiariter
1133 2456 1216 2535 cum'
1234 2473 1367 2535 nostris
1387 2470 1518 2551 agebat
1538 2480 1574 2533 et

343 2579 535 2645 amicitiam
550 2594 631 2643 cum
646 2577 698 2641 eis
711 2576 896 2642 retinebat.

406 2685 492 2752 1754.
536 2685 620 2750 Dux
634 2685 710 2766 ipse
724 2683 790 2750 fuit
803 2685 994 2767 aliquando
1007 2683 1233 2766 Ingolstadii,
1253 2686 1314 2751 ubi
1333 2686 1440 2750 etiam
1462 2685 1575 2751 Maxi·

343 2796 519 2872 milianuS,
535 2802 620 2859 tunc
638 2791 830 2857 Bohemiae
848 2791 936 2873 Rex,
958 2810 1038 2857 cum
1058 2791 1196 2873 Regina
1214 2793 1328 2858 Maria
1348 2812 1370 2858 a
1391 2802 1492 2875 patre
1511 2792 1575 2859 lm·

343 2911 508 2987 peratore
520 2898 594 2981 J'am
609 2899 760 2980 rediens,
777 2900 842 2964 sub
860 2899 955 2964 idem
974 2908 1113 2980 tempus
1133 2898 1291 2980 fuerant;
1311 2901 1375 2964 sed
1392 2917 1574 2982 nunquam

344 3009 532 3089 collegium
556 3015 718 3072 nostrum
743 3004 906 3071 'Ducem
926 3007 1060 3086 invisit;
1087 3023 1152 3070 nec
1167 3007 1261 3070 enim
1275 3007 1333 3070 ille
1354 3005 1390 3071 id
1408 3006 1575 3086 jusserat;

344 3128 379 3182 et
392 3133 457 3198 per
471 3132 555 3180 suos
569 3114 750 3178 ministros
765 3113 929 3178 libentius
944 3131 1051 3195 quam
1065 3131 1128 3194 per
1142 3123 1286 3179 nostros
1300 3113 1391 3194 (sic),
1412 3114 1448 3178 id
1469 3130 1577 3194 agere

345 3223 544 3289 videbatur.
562 3219 850 3285 Benevolentiam
865 3229 985 3285 tamen
1005 3220 1124 3286 multis
1143 3221 1256 3302 signis
1274 3237 1362 3302 erga
1381 3221 1578 3302 Collegium

345 3329 563 3398 ostendebat.

408 3436 495 3500 1755.
539 3436 785 3500 correctorem
799 3435 845 3500 ad
858 3453 989 3516 pueros
1003 3437 1235 3516 castigandos
1252 3455 1323 3501 non
1342 3436 1446 3502 facile
1465 3436 1580 3518 ingol-

345 3544 452 3610 stadii
467 3542 706 3620 inveniebant,
723 3551 758 3607 et
771 3542 839 3607 nisi
859 3542 1008 3625 alicujus
1027 3553 1121 3608 esset
1143 3545 1381 3622 auctoritatis,
1405 3556 1443 3609 ut
1462 3562 1576 3609 sacer·

345 3653 411 3718 dos
431 3653 488 3716 vel
508 3649 697 3730 religiosus
716 3648 905 3715 Societatis
926 3660 1087 3726 nostrae,
1108 3659 1275 3733 parentes
1293 3652 1455 3732 graviter
1474 3652 1581 3717 laturi

345 3760 572 3837 videbantur,
585 3766 624 3821 ut
640 3757 799 3838 ipsorum
814 3757 875 3822 filii
891 3759 936 3822 ab
951 3759 1002 3822 eis
1013 3760 1235 3839 vapularent.

409 3865 496 3930 1756.
540 3863 660 3944 Aliqui
676 3861 721 3926 ad
742 3865 914 3932 sacellum
932 3873 1109 3945 nostrum,
1133 3864 1331 3931 audiendae
1351 3866 1483 3931 Missae
1500 3882 1580 3947 gra·

345 3975 407 4051 tia,
424 3971 627 4050 veniebant,
642 3970 706 4035 sed
720 3971 806 4034 nulli
820 3978 881 4035 aut
896 3971 1000 4052 pauci
1014 3972 1060 4034 ad
1076 3973 1328 4052 confessiones,
1344 3982 1379 4037 et
1394 3974 1492 4038 locus
1505 3973 1581 4055 ipse

346 4096 471 4163 parum
491 4077 639 4142 idoneus
658 4086 754 4157 erat,
776 4094 857 4141 cum
876 4094 940 4158 per
960 4079 1129 4143 sacellum
1149 4080 1355 4144 scholastici
1375 4080 1421 4144 ad
1439 4080 1583 4145 scholas

346 4187 506 4269 publicas
522 4184 724 4249 transirent.
749 4184 850 4249 Muro
870 4183 1049 4265 confecto,
1070 4203 1156 4266 pars
1175 4188 1312 4265 sacelli,
1335 4189 1372 4252 in
1390 4205 1461 4268 qua
1480 4196 1582 4252 erant

347 4293 485 4370 altaria,
508 4311 527 4356 a
550 4292 702 4368 transitu
722 4291 783 4356 illo
804 4291 964 4373 seiuncta
988 4300 1077 4357 erat.
1103 4292 1243 4359 Chorus
1265 4295 1374 4360 etiam
1398 4293 1584 4362 confectus

346 4410 411 4479 est,
430 4418 475 4464 ex
491 4417 560 4481 quo
574 4399 687 4464 nostri
701 4396 850 4464 Sacrum
865 4399 989 4464 audire
1001 4410 1156 4481 possent.

388 4571 395 4604 Ι
424 4569 552 4615 llenrlcun
563 4568 727 4614 Schwellrart
737 4581 753 4614 a
763 4570 872 4615 seeretis
885 4569 948 4615 Ducl
960 4570 1100 4617 Bavariae.

387 4643 399 4676 ²
426 4640 542 4696 Scilicet,
552 4640 662 4696 Collegit
675 4642 784 4686 luceiae.
