3642 5350
341 388 394 449 160
798 386 927 449 Cnnorr.
948 384 1026 447 Soc.
1044 384 1115 459 Jns.

338 532 532 613 conficere,
566 550 638 597 non
672 532 831 613 permisit
854 532 1029 597 Dominus
1054 530 1264 610 Leonellns,
1290 536 1327 593 et
1350 528 1567 593 Florentiam

338 657 449 722 usqne
464 656 574 721 equos
588 640 756 721 providit.

396 746 466 811 588.
511 747 599 811 Cum
625 756 742 811 autem
763 748 799 811 in
818 748 971 828 quodam
990 746 1188 811 diversorio
1208 745 1353 827 quidam
1372 753 1483 824 esset,
1506 744 1564 825 qui

338 864 480 937 propter
506 854 726 919 inimicitiam
749 854 822 935 jam
850 856 1002 919 triennio
1031 874 1052 919 a
1082 854 1302 917 confessione
1330 853 1564 931 abstinuerat,

337 979 528 1045 persuasus
544 980 565 1025 a
579 962 617 1027 P.
633 962 760 1027 Fulvio
782 964 828 1025 ad
847 980 909 1026 cor
929 961 1044 1043 rediit,
1061 970 1107 1040 et,
1122 971 1161 1026 ut
1175 962 1406 1043 promiserat,
1422 960 1565 1025 Floren-

338 1071 424 1135 tiam
451 1080 594 1133 secutus
618 1079 672 1135 est
698 1086 795 1147 eum;
815 1070 875 1134 ubi
893 1088 973 1133 cum
994 1078 1141 1151 paratus
1159 1078 1253 1133 esset
1272 1067 1317 1132 ad
1338 1068 1456 1135 omnia
1475 1085 1566 1148 quae

337 1178 405 1259 ipsi
426 1177 628 1242 dicerentur
652 1177 827 1256 iacienda,
855 1176 1041 1241 confessus
1058 1186 1113 1240 est
1134 1185 1169 1240 et
1189 1175 1478 1254 communicavit;
1500 1192 1567 1239 nec

337 1286 451 1350 solum
477 1286 597 1351 odium
620 1285 767 1363 remisit,
794 1284 857 1348 sed
881 1284 1013 1365 alloqui
1037 1284 1144 1347 etiam
1169 1284 1351 1347 inimicum
1376 1292 1410 1346 et
1434 1299 1499 1364 pro
1523 1298 1567 1344 eo

312 1428 315 1433 ·
338 1392 494 1473 quotidie
509 1410 613 1456 orare
628 1392 799 1473 promisit.
817 1390 906 1456 Cum
922 1401 1041 1455 autem
1055 1389 1259 1454 Florentiae
1274 1390 1391 1454 adbuc
1405 1406 1566 1453 versare·

337 1510 406 1576 tur,
422 1499 505 1565 dum
521 1499 559 1564 P.
576 1498 714 1576 ¹Vicarii
729 1515 938 1579 responsum
956 1497 1068 1561 Roma
1089 1506 1276 1577 expectat,
1296 1497 1333 1561 in
1354 1497 1484 1578 templo
1506 1514 1564 1561 no·

337 1615 411 1671 stro
427 1624 508 1672 cum
522 1623 652 1687 magna
668 1606 869 1669 auditorum
891 1606 1127 1669 commotione
1141 1613 1176 1667 et
1191 1606 1360 1685 lacrymis
1379 1605 1566 1668 conciona-

336 1723 394 1780 tus
401 1722 466 1794 est,
479 1722 513 1778 et
523 1714 687 1795 quamvis
698 1731 778 1779 eum
790 1712 855 1777 PP.
869 1712 998 1777 Rector
1013 1722 1047 1776 et
1061 1711 1221 1776 Didacus
1234 1714 1283 1776 ibi
1297 1713 1451 1777 retinere
1466 1719 1564 1792 opta·

336 1830 426 1897 rent,
442 1820 555 1887 Senas
568 1822 801 1901 nibilominus
810 1821 939 1885 missus
953 1829 1022 1899 est,
1040 1838 1110 1901 quo
1130 1821 1238 1885 etiam
1256 1821 1333 1903 ipse
1354 1819 1565 1901 propensior

337 1930 536 2009 videbatur,
552 1929 706 1994 fructum
719 1929 920 1993 uberiorem
934 1946 1096 2009 sperans,

397 2035 468 2101 589.
511 2036 600 2101 Cum
615 2036 803 2100 Baithasar
818 2035 1012 2100 Ostovinus
1028 2033 1038 2066 ¹
1052 2036 1234 2099 Florentia
1248 2035 1399 2099 Romam
1413 2037 1565 2101 mittere·

338 2132 406 2225 tur,
422 2144 566 2225 quidam
585 2144 675 2207 alius
698 2143 828 2208 missus
848 2152 902 2207 est
920 2140 1073 2222 juvenis,
1095 2143 1156 2224 qui
1170 2142 1209 2205 P.
1225 2143 1409 2207 Ludovico
1424 2144 1567 2208 videba·

337 2261 412 2327 tur,
428 2250 474 2315 ad
492 2249 705 2315 Societatem
724 2250 882 2331 idoneus,
900 2249 957 2314 vel
971 2250 1088 2330 potius
1102 2250 1154 2313 ire
1168 2250 1363 2331 permissus
1378 2248 1479 2333 [est],
1505 2268 1568 2333 spe
1672 2231 1679 2245 ⁶

339 2358 422 2423 data
438 2358 680 2437 admissionis3
702 2366 737 2423 et
756 2368 876 2421 tamen
896 2356 1044 2422 idoneus
1063 2368 1202 2421 nonest
1221 2358 1388 2422 inventus
1402 2368 1437 2422 et
1450 2375 1495 2423 ne
1515 2358 1568 2422 sic

338 2468 492 2531 mitteret
506 2467 596 2531 alios
610 2465 648 2530 P.
665 2465 868 2531 Ludovicus
882 2475 936 2529 est
950 2465 1163 2530 admonitus
1185 2464 1336 2545 Quidam
1348 2466 1439 2529 alius
1450 2484 1564 2531 sacer-

337 2576 413 2652 dos,
430 2575 572 2637 nomine
586 2574 806 2651 LudovicuS,
832 2573 970 2637 admitti
989 2574 1026 2637 in
1046 2572 1261 2637 Societatem
1280 2574 1486 2654 postulavit.
1507 2574 1567 2655 Ju-

338 2683 440 2746 venis
455 2681 562 2746 etiam
576 2681 730 2762 quidam,
747 2681 920 2744 Melchior
934 2681 977 2744 de
991 2680 1160 2760 Herrera,
1177 2681 1237 2762 qui
1257 2679 1432 2746 Ducissae
1447 2679 1583 2747 Secre-⁴

338 2790 421 2854 tarii
435 2788 447 2820 ¹
461 2806 572 2870 nepos
587 2797 675 2864 erat,
692 2788 752 2868 qui
767 2795 891 2868 postea
906 2787 1084 2851 admissus
1098 2798 1163 2852 est.

399 2895 471 2960 590.
516 2895 605 2960 Cum
634 2903 838 2976 aegrotaret
865 2903 967 2976 pater
996 2894 1243 2977 Christophori
1273 2895 1433 2977 Trogillo
1463 2897 1567 2977 Pisis,

342 3005 402 3086 qui
416 3014 497 3085 post
513 3005 712 3084 ingressum
726 3003 788 3068 filii
801 3002 972 3068 Societati
985 3004 1101 3083 magis
1120 3003 1284 3068 addictus
1304 3022 1383 3069 esse
1402 3016 1569 3087 coeperat

341 3121 375 3176 et
389 3113 593 3192 generalem
609 3111 716 3174 totius
735 3111 830 3174 vitae
852 3110 1111 3175 confessionem
1130 3109 1229 3176 Patri
1247 3110 1386 3177 Didaco
1408 3112 1451 3176 de
1478 3113 1569 3177 Guz-

344 3237 428 3284 man
441 3218 586 3297 fecerat,
604 3217 679 3298 ejus
694 3228 822 3298 rogatu
835 3217 949 3297 PisaS,
966 3218 1026 3281 ubi
1040 3227 1124 3282 tunc
1139 3217 1259 3284 Duces
1272 3229 1385 3300 erant,
1399 3239 1438 3284 se
1448 3230 1570 3285 contu·

341 3327 381 3390 lit
405 3325 427 3405 ³,
454 3326 515 3389 ubi
539 3333 680 3406 praeter
707 3325 891 3388 charitatis
916 3325 1069 3390 officium
1094 3323 1156 3408 [in]
1179 3328 1333 3391 amicum
1358 3329 1567 3409 impensum,

344 3431 535 3497 Ducissam
550 3441 604 3496 est
618 3434 808 3512 allocutus;
823 3449 915 3512 quae
931 3449 1011 3496 cum
1026 3433 1257 3499 intellexisset
1271 3433 1413 3500 Patrem
1424 3435 1570 3518 Laynez

343 3541 465 3606 dolore
480 3540 617 3604 cholico
632 3548 666 3604 et
680 3539 844 3605 biliorum
859 3539 944 3620 (sic)
957 3541 1132 3618 laborare,
1151 3541 1291 3606 mittere
1311 3560 1349 3606 se
1368 3545 1460 3608 velle
1480 3545 1569 3610 dixit

341 3650 525 3730 pulverem
539 3647 726 3729 quemdam
741 3648 786 3712 ad
801 3665 882 3712 eum
895 3648 1092 3712 sedandum
1106 3647 1389 3714 efficacissimum
1402 3661 1437 3715 et
1449 3669 1569 3734 quam·

342 3756 425 3821 dam
450 3773 591 3838 aquam,
614 3771 717 3836 quae,
737 3763 775 3819 ut
795 3753 879 3828 Dux
901 3754 1110 3834 affirmabat,
1136 3755 1367 3822 admirandae
1390 3741 1568 3823 efficaciae

343 3873 420 3929 erat
435 3865 481 3928 ad
496 3863 657 3926 eumdem
671 3863 844 3926 morbum.
862 3861 982 3927 Suasit
1003 3863 1110 3928 etiam
1128 3874 1167 3928 ut
1188 3865 1382 3930 remedium
1403 3884 1571 3960 praesen·

344 3972 520 4036 tissimum
535 3979 570 4034 et
585 3971 822 4034 certissimum
835 3980 873 4034 ut
896 3971 1047 4051 singulis
1065 3973 1245 4037 mensibus
1266 3983 1328 4038 aut
1346 3975 1569 4040 bimestribus

343 4081 457 4144 mellis
482 4080 620 4144 rosacei
645 4077 868 4143 alexandrini
892 4088 965 4144 tres
991 4081 1116 4144 uncias
1140 4090 1203 4146 aut
1226 4092 1379 4164 quatuor
1403 4094 1569 4148 sumeret.
1605 4107 1608 4112 ·

343 4187 623 4252 Commendabat
638 4195 756 4250 autem
771 4204 808 4250 se
824 4186 1015 4252 admodum
1033 4187 1162 4254 devote
1182 4198 1216 4254 et
1234 4191 1344 4254 multo
1364 4193 1480 4272 magis
1499 4191 1571 4257 Du·

346 4349 513 4358 ——-
523 4350 556 4356 --

312 4444 328 4466 υ
381 4429 390 4462 ¹
420 4429 485 4472 Vide
496 4439 583 4484 supra,
594 4435 613 4474 t.
623 4443 649 4482 v,
660 4439 721 4483 pag.
729 4428 763 4480 25.
773 4441 796 4474 n.
807 4429 832 4474 tt
843 4435 869 4473 et
879 4429 906 4474 in
915 4429 965 4474 boc
974 4437 997 4475 t.
1009 4440 1046 4486 vr,
1056 4443 1119 4486 paz.
1130 4431 1178 4486 rto,
1188 4445 1215 4478 n.
1227 4434 1276 4478 fito.

380 4499 392 4531 Ι
418 4499 485 4544 Vide
499 4507 607 4556 suprn,t
625 4511 662 4554 ιιι,
671 4511 729 4555 pag.
738 4501 772 4556 70,
784 4513 809 4545 n.
824 4501 1164 4557 immmortalitatem
1179 4512 1249 4550 tomo
1263 4506 1381 4563 indicem,
1396 4509 1441 4554 ubl
1455 4510 1498 4556 hic
1511 4511 1570 4556 Flo·

342 4571 447 4615 rentini
456 4569 541 4616 Ducis
550 4575 714 4617 secretarius
725 4575 880 4628 appellatur.

380 4643 393 4677 ⁸
419 4641 478 4699 Ipse
489 4643 516 4686 P.
526 4643 638 4688 Dldacus
648 4643 679 4688 de
691 4643 817 4690 Guzrnrrn.
