3642 5350
327 425 382 485 646
786 423 912 484 Cultus.
934 419 1009 480 Soc.
1030 419 1098 494 Jas.

330 570 366 634 P.
394 570 556 651 Ignatius
574 568 618 634 de
633 569 673 633 P.
693 569 867 634 Tablares
888 584 969 632 cum
991 564 1097 630 Patre
1118 561 1248 630 Strada
1270 559 1451 626 mittendis
1473 557 1556 623 scri·

331 679 475 760 psisset,
502 688 538 742 et
562 678 598 742 id
624 678 730 742 etiam
754 676 793 740 P.
819 675 1015 741 Francisco
1034 674 1326 757 probaretur;‚ne
1345 668 1396 734 illi
1416 666 1558 750 quidem

331 785 432 850 missi
446 786 600 850 luerunt.

391 891 482 957 2776.
525 893 763 958 Existimabat
776 892 919 974 quidem
934 891 972 956 Ρ.
989 889 1204 955 Franciscus
1219 886 1353 952 referre
1367 883 1558 966 plurimum

332 1011 372 1066 ut
391 1001 500 1082 aliqui
519 1019 565 1066 ex
579 1001 710 1065 nostris
729 1001 766 1065 in
785 1000 845 1064 illa
864 999 964 1064 curia
984 997 1093 1078 Regis
1112 996 1265 1078 Philippi
1285 993 1493 1070 residerent,
1514 1007 1559 1054 ex

332 1125 403 1189 qua
418 1109 538 1172 omnia
556 1107 631 1172 lere
649 1109 795 1188 negotia
816 1105 1083 1188 provinciarum
1101 1103 1296 1184 Hispaniae
1317 1101 1326 1134 ¹
1347 1097 1557 1182 pendebant,

331 1224 366 1279 et
380 1213 566 1280 commoda
581 1233 619 1279 se
634 1215 805 1280 offerebat
819 1214 964 1278 occasio
979 1231 1060 1277 cum
1072 1212 1156 1276 Dux
1169 1207 1465 1276 Franchaevillae
1478 1206 1505 1283 ⁸,
1522 1215 1559 1268 ut

332 1323 473 1386 cuidam
488 1323 637 1388 consilio
652 1324 753 1404 regio
768 1331 962 1405 praeesset,
976 1320 1022 1385 ad
1034 1337 1091 1385 res
1103 1319 1225 1384 Italiae
1236 1306 1439 1399 pertinenti,
1455 1329 1560 1378 voca-

334 1442 444 1495 retur.

391 1536 483 1600 2777.
527 1537 714 1603 Praedicta
735 1536 963 1601 nibilominus
985 1552 1068 1616 spes
1088 1534 1263 1598 adventus
1284 1531 1385 1612 regii,
1405 1547 1449 1594 ne
1471 1529 1562 1592 ullus

333 1662 456 1709 eorum
485 1663 530 1708 ex
556 1645 732 1726 Hispania
760 1642 943 1709 recederet
971 1641 1098 1707 effecit.
1121 1641 1202 1724 Ipsa
1227 1639 1371 1721 quidem
1394 1636 1563 1717 Princeps

333 1752 473 1836 Joartna
485 1770 592 1817 manu
605 1754 751 1834 propria
761 1752 922 1816 scribens
933 1751 972 1816 P.
985 1751 1136 1832 ignatio,
1150 1761 1185 1814 et
1196 1749 1334 1829 gratias
1346 1763 1458 1827 agens
1469 1743 1563 1826 quod

335 1860 412 1924 sine
438 1857 514 1939 ejus
537 1876 714 1924 consensu
735 1858 937 1940 praedictos
956 1857 1081 1922 Patres
1103 1857 1336 1922 Franciscum
1358 1863 1392 1918 et
1413 1848 1563 1918 Araoz⁵

334 1986 380 2031 ex
399 1965 574 2048 Hispania
587 1985 660 2031 non
680 1967 848 2031 recedere
866 1965 1048 2047 jussisset;
1071 1967 1139 2030 hoc
1158 1963 1352 2046 postulavit
1373 1963 1418 2026 ab
1439 1959 1564 2024 eodem

336 2073 458 2151 Patre,
485 2085 614 2140 utnon
634 2076 853 2156 permitteret
872 2075 940 2138 iter
959 2075 1069 2139 ullum
1088 2074 1164 2138 sine
1183 2073 1295 2154 ipsius
1314 2071 1483 2134 facultate
1502 2083 1564 2131 eos

334 2181 465 2263 iacere,
493 2193 527 2245 et
551 2200 595 2247 ea
620 2184 656 2247 in
681 2193 783 2263 parte
807 2181 874 2246 sibi
899 2181 1002 2247 subdi
1025 2181 1169 2246 eosdem
1194 2180 1330 2260 Patres,
1354 2175 1565 2244 auctoritate

336 2286 374 2350 P.
391 2288 531 2368 Ignatii,
547 2290 748 2371 ‘cupiebat

395 2394 486 2458 2778.
530 2394 679 2477 Scripsit
694 2396 818 2461 eadem
837 2396 1009 2478 Princeps
1023 2395 1186 2477 Romam,
1203 2395 1455 2461 commendans
1469 2393 1564 2457 unio-

336 2521 417 2567 nem
432 2502 545 2584 partis
558 2502 743 2584 quusdam
757 2505 935 2570 redituum
954 2505 1182 2587 episcopatus
1199 2504 1406 2586 placentini;
1424 2519 1507 2567 nam
1523 2500 1567 2566 de

334 2610 413 2692 jure
428 2611 596 2693 Episcopi
610 2612 944 2695 quinquagesimam
959 2621 1097 2693 partem
1113 2613 1288 2677 redituum
1303 2609 1506 2693 huiusmodi
1521 2609 1567 2675 ad
1627 2601 1641 2618 ’

336 2718 581 2783 fundationem
594 2721 892 2786 monasteriorum
908 2730 943 2785 et
958 2721 1097 2801 piorum
1113 2737 1260 2801 operum
1275 2720 1393 2785 lacere
1412 2728 1564 2801 poterat.

340 2826 540 2908 Episcopus
555 2837 673 2892 autem
688 2828 782 2891 bona
801 2828 956 2907 stabilia,
974 2844 1064 2909 quae
1079 2828 1292 2909 quingentos
1306 2829 1364 2892 vel
1379 2837 1567 2891 sexcentos

339 2951 468 2998 aureos
482 2934 681 3014 redderent,
699 2935 886 3015 assignare
900 2936 1149 3016 constituerat,
1166 2935 1229 3000 sed
1243 2933 1443 3015 hujusmodi
1467 2945 1568 2997 erant

339 3041 445 3122 bona,
462 3060 555 3123 quae
577 3043 746 3124 temporis
766 3060 935 3107 successu
955 3041 1061 3108 facile
1080 3043 1125 3107 ad
1141 3044 1235 3107 mille
1257 3060 1385 3107 aureos
1403 3040 1566 3106 ascende-

339 3160 429 3224 rent;
447 3160 482 3213 et
493 3148 680 3213 videbatur
695 3150 825 3214 ostium
837 3148 942 3213 valde
954 3150 1039 3214 utile
1051 3150 1182 3231 aperiri
1198 3150 1243 3213 ad
1254 3147 1453 3230 hujusmodi
1473 3148 1568 3212 unio-

285 3264 295 3279 ‘
341 3272 405 3319 nes
420 3256 465 3319 ab
479 3256 667 3337 Episcopis
686 3256 888 3338 faciendas,
905 3265 940 3320 et
955 3258 1105 3336 urgebat
1126 3257 1220 3321 serio
1235 3256 1459 3321 Placentinus
1474 3254 1569 3337 [Epi-

343 3362 486 3445 scopus]
503 3364 572 3427 hoc
587 3365 782 3445 negotium.
1174 3384 1177 3392 ·

401 3469 494 3533 2779.
537 3470 841 3553 Archiepiscopus
855 3472 998 3551 quidem
1012 3471 1221 3551 ToletanuS,
1238 3473 1458 3557 approbante
1478 3472 1571 3552 capi·

342 3578 429 3656 tulo,
446 3577 541 3657 (nam
557 3595 752 3643 consensus
766 3580 1005 3660 capitulorum
1018 3580 1064 3643 ad
1082 3579 1282 3659 hujusmodi
1297 3580 1445 3644 uniones
1459 3580 1571 3660 requi·

344 3684 499 3763 rebatur)
516 3685 562 3749 ad
576 3685 751 3767 quaedam
765 3687 825 3768 pia
840 3704 962 3768 opera,
978 3702 1064 3751 usus
1078 3688 1145 3750 hoc
1163 3688 1352 3768 privilegio
1366 3686 1493 3765 iuerat;
1509 3686 1572 3749 sed

343 3791 570 3856 Placentinus
591 3811 663 3857 non
684 3794 733 3857 ita
755 3812 835 3857 curn
862 3811 927 3857 suo
949 3794 1104 3874 capitulo
1126 3794 1377 3874 conveniebat,
1405 3802 1442 3857 ut
1466 3793 1571 3858 vellet

343 3916 468 3963 eorum
482 3900 664 3981 requirere
676 3918 899 3980 consensum,
915 3902 945 3965 si
957 3918 978 3963 a
990 3898 1081 3967 Sede
1092 3900 1301 3981 Apostolica
1312 3901 1466 3981 gratiam
1478 3902 1572 3965 banc

344 4005 570 4087 obtinuisset;
592 4025 675 4071 nam
689 4024 851 4088 gesserat
867 4009 1057 4090 aliquando
1073 4010 1270 4074 simultates
1284 4027 1365 4073 cum
1380 4009 1454 4074 suis
1468 4026 1571 4073 cano·

344 4114 446 4192 uicis,
462 4116 627 4195 quamvis
638 4115 712 4196 jam
727 4118 834 4196 longe
848 4118 964 4194 aliter,
978 4125 1016 4181 ut
1031 4117 1201 4196 diximuS,
1219 4134 1258 4181 se
1271 4118 1430 4197 gerebat.

402 4220 494 4285 2780.
539 4219 651 4286 Roma
667 4224 774 4287 etiam
794 4240 1005 4305 responsum
1021 4234 1210 4304 acceptum
1230 4237 1295 4304 est,
1313 4224 1424 4305 quod,
1446 4226 1575 4307 partim

384 4464 391 4495 Ι
423 4462 469 4508 lis.
479 4463 575 4518 repetit
581 4462 656 4518 sara.

386 4533 398 4562 ¹
428 4534 542 4579 Didacus
554 4534 673 4579 Hurtado
684 4535 715 4579 de
726 4536 857 4581 Mendoza.

383 4607 395 4640 ⁸
422 4606 468 4651 lta.
480 4606 522 4650 hic
532 4606 614 4651 iterat
625 4608 684 4651 sine
695 4608 784 4663 ipsius
795 4620 935 4655 consensu.

383 4680 396 4713 ὁ
422 4676 469 4723 tte.
480 4679 575 4734 repetit
585 4680 646 4723 subt.
