3642 5350
719 480 723 493 .
766 432 827 497 Aa.
849 434 920 497 1556
1403 430 1454 493 811

226 578 371 663 rannus]
391 598 541 661 regnum
562 582 708 649 Ternati
730 584 807 649 sive
826 584 957 648 Maluci
976 584 1043 649 sibi
1063 582 1273 663 vindicavit,
1295 601 1338 647 eo
1359 580 1454 665 quod

228 685 364 768 Regina
384 688 567 770 praedicta
589 691 821 757 christianam
845 690 1056 773 religionem
1081 693 1245 773 amplexa
1271 698 1365 756 esset
1385 686 1454 771 [ac]

227 812 373 860 suorum
387 794 607 862 subditorum
621 797 746 863 lavore
761 797 1025 865 destitueretur.

285 902 376 969 3471.
419 902 529 970 Soror
550 913 627 971 erat
651 904 760 989 Regis
778 907 945 983 Tidorae,
967 918 1001 973 et
1023 909 1131 973 etiam
1145 916 1226 990 post
1241 905 1346 971 fidem
1360 906 1451 971 chri·

149 1034 152 1041 ¹
227 1010 380 1075 stianam
394 1021 608 1094 susceptam,
624 1030 706 1079 cum
720 1014 982 1096 egrediebatur,
999 1033 1078 1081 eam
1097 1016 1268 1081 timebant
1282 1030 1406 1079 omnes
1420 1023 1456 1077 et

102 1164 106 1171 ·
227 1118 495 1184 reverebantur.
511 1118 613 1185 Duos
627 1121 779 1187 habebat
793 1122 884 1187 filios
898 1139 1032 1202 secum,
1048 1123 1157 1187 etiam
1175 1122 1402 1200 christianos
1418 1129 1454 1184 et

227 1225 390 1289 lusitanis
410 1225 516 1291 valde
535 1228 681 1293 amicos.
702 1227 856 1294 Domina
878 1229 1029 1294 Isabella
1048 1228 1244 1309 dicebatur,
1260 1238 1295 1293 et
1310 1228 1454 1305 nostris,

226 1332 285 1413 qui
299 1333 431 1399 Maluci
449 1336 698 1416 versabantur,
714 1336 841 1401 crebro
862 1336 1114 1417 confitebatur,
1131 1345 1166 1401 et
1181 1337 1226 1401 ab
1240 1336 1293 1401 eis
1306 1335 1453 1401 sanctis·

226 1439 352 1505 simam
380 1442 642 1509 Eucharistiam
670 1444 899 1525 suscipiebat.
932 1442 1035 1509 Duae
1063 1444 1155 1510 aliae
1178 1460 1322 1509 sorores
1350 1441 1456 1523 huJus

226 1545 335 1628 Regis
356 1548 589 1615 christianam
608 1551 718 1616 etiam*
734 1550 838 1617 fidem
858 1561 1104 1634 susceperunt,
1125 1561 1160 1616 et
1179 1568 1302 1617 earum
1322 1559 1456 1616 matres

226 1656 445 1723 tantumdem
472 1657 659 1740 fecissent,
688 1660 756 1725 nisi
786 1660 961 1725 bonorum
989 1660 1215 1725 amissionem
1240 1659 1453 1738 timuissent;

226 1780 310 1829 nam
324 1775 469 1847 propter
484 1764 588 1851 hujus
603 1765 712 1848 Regis
727 1767 954 1850 tyrannidem
967 1768 1128 1833 homines
1141 1768 1188 1832 ad
1202 1767 1307 1832 fidem
1321 1765 1455 1831 Christi

227 1872 398 1938 accedere
412 1873 519 1939 valde
533 1872 773 1941 formidabant
790 1875 810 1937 ¹.

286 1979 375 2045 3472.
417 1981 536 2047 Insula
557 1981 698 2065 Maluci,
720 1985 780 2049 ubi
799 2002 920 2049 arcem
942 1984 1121 2048 habebant
1142 1982 1297 2062 lusitani,
1321 1981 1454 2047 ambitu

104 2174 107 2181 Δ
225 2087 380 2170 quinque
400 2088 582 2155 leucarum
603 2092 977 2171 circumscribebatur,
994 2101 1029 2156 ut
1044 2101 1098 2156 est
1112 2110 1159 2156 ex
1177 2090 1359 2155 altissimis
1378 2088 1456 2169 eJus

226 2195 382 2275 regionis
395 2198 513 2277 terris;
538 2209 676 2265 montes
700 2200 806 2264 habet
830 2200 1034 2279 altissimos
1060 2200 1097 2263 in
1122 2198 1250 2281 quibus
1274 2213 1453 2262 cavernae

224 2303 400 2384 quaedam
414 2315 508 2386 sunt,
524 2324 616 2388 quae
626 2307 762 2372 fumum
773 2317 807 2372 et
818 2306 982 2371 flammas
992 2306 1133 2385 igniset
1145 2323 1247 2390 saxa,
1259 2305 1455 2370 molaribus

224 2412 399 2491 aequalia,
415 2430 497 2479 cum
512 2412 689 2479 horrendo
704 2415 853 2495 strepitu
868 2423 1115 2495 contorquent,
1132 2411 1279 2495 perinde
1291 2422 1397 2493 atque
1408 2429 1453 2475 ex

225 2519 410 2585 tormentis
424 2520 559 2585 bellicis
573 2522 679 2586 valde
694 2522 834 2602 magnis
849 2522 938 2586 solet
950 2519 1075 2586 audiri:
1088 2521 1244 2586 cinerem
1255 2521 1361 2585 etiam
1373 2535 1455 2584 cum

225 2624 320 2691 sumo
335 2628 440 2694 valde
455 2630 559 2710 nigro
574 2627 729 2711 ejiciunt.

284 2735 376 2801 3473.
418 2734 507 2802 Sunt
521 2737 558 2802 in
571 2738 641 2803 hac
655 2738 770 2803 insula
784 2749 947 2804 aromata
964 2739 1075 2804 multa
1092 2739 1247 2818 (clavum
1266 2739 1376 2817 vulgo
1391 2751 1451 2800 vo-

225 2844 320 2923 cant)
336 2855 371 2912 et
384 2863 522 2910 cannae
536 2856 656 2912 tantae
670 2848 938 2929 magnitudinis,
953 2858 992 2912 ut
1006 2849 1044 2912 in
1058 2850 1111 2913 eis
1125 2863 1255 2928 aquam
1269 2845 1316 2910 ad
1330 2853 1452 2926 potum

226 2952 368 3018 lusitani
383 2964 608 3035 conservent,
624 2973 729 3036 poma
744 2956 851 3020 etiam
866 2971 976 3019 aurea
991 2954 1108 3018 dulcia
1123 2962 1205 3018 sunt
1224 2950 1284 3036 [et]
1304 2953 1451 3033 optima

225 3061 362 3126 colubri
375 3070 496 3126 tantae
511 3063 766 3143 magnitudinis
780 3063 1017 3144 reperiuntur,
1033 3070 1072 3126 ut
1086 3077 1234 3144 porcum
1248 3069 1284 3124 et
1304 3075 1452 3141 capram

224 3168 401 3249 integram
415 3169 598 3250 devorent,
615 3169 815 3236 hominibus
829 3180 952 3235 tamen
965 3186 1037 3234 non
1050 3178 1192 3246 nocent,
1204 3167 1273 3232 nisi
1286 3168 1380 3232 fame
1395 3184 1451 3232 ur-

222 3285 387 3356 geantur.

283 3382 373 3448 3474.
417 3382 474 3448 Ab
496 3385 610 3450 insula
630 3384 772 3465 Maluci,
793 3386 838 3450 ad
856 3385 1072 3450 bombardae
1090 3382 1241 3465 jactum,
1263 3392 1318 3449 est
1335 3384 1451 3448 insula

224 3491 396 3572 Tyrolae,
412 3509 503 3575 quae
518 3509 622 3558 suum
636 3493 742 3558 habet
755 3493 906 3574 Regem3
923 3492 986 3557 sed
1001 3493 1093 3556 aliae
1111 3492 1203 3557 duae
1220 3492 1359 3556 insulae
1379 3490 1450 3555 Ma·

225 3599 327 3663 chuel
342 3609 377 3664 et
390 3599 522 3665 Matuel
538 3600 689 3679 vicinae,
706 3601 813 3664 etiam
828 3599 919 3680 Regi
937 3600 1133 3664 tarnatensi
1154 3596 1349 3678 subjacent,
1366 3599 1452 3662 etin

225 3707 277 3771 eis
291 3724 336 3772 ex
350 3707 483 3772 eisdem
498 3709 719 3772 aromatibus
734 3708 880 3772 multum
896 3717 961 3772 est.
985 3707 1126 3788 Septem
1142 3706 1253 3771 leucis
1272 3706 1379 3770 distat
1402 3707 1452 3770 in-

224 3814 303 3877 sula
318 3813 449 3894 Gilioli,
466 3833 557 3897 quae
573 3813 707 3896 Regem
722 3815 875 3879 habebat
889 3814 1054 3878 lusitanis
1066 3811 1172 3877 valde
1187 3813 1379 3891 inimicum,
1393 3813 1453 3894 qui

225 3938 344 3986 arcem
369 3921 560 4004 quamdam
586 3923 784 3987 octodecim
804 3922 907 3986 annis
923 3921 1079 3986 defendit
1093 3921 1311 4000 bombardis,
1327 3937 1453 4002 quasa

224 4028 428 4094 christianis
448 4030 659 4108 abstulerat,
682 4037 716 4093 et
736 4028 979 4094 Bernardinus
993 4028 1036 4093 de
1050 4027 1159 4107 Sosa,
1175 4027 1247 4093 dux
1266 4027 1451 4100 lusitanus,

223 4153 302 4200 eam
318 4137 549 4218 expugnavit.
566 4137 688 4220 Itaque
703 4135 781 4202 Rex
795 4135 915 4201 Gilioli
928 4144 1057 4199 exutus
1067 4134 1133 4199 fuit
1144 4151 1256 4216 regno
1268 4145 1303 4200 et
1314 4143 1452 4217 captus;

222 4244 285 4308 sed
299 4243 448 4326 ipsemet
463 4245 639 4310 fatebatur
656 4243 750 4325 juste
766 4262 787 4308 a
806 4243 884 4308 Deo
903 4244 1037 4307 factum
1055 4259 1154 4324 esse,
1170 4251 1208 4307 ut
1222 4253 1367 4325 propter
1387 4260 1453 4307 sua

263 4485 271 4520 ¹
301 4487 430 4533 leubellae
444 4487 578 4542 (Neechlle
594 4487 666 4542 prta·
681 4487 836 4540 vocabatur)
846 4486 878 4531 ed
895 4485 994 4531 chrlstl
1010 4485 1293 4534 ddemconverrionen
1309 4491 1403 4536 umet
1419 4491 1453 4537 ad

222 4571 264 4606 an.
276 4561 336 4614 tots,
347 4559 503 4612 Onuannrnr,
514 4559 586 4604 ΗΜ.
598 4557 655 4602 Soc.
672 4559 739 4614 Jes,
754 4558 850 4611 llb.v1,
866 4569 891 4602 n.
908 4557 955 4602 tus
972 4557 1039 4602 Vldc
1054 4558 1133 4603 etlam
1149 4557 1271 4615 Batnon,
1291 4560 1361 4606 Deli·
1378 4562 1455 4616 Λεία,

222 4633 267 4678 llb.
277 4643 304 4687 tr,
316 4643 340 4676 n.
352 4631 383 4684 10,
397 4629 664 4685 januen-Murum,
678 4630 833 4675 Thesaurus
844 4639 936 4674 rerum
946 4630 1113 4684 indicarum,
1129 4637 1151 4675 t.
1167 4641 1184 4685 r,
1201 4643 1261 4688 pag.
1279 4633 1328 4688 19⁶,
1342 4634 1392 4689 7⁴7,
1402 4634 1453 4688 7⁶⁶,

223 4703 271 4758 7583
283 4703 399 4760 Guwu,
409 4703 426 4747 l.
438 4715 470 4756 a,
480 4703 523 4748 llb.
535 4713 561 4756 n,
573 4714 629 4758 cap.
640 4703 667 4748 47
677 4709 703 4747 et
715 4701 749 4757 ta,
761 4702 823 4746 edlt.
833 4701 968 4754 bilbaenel,
978 4711 1040 4757 pag.
1052 4701 1151 4748 lid-lbi.
