3642 5350
338 394 395 455 578
798 389 927 452 Canon.
947 389 1024 450 Soc.
1043 391 1114 464 Jns.

399 536 490 603 2494.
534 538 784 603 confessiones
799 546 918 601 autem
930 537 1022 601 etibi
1035 547 1070 600 et
1081 537 1117 600 in
1129 536 1260 616 templo
1272 543 1394 598 nostro
1407 532 1569 615 frequen·
1642 536 1648 546 ’

341 656 395 712 tes
408 645 601 710 admodum
615 653 735 723 erant,
757 654 792 708 et
806 644 1092 722 communiones,
1113 662 1184 708 non
1203 644 1319 706 solum
1340 642 1478 706 festivis
1497 642 1571 707 die·

340 754 418 833 bus,
434 753 497 818 sed
511 753 619 817 etiam
632 750 799 833 profestis
818 759 921 814 erant
940 751 1131 831 plurimae;
1152 760 1187 814 et
1206 751 1237 814 si
1255 749 1378 830 templi
1399 749 1567 829 angustia

339 877 411 925 uon
425 859 654 940 impediisset,
670 859 791 939 plures
805 866 907 922 erant
927 857 1080 921 futurae.

399 966 491 1030 2495.
534 964 723 1047 Magnates
738 974 857 1029 autem
872 964 1005 1043 curiae,
1021 980 1152 1044 magna
1165 981 1211 1028 ex
1226 972 1338 1045 parte,
1352 964 1496 1028 domum
1506 980 1566 1027 no·

338 1085 462 1154 stram,
479 1074 537 1136 vel
552 1073 595 1136 de
610 1072 718 1136 rebus
732 1070 975 1152 spiritualibus
989 1071 1194 1150 tractaturi,
1217 1071 1277 1136 vel
1291 1071 1422 1134 divinis
1442 1068 1567 1134 officiis

337 1180 456 1262 quiete
469 1179 673 1244 interfuturi
687 1178 890 1256 veniebant;
906 1189 941 1242 et
956 1177 999 1241 de
1015 1178 1082 1257 bis,
1094 1195 1185 1258 quae
1200 1179 1247 1242 ad
1261 1177 1461 1259 profectum
1475 1178 1566 1258 ipso·

337 1305 416 1352 rum
431 1287 651 1369 spectabant,
669 1287 724 1350 vei
741 1287 776 1349 in
792 1285 1017 1350 confessione
1031 1287 1089 1348 vel
1104 1294 1206 1350 extra
1222 1285 1319 1349 illam
1335 1302 1414 1349 cum
1435 1284 1568 1349 nostris

336 1393 578 1458 conferebant.

396 1499 488 1566 2496.
532 1498 736 1564 Christiana
766 1499 929 1564 doctrina
957 1499 1020 1562 vix
1054 1499 1139 1562 aiibi
1166 1498 1321 1562 fructum
1354 1498 1566 1574 uberiorem,

336 1625 442 1688 quam
458 1607 494 1672 in
509 1605 671 1669 custodia
686 1606 839 1686 publica,
856 1606 899 1669 de
916 1624 987 1687 qua
1001 1606 1166 1686 superius
1177 1605 1333 1685 memini,
1347 1605 1564 1685 reportabat3

336 1730 419 1779 narn
441 1711 518 1795 ejus
539 1713 728 1777 occasione
748 1713 948 1792 spiritualia
973 1713 1082 1776 etiam
1105 1712 1283 1794 colloquia
1308 1712 1436 1776 ibidem
1463 1711 1567 1776 habe·

336 1821 477 1885 bantur.
494 1819 585 1884 Nam
599 1829 864 1902 praeterquam
878 1818 972 1898 quod
988 1819 1156 1882 articulos
1168 1819 1261 1897 fidei,
1274 1819 1497 1899 decalogum,
1513 1835 1565 1883 se·

334 1937 430 2009 ptem
443 1936 670 1991 sacramenta
681 1935 715 1989 et
732 1935 924 2006 praecepta
936 1923 1021 1988 8³⁸⁶
1031 1924 1214 1990 Ecclesiae
1225 1926 1468 2004 addiscebant,
1482 1927 1565 2005 (ma-

335 2035 433 2099 xima
449 2032 543 2098 enim
557 2050 675 2096 rerum
691 2032 818 2096 harum
833 2031 1038 2112 ignorantia
1053 2033 1152 2113 prius
1166 2033 1401 2112 laborabant),
1417 2049 1462 2097 ex
1477 2033 1566 2098 viris

334 2151 371 2206 et
386 2143 494 2205 etiam
509 2139 727 2215 mulieribus
744 2156 905 2203 seorsum
920 2138 967 2201 ibi
988 2139 1150 2216 detentiS,
1173 2141 1273 2204 multi
1294 2139 1564 2221 confitebantur,

335 2256 370 2312 et
384 2265 455 2311 non
477 2245 552 2327 jam
576 2246 812 2327 frequentiam
837 2243 942 2325 huius
967 2247 1200 2325 sacramenti,
1228 2257 1265 2310 ut
1285 2247 1400 2328 prius,
1421 2248 1567 2312 extime-

334 2354 494 2418 scebant.

395 2459 486 2525 2497.
530 2460 725 2534 intereos,
746 2460 805 2540 qui
823 2459 869 2522 ad
890 2460 1034 2523 domum
1055 2469 1217 2525 nostram
1230 2461 1462 2538 accedebant,
1483 2462 1565 2526 insi·

333 2570 416 2648 gnis
430 2567 496 2632 fuit
510 2566 692 2648 cujusdam
707 2566 835 2630 nobilis
850 2566 1027 2631 foeminae
1042 2569 1356 2648 metamorphosis;
1373 2586 1465 2650 quae
1486 2585 1567 2633 cum

337 2676 609 2757 quatuordecim
624 2692 739 2739 annos
759 2673 795 2738 in
814 2673 975 2755 peccatis
992 2673 1217 2754 gravissimis
1236 2676 1312 2741 sine
1334 2676 1567 2742 confessionis

333 2784 491 2848 remedio
507 2781 751 2861 insorduisset,
767 2780 908 2861 integra
923 2779 1146 2846 confessione
1160 2793 1320 2863 peracta,
1340 2783 1485 2849 ferrens
1506 2783 1566 2848 ad·

333 2892 479 2955 modum
508 2890 545 2954 in
573 2889 786 2954 contritione
815 2906 857 2952 ac
891 2886 959 2954 Dei
992 2905 1114 2953 amore
1150 2907 1193 2953 ac
1227 2892 1375 2955 servitio
1403 2909 1565 2972 perseve-

334 2998 438 3062 rabat
454 2994 474 3061 ¹.

393 3102 485 3168 2498.
528 3104 608 3167 Duo
628 3104 737 3167 etiam
756 3103 886 3180 mariti,
909 3103 969 3182 qui
991 3120 1011 3165 a
1034 3104 1109 3166 suis
1130 3104 1303 3168 uxoribus
1327 3114 1564 3185 recesserant,

332 3210 517 3291 cujusdam
531 3226 577 3273 ex
592 3212 725 3273 nostris
741 3208 938 3273 ministerio
953 3226 1034 3273 cum
1049 3210 1182 3274 eisdem
1194 3212 1307 3275 vitam
1322 3228 1432 3293 agere
1445 3214 1564 3277 decre·

333 3326 473 3396 verunt;
490 3326 525 3381 et
540 3317 629 3380 aiter
643 3333 781 3395 eorum,
799 3333 905 3398 quam
921 3333 1030 3397 penes
1044 3334 1083 3381 se
1098 3318 1264 3398 habebat,
1281 3336 1373 3400 quae
1387 3337 1480 3384 uxor
1494 3337 1566 3383 non

332 3435 423 3502 erat,
444 3423 599 3505 reliquit.

394 3530 485 3595 2499.
528 3530 610 3595 Fuit
625 3530 731 3594 etiam
747 3529 932 3611 cujusdam
947 3531 992 3594 ad
1007 3530 1123 3595 Deum
1138 3533 1328 3597 conversio
1352 3534 1475 3613 magni
1492 3551 1566 3598 mo·

333 3639 454 3717 menti,
470 3638 531 3718 qui
546 3646 640 3701 totos
654 3636 695 3700 50
709 3654 823 3701 annos
838 3654 859 3699 a
874 3636 1097 3701 confessione
1112 3638 1334 3704 abstinuerat
1349 3642 1374 3721 ';
1395 3650 1430 3704 et
1445 3658 1565 3722 quam·

332 3746 389 3809 vis
404 3746 499 3809 domi
514 3761 579 3808 sex
593 3745 652 3808 vel
666 3753 802 3825 septem
817 3742 1027 3807 confessarii
1049 3743 1134 3808 huic
1156 3744 1353 3810 ministerio
1378 3756 1563 3826 vacarent,

331 3852 551 3917 venientium
565 3860 684 3915 tamen
699 3851 918 3931 frequentiae
931 3850 1141 3914 satisfacere
1152 3868 1225 3915 non
1239 3860 1416 3932 poterant,
1430 3870 1513 3917 cum
1527 3852 1564 3916 in

329 3960 408 4023 dies
428 3958 504 4041 ejus
522 3959 646 4040 populi
665 3975 766 4022 amor
787 3974 829 4021 ac
855 3957 997 4021 devotio
1019 3974 1106 4036 erga
1128 3957 1343 4023 Societatem
1359 3970 1563 4040 augeretur3

331 4066 499 4148 quamvis
521 4083 593 4128 non
614 4065 778 4128 deessent
798 4064 917 4144 aliqui,
938 4064 998 4145 qui
1017 4065 1158 4128 ratione
1180 4064 1421 4148 frequentium
1444 4083 1564 4130 sacra·

331 4166 546 4250 mentorum,
562 4171 696 4234 nostris
711 4172 1033 4235 obmurmurarent.

392 4276 485 4342 2500.
528 4276 633 4341 Initio
646 4276 833 4341 Februarii
848 4277 1101 4357 septemdecim
1116 4294 1161 4339 ex
1180 4280 1315 4343 nostris
1336 4280 1373 4343 in
1396 4280 1466 4343 hoc
1487 4278 1564 4343 Col·

373 4484 382 4516 4
411 4480 484 4527 Haec
503 4482 639 4538 deoumpta
658 4488 718 4526 suat
735 4494 766 4525 ex
784 4482 894 4537 epistola
914 4482 1013 4525 inserta
1038 4480 1064 4525 in
1089 4480 1211 4525 litterae
1229 4481 1467 4537 Quadrimestres,
1485 4490 1505 4527 t.
1526 4494 1564 4537 nr,

329 4564 391 4658 ms
402 4553 533 4669 ⁷{latente
541 4623 772 4678 Quadrr'mestres,
782 4632 800 4669 t.
812 4635 849 4679 tv,
859 4636 921 4680 pau.
932 4624 980 4669 219.
