3642 5350
769 403 832 461 Aa.
855 402 926 491 roos
1405 405 1461 463 aar

227 551 483 629 municaverat,
501 552 559 633 qui
577 550 623 614 ad
637 567 739 614 suam
754 550 963 629 religionem
978 550 1037 616 S.2¹
1059 549 1244 616 Francisci
1258 550 1457 631 ingredien-

226 659 308 725 dam
323 676 403 723 eum
417 658 590 735 hortatus,
604 656 718 749 eidem
731 657 869 721 litteras
890 657 1026 738 obtulit,
1044 667 1081 722 ut
1096 659 1132 722 in
1147 658 1322 738 Hispania
1335 658 1458 721 statim

226 766 485 843 admitteretur,
501 782 591 847 quas
610 782 692 829 cum
713 764 912 845 accepisset
931 775 967 828 et
987 765 1114 829 deinde
1135 766 1178 829 de
1197 764 1376 829 Societate
1398 782 1462 829 no·

227 882 305 938 stra
325 883 361 937 et
381 871 457 954 ejus
477 873 641 937 Instituto
661 872 780 951 aliqua
800 870 1050 951 intellexisset,
1073 873 1169 937 nullo
1191 881 1396 937 nostrorum
1417 888 1461 935 eo

225 982 428 1062 alloquente
448 978 554 1060 (quod
574 978 717 1059 quidem
736 978 912 1053 sciretur),
930 995 1011 1042 cum
1030 979 1212 1059 praedicto
1233 979 1459 1045 adolescente

227 1086 336 1151 animi
352 1088 407 1151 sui
422 1087 642 1168 propositum
656 1084 806 1149 contulit
817 1094 851 1148 et
863 1085 1025 1149 eumdem
1037 1087 1137 1167 sequi
1148 1086 1319 1166 decrevit;
1332 1095 1367 1150 et
1378 1102 1461 1151 cum

228 1194 266 1258 in
281 1193 455 1275 Hispania
468 1194 606 1257 litteras
622 1192 831 1256 confessarii
845 1192 878 1255 ei
890 1192 1114 1268 reddidisset,
1128 1193 1174 1256 ad
1188 1210 1294 1274 quem
1307 1194 1460 1258 destina·

229 1297 371 1379 bantur,
387 1300 601 1366 Societatem
616 1301 690 1380 ipse
706 1298 890 1378 ingressus
905 1308 969 1362 est.

288 1408 380 1473 2010.
423 1408 668 1473 Catechismus
689 1405 726 1469 P.
742 1405 877 1470 Canisii
896 1405 1050 1471 Lovanii
1068 1407 1105 1471 in
1124 1409 1332 1473 universum
1347 1417 1462 1473 tanto·

228 1528 313 1596 pere
327 1516 476 1597 placuit,
492 1526 531 1579 ut
546 1532 627 1579 cum
642 1516 836 1594 impressus
855 1512 904 1576 ibi
919 1524 1030 1593 esset,
1051 1516 1176 1595 paucis
1196 1516 1320 1579 diebus
1341 1516 1462 1580 omnia

227 1622 445 1704 exemplaria
458 1622 750 1686 distraherentur.
762 1619 915 1700 Quidam
928 1629 1046 1684 autem
1062 1623 1258 1686 monachus
1273 1621 1332 1687 st*
1351 1622 1462 1687 Fran·

227 1730 317 1795 cisci
330 1730 367 1793 in
382 1728 541 1807 Collegio
557 1727 739 1792 Castrensi
753 1728 850 1790 illum
864 1727 1003 1807 publice
1015 1737 1142 1793 etcum
1154 1746 1286 1809 magna
1298 1739 1461 1811 accepta·

231 1836 326 1901 tione
341 1836 438 1900 illum
450 1837 653 1900 enarrabat.

289 1942 380 2008 2011.
426 1942 516 2008 Cum
537 1952 656 2006 autem
677 1941 754 2005 Rex
775 1941 935 2006 facultati
961 1943 1163 2022 theologiae
1187 1946 1399 2025 lovaniensi,
1423 1956 1463 2009 ut

229 2050 485 2116 catechismum
500 2048 703 2127 conficeret,
720 2048 946 2127 injunxisset;
961 2057 1145 2130 tantopere
1157 2052 1215 2114 hic
1229 2051 1300 2116 illis
1315 2051 1460 2134 placuit,

229 2167 270 2220 ut
283 2157 391 2221 alium
405 2156 415 2189 ¹
431 2157 613 2220 meliorem
628 2174 667 2219 se
680 2173 752 2219 non
767 2172 872 2236 posse
892 2154 1068 2218 conficere
1088 2156 1247 2236 theologi
1262 2168 1461 2237 censerent3

227 2274 264 2327 et
283 2264 399 2328 denuo
418 2264 690 2343 imprimendum
713 2279 794 2325 cum
814 2262 959 2327 decreto
978 2263 1200 2343 theologicae
1224 2265 1406 2331 facultatis
1425 2277 1462 2330 et

227 2371 418 2451 privilegio
432 2369 542 2449 Regis
556 2378 737 2447 curarunt,
751 2378 785 2433 et
800 2369 836 2431 in
850 2369 1019 2449 gallicam
1034 2369 1191 2449 linguam
1202 2381 1236 2435 et
1251 2372 1462 2438 flandricam

230 2490 355 2542 versus
370 2478 476 2541 etiam
490 2459 558 2555 est,
574 2487 612 2540 ut
627 2479 664 2541 in
679 2478 748 2540 illis
763 2477 870 2540 etiam
885 2476 1017 2556 linguis
1031 2479 1306 2557 imprimeretur.

289 2585 381 2651 2012.
424 2585 600 2650 Dominus
615 2584 658 2649 de
674 2584 848 2664 Andalot,
873 2586 934 2666 qui
953 2601 1034 2649 cum
1054 2584 1273 2666 Imperatore
1288 2590 1324 2654 in
1337 2588 1462 2670 Hispa·

229 2697 325 2760 niam
347 2697 461 2760 iturus
483 2703 576 2770 erat,
600 2704 639 2757 ut
660 2694 785 2757 domus
804 2692 878 2775 ejus
901 2710 1025 2757 curam
1038 2703 1197 2774 gereret,
1213 2694 1269 2759 his
1284 2697 1409 2762 diebus
1425 2699 1461 2761 in

231 2802 393 2866 morbu'm
407 2801 582 2880 incidenS,
599 2800 648 2865 6.⁸
664 2800 720 2864 die
740 2800 896 2880 Augusti
916 2801 991 2864 vita
1006 2800 1150 2865 iunctus
1169 2811 1234 2866 est.
1259 2803 1382 2868 Astitit
1402 2821 1462 2868 au·

229 2919 302 2974 tem
316 2911 348 2973 ei
364 2908 401 2972 P.
417 2909 665 2988 Ribadeneyra
683 2919 716 2970 et
732 2909 946 2973 charitatem
961 2908 996 2971 in
1015 2909 1140 2972 ultima
1155 2910 1215 2973 illa
1235 2911 1461 2989 necessitate,

228 3017 499 3098 quibuscunque
514 3015 631 3080 modis
646 3015 771 3095 potuit,
788 3015 960 3094 impendit
978 3011 1002 3074 ¹.

233 3173 236 3179 .
290 3123 381 3188 2013.
404 3123 583 3189 ¹Venerat
604 3122 679 3203 ejus
697 3121 800 3200 fitius,
822 3121 949 3186 Petrus
968 3123 1137 3203 Andalot,
1160 3141 1206 3188 ex
1224 3123 1385 3206 Collegio
1405 3146 1463 3191 no·

229 3241 317 3312 stro,
334 3249 355 3295 a
370 3231 502 3294 nostris
518 3239 701 3305 evocatus,
719 3239 756 3293 ut
771 3239 910 3310 patrem
925 3230 1074 3304 videret:
1087 3241 1123 3294 et
1138 3249 1209 3295 non
1224 3233 1339 3297 solum
1355 3235 1464 3300 animi

230 3339 440 3419 patientiam
454 3339 497 3402 de
511 3339 625 3417 patris
641 3338 754 3414 obitu,
775 3337 838 3400 sed
858 3347 891 3400 et
907 3338 1132 3418 prudentiam
1148 3356 1229 3404 cum
1243 3337 1414 3406 fratribus
1428 3344 1463 3406 in

230 3445 459 3510 exoneranda
474 3443 632 3525 ejusdem
647 3445 760 3524 patris
779 3445 1012 3520 conscientia,
1034 3454 1070 3509 et
1090 3447 1257 3512 subsidiis
1276 3447 1465 3528 spirituali-

231 3547 345 3617 busci
360 3551 542 3630 curandiS,
560 3551 723 3614 ostendit.

156 3735 165 3746 Ι
292 3658 384 3724 2014.
427 3658 529 3739 Quod
550 3659 676 3722 attinet
695 3657 740 3722 ad
763 3659 946 3737 negotium
971 3658 1212 3739 admissionis,
1232 3661 1378 3726 tandem
1397 3661 1463 3728 Re·

232 3767 318 3846 gina
343 3767 545 3842 Bohemiae,
570 3763 691 3843 adjuta
713 3782 734 3826 a
756 3764 893 3827 Comite
915 3763 1059 3844 Feriae,
1076 3776 1150 3830 tam
1169 3766 1357 3847 diligenter
1376 3769 1462 3833 illud

232 3875 324 3939 ursit
338 3875 431 3955 apud
445 3873 593 3938 fratrem
609 3890 723 3950 suum,
741 3871 875 3950 Regem
891 3870 1104 3953 Philippum,
1117 3884 1166 3953 ut,
1181 3875 1345 3955 quamvis
1360 3873 1464 3940 Prae·

231 3979 296 4047 lati
324 3981 628 4058 contradicerent,
651 3987 686 4041 et
718 3986 851 4043 statuta
873 3979 1014 4042 illarum
1034 3980 1304 4059 provinciarum
1325 3982 1466 4046 ratione

232 4088 525 4166 amortizationiS,
542 4103 648 4168 quam
663 4096 807 4164 vocant,
825 4083 1092 4168 [opponerent];
1108 4088 1156 4151 ad
1177 4089 1313 4152 exitum
1327 4089 1468 4154 demum

232 4196 441 4278 perductum
456 4204 520 4260 est.
537 4192 628 4258 Nam
643 4203 682 4257 ut
693 4191 952 4273 objectionibus
964 4211 1007 4256 ac
1024 4193 1289 4259 difficultatibus
1301 4195 1381 4260 finis
1393 4207 1469 4260 tan·

231 4303 313 4368 dern
327 4303 579 4385 imponeretur,
597 4319 618 4364 a
641 4299 808 4364 Praeside
824 4299 948 4380 Viglio
964 4301 1181 4381 postulatum
1189 4310 1270 4382 est,
1286 4311 1325 4367 ut
1347 4319 1471 4369 omnes

275 4584 284 4617 ¹
312 4582 361 4628 lile
372 4583 496 4628 librarius
505 4582 649 4636 scripserat
659 4579 725 4632 sibi:
736 4579 781 4624 sed
792 4583 884 4634 postea
894 4579 1007 4624 deletum
1018 4587 1066 4628 est.

275 4656 287 4688 Ι
312 4655 362 4701 Est
373 4655 415 4701 hle
426 4654 574 4710 alphonsus
585 4653 707 4707 Andalot,
718 4651 748 4695 de
759 4662 809 4707 quo
819 4651 916 4696 dictum
928 4661 967 4696 cst
978 4663 1066 4708 snpra,
1077 4665 1103 4700 n.
1114 4653 1166 4698 191⁶
1176 4660 1202 4699 st
1213 4665 1269 4711 seq.
