3642 5350
782 345 845 405 Aa.
867 345 937 406 1556
1418 344 1470 404 431

240 502 337 569 tana,
353 492 553 556 Secretario
571 490 592 571 ¹,
606 491 778 555 intellexit
793 491 836 554 de
851 500 1012 571 tempore
1027 491 1257 571 profectionis
1272 490 1389 554 Caroli
1404 489 1470 555 Im·

241 601 415 681 peratoris
441 600 527 663 nihil
556 608 738 677 constare,
765 608 800 662 et
832 597 1088 678 profectionem
1118 598 1226 677 Regis
1254 597 1406 678 Philippi
1433 598 1471 662 in

242 708 410 787 Angliam
426 707 654 787 probabiliter
669 706 766 770 credi
778 722 893 787 posse,
908 706 1094 787 etquidem
1109 704 1221 783 brevi,
1239 704 1403 787 quamvis
1417 723 1472 770 re-

241 817 381 880 diturus
395 823 488 877 esset
502 814 538 877 in
553 813 727 893 Belgium.

306 921 392 985 1852.
438 919 540 1000 Quod
555 922 680 985 attinet
696 920 741 983 ad
756 920 945 983 ecclesiam
959 929 993 982 et
1008 920 1214 983 facultatem
1234 919 1471 984 concionandi

243 1029 418 1093 Bruxellis
426 1025 876 1104 habendam,differendum
884 1026 943 1089 ille
952 1027 1191 1090 arbitrabatur
1199 1027 1266 1090 hoc
1274 1027 1468 1106 negotium,

243 1154 309 1200 nec
324 1138 468 1199 domum
483 1145 543 1197 aut
558 1134 788 1214 praedicandi
802 1133 1009 1196 facultatem
1025 1143 1108 1196 tunc
1119 1133 1361 1214 quaerendam
1379 1150 1471 1212 esse,

241 1262 285 1306 eo
299 1243 394 1323 quod
414 1241 492 1306 Rex
511 1240 694 1320 Philippus
714 1240 801 1303 nihil
821 1248 991 1315 statuere,
1013 1248 1200 1319 praesente
1214 1238 1354 1314 Carolo,
1371 1250 1473 1320 patre

242 1367 319 1429 suo,
332 1358 517 1427 statuerat;
531 1366 551 1411 a
564 1365 634 1429 quo
645 1348 681 1410 in
694 1346 769 1410 dies
782 1347 1061 1425 resignationem
1072 1362 1265 1427 regnorum
1277 1346 1472 1426 Hispaniae

242 1467 277 1521 et
291 1455 432 1521 Siciliae
448 1456 644 1536 spectabat.
661 1454 704 1517 Et
719 1454 772 1517 ita
795 1453 997 1517 Lovanium
1010 1453 1230 1517 redeundum
1245 1472 1323 1517 esse
1339 1452 1473 1534 judica-

243 1573 342 1641 runt,
370 1572 408 1625 ut
428 1580 509 1626 curn
528 1562 671 1641 negotia
690 1560 906 1640 gravissima
927 1559 1185 1637 tractabantur,
1205 1570 1328 1624 nostra
1343 1561 1472 1641 impor-

243 1682 327 1735 tune
342 1687 412 1733 non
427 1679 678 1733 tractarentur.

308 1776 395 1841 1853.
438 1777 547 1841 Venit
565 1788 685 1839 autem
700 1775 832 1838 Rector
846 1772 1099 1838 Universitatis
1114 1773 1125 1804 ¹
1141 1774 1186 1837 ad
1202 1774 1397 1853 Collegium
1412 1793 1474 1838 no·
1496 1780 1499 1785 '

244 1895 369 1963 strum,
391 1893 425 1947 et
444 1900 597 1965 pransus
616 1882 841 1945 familiariter
855 1897 938 1944 cum
952 1881 1095 1959 nostris,
1112 1899 1178 1944 suo
1194 1899 1237 1945 ac
1257 1880 1474 1945 Universita·

244 1994 291 2056 tis
305 1992 447 2055 nomine
462 1992 604 2070 rogavit
621 1990 656 2053 P.
680 1987 985 2069 Ribadeneyram,
1006 1997 1044 2051 ut
1063 1989 1171 2052 latine
1186 1989 1346 2069 sequenti
1366 1989 1475 2053 domi-

246 2100 326 2163 nica
342 2098 626 2163 concionaretur.
643 2096 797 2159 Domino
810 2096 919 2159 etiam
930 2094 1077 2159 Decano
1097 2105 1131 2159 et
1144 2096 1365 2160 cancellario
1379 2097 1475 2159 lova·

245 2206 360 2270 niensi
375 2204 518 2269 Ruardo
534 2202 557 2281 ⁸,
574 2220 678 2283 quem
694 2202 826 2280 invisit,
842 2200 878 2264 id
893 2202 1011 2282 ipsum
1024 2202 1253 2282 probabatur.

308 2310 396 2375 1854.
440 2312 560 2375 Tertia
576 2327 663 2389 ergo
674 2309 852 2373 dominica
865 2309 1053 2372 Adventus
1065 2320 1145 2390 post
1160 2311 1354 2392 meridiem,
1368 2314 1478 2377 latine

245 2418 341 2500 apud
365 2416 430 2483 ὅπα
456 2416 664 2481 Michaelem
690 2417 925 2479 concionatus
950 2424 1005 2479 est
1025 2433 1106 2479 cum
1121 2417 1226 2481 valde
1246 2418 1422 2499 frequenti
1442 2429 1478 2483 et

246 2524 480 2590 attentissimo
492 2524 680 2602 auditori0,
695 2534 728 2587 et
741 2540 879 2587 summa
891 2540 973 2586 cum
985 2522 1239 2603 satisfactione,
1254 2526 1360 2589 immo
1372 2537 1406 2590 et
1419 2525 1477 2590 ad-

247 2633 433 2698 miratione
449 2632 552 2711 illius;
569 2640 603 2695 et
618 2630 779 2711 sequenti
794 2630 972 2695 dominica
992 2648 1035 2694 ac
1057 2630 1157 2695 festis
1172 2631 1280 2696 etiam
1300 2630 1479 2698 Natalitiis

245 2759 285 2804 se
312 2749 608 2822 prosequuturum
634 2739 825 2802 conciones
849 2738 985 2818 recepit
1011 2747 1046 2802 et
1071 2739 1263 2819 praestitit,
1290 2749 1328 2804 ut
1355 2742 1479 2805 scribit

248 2847 285 2910 Ρ.
303 2847 518 2922 Bernardus,
534 2865 576 2909 ea
591 2863 673 2908 cum
687 2845 885 2908 eruditione
900 2853 935 2908 et
953 2846 1111 2923 fervore,
1125 2857 1163 2908 ut
1184 2846 1379 2926 auditores,
1395 2865 1478 2928 quo·

249 2971 328 3017 rum
342 2970 510 3016 numerus
524 2953 559 3016 in
576 2953 650 3016 dies
666 2952 882 3030 augebatur,
898 2969 965 3015 nec
985 2951 1110 3015 similis
1124 2952 1229 3016 fuerit
1243 2970 1398 3034 unquam
1414 2954 1479 3018 Lo·

251 3061 349 3122 vanii
363 3061 470 3136 visuS,
484 3075 702 3138 magnopere
714 3068 907 3138 stuperent;
921 3068 956 3121 et
967 3059 1131 3138 quamvis
1142 3058 1264 3139 ipseP.
1278 3061 1481 3127 Bernartius

250 3183 374 3230 omnes
400 3166 589 3229 conciones
614 3164 652 3227 P.
679 3165 827 3230 Stradac
853 3165 1028 3244 audierat,
1058 3183 1149 3246 quae
1176 3165 1481 3247 frequentissimos

249 3274 431 3337 auditores
446 3273 654 3352 habuerant,
671 3273 775 3350 longe
795 3281 914 3335 tamen
933 3271 1104 3352 majorem
1119 3289 1303 3336 numerum
1323 3283 1358 3337 et
1373 3275 1482 3338 admi·

251 3383 425 3446 rationem
451 3381 577 3444 harum
603 3380 831 3457 concionum,
853 3395 960 3460 quam
980 3379 1120 3443 illarum
1139 3380 1249 3443 fuisse
1270 3380 1480 3461 affirmabat,

249 3487 340 3552 adeo
352 3498 389 3551 ut
401 3488 509 3552 etiam
522 3496 660 3551 veteres
672 3486 951 3566 praedicatores
965 3487 1025 3567 qui
1039 3486 1148 3550 latine
1164 3487 1480 3569 concionabantur,

250 3594 431 3658 auditores
443 3595 630 3672 diligentes
641 3593 757 3657 effecti
768 3593 849 3672 sint,
863 3610 929 3656 nec
941 3592 1128 3674 quisquam
1139 3611 1261 3657 eorum
1274 3606 1484 3675 suggestum

251 3702 455 3767 conscendit
470 3710 659 3782 postquam
673 3700 712 3764 Ρ.
729 3699 979 3780 Ribadeneyra
992 3700 1198 3763 concionari
1212 3703 1340 3780 coepit.

315 3808 403 3873 1855.
447 3809 490 3872 Et
518 3808 661 3888 quidam
687 3805 901 3887 percelebris
926 3804 1073 3883 Doctor,
1096 3808 1237 3870 nomine
1257 3807 1480 3889 Amerocius,

250 3917 312 3996 qui
327 3915 515 3996 aliquando
530 3915 680 3979 Lovanii
696 3913 810 3978 fuerat
822 3915 930 3977 latine
941 3914 1186 3993 concionatus
1203 3925 1237 3978 et
1249 3915 1390 3995 quidem
1403 3934 1484 3980 cum

251 4024 408 4088 maximo
424 4039 615 4100 concursu,
639 4040 720 4086 cum
745 4022 909 4085 omnibus
932 4022 1006 4085 suis
1020 4022 1202 4102 discipulis
1217 4021 1261 4085 ad
1288 4023 1485 4088 audiendas

293 4233 300 4262 ¹
330 4229 490 4278 secretario,
498 4239 535 4272 sc.
546 4227 723 4272 Imperatoris.
736 4227 802 4271 Vlde
818 4238 906 4282 supra,
922 4235 942 4271 t.
953 4238 990 4280 ιιι,
1001 4239 1060 4280 peu.
1071 4227 1119 4280 223,
1135 4237 1160 4271 n.
1170 4227 1218 4278 ⁴38,
1232 4233 1322 4271 annot.
1337 4228 1359 4282 2,
1370 4234 1396 4272 et
1409 4240 1485 4284 prae·

250 4301 325 4356 cipue
335 4311 395 4356 pac.
404 4300 452 4352 282,
464 4311 479 4343 n
494 4300 540 4342 635.
555 4298 639 4343 Ειίιιιιι
651 4311 675 4342 ιιι
688 4300 735 4342 hoc
746 4301 802 4353 ipso
813 4300 951 4352 volumine,
963 4311 988 4344 n.
1000 4300 1060 4343 1862.

248 4425 252 4434 ¹
291 4373 303 4405 ¹
330 4373 462 4418 Adrianus
473 4371 584 4417 Cornelii
596 4372 625 4414 de
637 4371 854 4416 Browerehavcn.
864 4372 932 4416 Vide
943 4372 1040 4418 cartus
1050 4373 1083 4416 de
1093 4371 1149 4414 San
1160 4369 1280 4424 lauacro,
1290 4377 1309 4414 t.
1320 4381 1356 4425 ιιι,
1366 4384 1426 4427 pag.
1435 4373 1485 4417 559.

253 4445 324 4490 Infra
333 4445 364 4488 de
376 4445 464 4488 eodem
475 4445 532 4488 vlro
543 4443 637 4487 redibit
648 4453 741 4488 nermo.

292 4519 304 4551 ⁵
332 4518 486 4564 Notisslmue
496 4518 538 4562 hic
549 4523 588 4561 est
600 4516 718 4561 Ruardur
733 4516 844 4572 Tappcr,
861 4517 892 4562 de
907 4527 956 4572 quo
971 4527 1051 4570 saepe
1060 4527 1119 4560 cum
1130 4517 1207 4560 laude
1221 4514 1383 4560 Mortuum
1393 4521 1484 4560 nostre

253 4593 401 4646 loquuntur.
