3642 5350
704 488 707 495 ,
774 433 837 491 Ait.
860 432 930 493 1556
1414 432 1470 490 425

236 585 361 657 strum,
377 577 520 641 nomine
531 575 760 658 Stephanum,
776 577 984 657 spirensem,
997 577 1056 657 qui
1068 577 1284 641 valetudinis
1293 576 1411 656 gratia
1426 594 1468 639 eo

237 682 350 779 Roma
366 683 495 746 missus
509 682 626 747 fuerat
641 684 732 763 (erat
752 685 846 748 enim
869 683 900 747 ei
920 684 1060 764 patria),
1078 685 1280 765 quaesitum
1298 693 1333 748 et
1346 683 1468 747 inven-

237 798 323 869 tum,
341 789 527 854 Coloniam
542 807 662 855 secum
676 790 929 871 perduxerunt.

301 894 388 960 1827.
431 895 534 977 Quod
549 896 595 961 ad
610 897 699 961 alios
719 896 933 961 domesticos
952 897 1089 976 attinet,
1105 896 1144 961 P.
1164 894 1373 961 Leonardus
1388 908 1469 976 post

238 1004 366 1068 horum
379 1004 584 1082 adventum,
595 1004 823 1067 nihilominus
832 1003 986 1067 familiae
999 1003 1162 1083 praefuit,
1175 1021 1277 1084 quae,
1290 1012 1396 1066 aucta
1408 1020 1456 1065 nu
1525 1049 1531 1059 ,

240 1127 349 1190 mero,
371 1110 562 1192 aliquando
585 1112 787 1193 quindecim
808 1119 844 1174 et
865 1110 931 1173 sub
949 1109 1055 1175 finem
1078 1094 1163 1175 anui
1182 1110 1402 1190 undeviginti
1426 1108 1470 1171 de

238 1216 416 1281 Societate
436 1218 569 1281 habuit.

301 1322 389 1388 1828.
433 1322 584 1405 Quidam
604 1326 695 1388 inter
714 1326 803 1389 alios
820 1325 978 1406 juvenis,
1000 1326 1061 1407 qui
1081 1325 1266 1390 daemonis
1288 1334 1322 1388 et
1349 1324 1470 1387 mundi

237 1432 375 1512 laqueis
389 1432 579 1496 admodum
593 1432 750 1497 irretitus
765 1432 892 1513 suerat,
904 1431 1047 1514 juvenis
1061 1432 1194 1513 alioqui
1210 1431 1364 1512 egregiis
1379 1430 1468 1493 doti·

237 1540 304 1603 bus
327 1548 476 1603 naturae
499 1549 647 1603 ornatus
666 1551 700 1603 et
720 1540 894 1620 eruditus,
916 1540 1048 1605 Christi
1068 1540 1215 1603 servitio
1233 1541 1270 1603 in
1291 1537 1470 1602 Societate

238 1656 363 1711 nostra
379 1664 417 1709 se
432 1648 637 1727 mancipare
652 1648 785 1712 statuit.

302 1752 389 1818 1829.
432 1753 547 1818 Mater
561 1754 669 1818 etiam
683 1752 821 1819 Fratris
836 1755 948 1818 nostri
963 1754 1155 1830 Lamberti,
1172 1752 1252 1833 piae
1264 1751 1468 1823 memoriae,

238 1860 340 1925 initio
356 1858 461 1940 hujus
476 1861 560 1923 anni
575 1862 726 1924 alterum
736 1859 845 1925 filium
856 1861 1054 1925 octodecim
1065 1876 1179 1923 annos
1193 1867 1327 1933 natum,
1340 1875 1384 1921 ac
1399 1865 1468 1921 stu·

237 1966 377 2031 diosum
396 1968 542 2047 logices,
565 1967 611 2030 ad
627 1967 664 2031 P.
686 1966 912 2031 Leonardum
932 1968 1041 2044 misit,
1063 1977 1101 2031 ut
1117 1967 1154 2030 in
1175 1964 1391 2029 Societatem
1408 1982 1455 2028 no

238 2083 352 2137 stram
366 2074 482 2154 ipsum
497 2074 712 2153 admitteret,
730 2074 896 2155 adquam
914 2075 970 2137 ille
986 2074 1090 2137 valde
1106 2089 1303 2154 propensus
1318 2082 1407 2136 erat.

302 2178 390 2243 1830.
434 2180 507 2244 Alii
518 2181 588 2245 duo
596 2190 794 2261 praeterea,
811 2178 970 2262 [annum]
984 2181 1197 2260 vigesimum
1208 2180 1473 2260 primumagen·

238 2296 305 2365 teS,
321 2304 470 2367 quorum
486 2288 574 2351 alter
593 2288 748 2367 logicae,
771 2290 860 2351 alter
879 2288 1050 2369 physicae
1070 2287 1210 2351 auditor
1230 2295 1322 2364 erat,
1347 2285 1471 2349 eodem

238 2395 358 2458 animo
373 2393 418 2458 ad
433 2393 630 2474 Collegium
644 2406 805 2459 nostrum
824 2403 1052 2459 accesserunt
1070 2393 1089 2457 ¹.
1107 2393 1179 2457 Alii
1198 2393 1314 2469 multi,
1330 2390 1375 2455 de
1396 2391 1473 2472 qui·

240 2502 305 2565 bus
321 2501 409 2565 bene
424 2503 591 2584 sperabat
606 2502 643 2565 P.
660 2502 880 2582 Leonardus,
897 2503 966 2565 hoc
981 2503 1097 2582 ipsum
1113 2500 1291 2582 petebant,
1305 2499 1386 2563 licet
1400 2514 1473 2561 non

240 2608 362 2673 statim
376 2610 670 2673 exaudiebantur.

305 2715 393 2778 1831.
436 2714 587 2797 Quidam
613 2728 732 2782 tamen
757 2719 859 2797 aliuS,
884 2735 956 2781 non
975 2718 1136 2798 vulgaris'
1155 2714 1429 2798 expectationiS,
1451 2731 1473 2773 a

241 2823 512 2903 noviomagensi
526 2824 663 2888 decano
679 2825 958 2904 commendatus
975 2835 1009 2889 et
1025 2827 1114 2889 bene
1133 2826 1275 2901 doctuS,
1297 2819 1474 2884 admissus

239 2937 305 3008 est,
323 2917 381 3009 qui
397 2947 477 2994 cum
492 2931 571 2995 aliis
584 2929 734 2995 Romam
749 2932 814 2994 sub
827 2931 1032 3012 Augustum
1044 2933 1236 2996 mittendus
1247 2937 1335 2992 erat:
1348 2941 1470 2990 mense

243 3044 361 3100 autem
374 3037 467 3119 Julio
483 3055 593 3118 nepos
605 3038 700 3118 Mag.
715 3037 891 3116 Gierardi,
907 3040 1160 3107 coldracensis.
1174 3037 1254 3118 piae
1265 3035 1470 3106 memoriae,

241 3141 279 3205 in
303 3142 544 3222 spiritualibus
569 3145 750 3209 exercitiis
770 3147 919 3208 multum
939 3145 1101 3226 profecit.
1127 3143 1303 3209 Sacerdos
1324 3149 1414 3220 erat,
1437 3151 1471 3202 et

241 3249 344 3312 bonis
358 3251 609 3331 temporalibus
624 3252 739 3332 dives,
756 3252 819 3316 sed
834 3252 949 3332 magis
969 3253 1226 3334 spiritualibuS,
1248 3251 1308 3332 qui
1329 3267 1400 3312 non
1419 3265 1475 3311 so·

241 3358 313 3419 lum
327 3354 540 3420 Societatem
555 3358 694 3438 ingredi
709 3361 843 3438 statuit,
857 3360 920 3422 sed
932 3369 1016 3424 voto
1029 3361 1136 3423 etiam
1148 3357 1384 3422 confirmavit.
1397 3355 1472 3420 Sub
1563 3365 1567 3370 ’

241 3461 346 3526 finem
360 3473 479 3526 autem
494 3462 597 3543 hujus
617 3466 747 3529 mensis
765 3465 859 3547 Julii,
881 3467 1082 3546 praesentia
1098 3476 1132 3528 et
1152 3465 1328 3545 colloquio
1343 3462 1382 3526 Ρ.
1398 3460 1471 3526 Sal·

243 3571 411 3647 merouis,
428 3571 487 3651 qui
501 3574 610 3635 semel
624 3582 762 3635 tanturn
776 3572 810 3635 in
827 3572 986 3651 Collegio
1002 3572 1240 3652 pernoctavit,
1257 3584 1474 3649 magnopere

241 3679 394 3741 recreati
409 3678 560 3742 suerunt.
576 3679 647 3742 24.ει
661 3696 749 3742 vero
764 3679 919 3760 Augusti
934 3692 1087 3760 quatuor
1098 3679 1264 3760 juvenes,
1282 3678 1341 3758 qui
1362 3676 1472 3756 preci·

245 3783 311 3848 bus
329 3783 366 3847 id
386 3784 666 3865 impetraverant
681 3803 726 3849 ex
745 3785 960 3865 domesticis,
979 3785 1128 3850 Romam
1143 3787 1238 3850 misit
1259 3785 1296 3848 P.
1320 3784 1473 3847 Leonar-

241 3891 322 3970 dus;
338 3891 485 3971 scilicet,
502 3890 707 3972 Robertum,
723 3892 967 3971 Laurentium,
984 3893 1186 3972 Martinam,
1203 3893 1264 3972 qui
1278 3901 1363 3954 vota
1379 3889 1475 3953 domi

243 3987 388 4062 nostr'ae
402 3998 570 4063 Coloniae
585 4001 786 4078 emiserant,
804 4009 838 4064 et
858 4000 1032 4081 Joannem
1051 4000 1171 4078 Baiae,
1193 4000 1252 4080 qui
1267 3999 1373 4081 paulo
1392 4006 1474 4060 ante

241 4115 457 4184 accesserat,
475 4114 512 4169 ut
527 4123 565 4168 se
578 4104 748 4170 Societati
760 4108 871 4171 daret.
886 4105 1036 4170 Romam
1048 4125 1130 4170 cum
1141 4107 1221 4170 aliis
1232 4105 1473 4186 proficiscens

243 4211 299 4274 his
322 4213 464 4292 quintus
490 4210 676 4293 adjunctus
701 4223 772 4293 est,
795 4231 899 4294 quem
924 4213 962 4277 P.
990 4213 1194 4277 Bernardus
1209 4210 1389 4277 Oliverius
1411 4212 1474 4274 mi·

242 4329 352 4383 serat.

308 4425 395 4490 1832.
438 4426 485 4490 Hi
501 4437 620 4491 autem
635 4429 751 4490 locum
768 4427 846 4489 aliis
862 4426 1090 4491 admittendis
1105 4427 1275 4490 Coloniae
1291 4425 1474 4489 dederant:

287 4665 298 4699 ¹
325 4665 370 4712 Ms.
382 4671 503 4716 accessit.
