3642 5350
782 412 846 471 Au.
873 411 943 472 1556
1425 412 1478 474 135

245 560 295 623 tio
310 560 452 624 evocati
473 570 658 625 venerunt.
675 560 848 641 Quamvis
864 568 984 623 autem
999 560 1148 638 pecunia
1163 568 1198 622 et
1212 560 1437 639 frumentum,
1454 579 1476 624 a

247 666 429 731 cardinali
441 668 592 749 singulis
604 670 782 733 mensibus
795 668 1028 746 assignatum,
1043 676 1182 730 tantum
1193 667 1239 730 ad
1250 676 1401 748 quatuor
1418 668 1475 731 vel

247 774 400 855 quinque
415 776 561 839 alendos
581 776 767 851 sufficeret,
785 776 854 838 duo
870 784 988 838 tamen
1004 775 1123 854 amici,
1138 775 1284 853 scilicet,
1301 774 1476 839 Dominus

246 880 460 946 Franciscus
474 882 518 946 de
534 884 726 947 Villanova
740 895 774 946 et
788 882 963 946 Dominus
982 881 1227 945 Ferdinandus
1242 881 1409 962 Alvarez,
1422 882 1473 962 jn·

247 988 315 1053 dex
333 987 352 1068 ¹,
370 1007 412 1053 ea
427 990 583 1053 subsidia
599 1008 663 1071 pro
679 1008 742 1054 sua
758 991 931 1053 charitate
946 989 1196 1070 suggerebant,
1212 998 1252 1053 ut
1266 989 1373 1053 etiam
1393 1000 1473 1053 octo

246 1098 437 1161 sustentari
451 1107 486 1160 et
505 1098 709 1161 necessaria
722 1097 897 1179 quaedam
911 1098 1142 1177 supellectilia
1157 1106 1192 1159 et
1206 1097 1286 1161 libri
1301 1098 1471 1177 paulatim

246 1203 314 1267 emi
329 1215 485 1285 possent;
503 1205 666 1285 quamvis
680 1205 785 1269 Patre
809 1204 925 1269 Natali
941 1206 1007 1267 sub
1023 1205 1106 1267 anni
1122 1203 1227 1267 finem
1242 1202 1343 1267 Senis
1358 1212 1472 1267 trans·

245 1306 360 1389 elrnte,
379 1329 459 1376 cum
475 1312 599 1376 tertius
615 1312 783 1376 sacerdos
799 1313 835 1375 in
847 1312 1004 1392 gratiam
1020 1312 1231 1388 Cardinalis,
1250 1312 1398 1387 duobuS,
1412 1312 1473 1392 qui

243 1418 346 1483 Senis
360 1428 473 1497 erant,
490 1428 583 1483 esset
597 1418 795 1499 adjunctuS,
808 1419 1063 1499 aliquantulum
1075 1420 1173 1482 auxit
1184 1416 1196 1449 '
1208 1419 1470 1498 eleemosynam

243 1537 279 1591 et
294 1528 418 1591 decem
434 1544 561 1591 aureos
576 1527 725 1605 singulis
740 1526 918 1591 mensibus
934 1526 1019 1589 dare
1035 1526 1161 1606 coepit.

303 1635 374 1699 493.
417 1622 566 1699 Munera
588 1635 695 1697 etiam
717 1634 763 1697 ad
782 1633 915 1697 victum
936 1632 1221 1696 extraordinaria
1242 1633 1348 1712 misit,
1370 1633 1471 1697 etita

244 1760 325 1808 cum
344 1742 432 1806 nihil
450 1741 589 1806 firmum
611 1741 782 1804 haberent
802 1748 836 1804 et
856 1741 892 1803 ln
906 1740 997 1803 diem
1014 1740 1273 1822 quodammodo
1292 1741 1468 1818 viverent,

242 1850 331 1914 nihil
355 1859 474 1913 tamen
499 1849 550 1911 de·
568 1848 779 1911 necessariis
804 1847 927 1912 deesse
949 1848 1124 1912 Dominus
1148 1848 1385 1928 permittebat.
1412 1846 1470 1911 Ad

244 1965 484 2021 correctorem
508 1964 627 2019 tamen
652 1954 817 2018 alendum
837 1955 990 2019 facultas
1016 1956 1152 2031 deerat,
1177 1964 1349 2019 ettamen
1373 1956 1472 2035 pueri

244 2064 480 2143 castigatione
496 2063 697 2126 necessaria
713 2064 876 2142 egebant,
892 2064 942 2126 ita
958 2072 996 2125 ut
1015 2064 1128 2125 nostri
1147 2080 1208 2125 eos
1230 2063 1384 2142 propriis
1398 2079 1472 2125 ma·

245 2171 350 2235 nibus
364 2171 633 2250 castigaverint,
651 2171 744 2251 quod
760 2181 878 2233 tamen
893 2180 1017 2248 postea
1031 2168 1246 2248 prohibitum
1259 2169 1335 2232 suit.

303 2278 372 2341 494.
417 2277 584 2342 Vicarius
599 2277 870 2358 Archiepiscopi
889 2275 900 2306 ³
920 2294 1051 2355 magno
1072 2292 1153 2339 cum
1167 2274 1295 2339 affectu
1315 2277 1471 2356 postula,

242 2385 303 2450 bat
318 2396 355 2449 ut
377 2386 413 2449 in
427 2386 576 2465 singulis
601 2385 824 2449 monasteriis
849 2385 902 2448 bis
917 2386 1042 2447 saltem
1056 2384 1092 2446 in
1116 2383 1265 2463 singulis
1288 2384 1468 2447 mensibus

241 2494 369 2574 aliquis
380 2510 425 2557 ex
436 2493 568 2558 nostris
579 2492 822 2556 sacerdotibus
834 2492 1116 2571 concionaretur;
1129 2501 1163 2553 et
1175 2501 1247 2553 tam
1259 2491 1294 2554 in
1303 2491 1354 2553 eis
1363 2508 1469 2572 quam

241 2600 278 2664 in
298 2600 501 2665 carceribus
520 2609 554 2663 et
569 2600 604 2663 in
625 2600 855 2681 hospitalibus
870 2598 1007 2662 fructus
1019 2617 1089 2662 non
1103 2598 1335 2680 poenitendus
1350 2615 1471 2662 cerne·

242 2708 357 2787 batur,
374 2717 408 2772 et
427 2709 463 2771 in
483 2707 560 2772 dies
578 2705 740 2771 Societas
759 2718 881 2771 nostra
897 2708 1013 2786 magis
1028 2708 1320 2787 cognoscebatur;
1338 2715 1371 2770 et
1392 2708 1470 2786 ipso

242 2817 350 2881 etiam
365 2816 478 2897 primo
493 2833 614 2882 mense
630 2827 816 2896 postquam
828 2823 1012 2892 venerant,
1028 2815 1204 2895 frequenti
1218 2831 1382 2878 sermone
1397 2814 1470 2878 ubi·

241 2941 310 3005 que
332 2924 368 2987 in
387 2941 448 2987 ore
473 2926 630 2989 omnium
657 2924 776 2988 clerici
798 2922 807 2952 ⁴
832 2922 891 2986 §.ti
912 2923 1066 3002 Aegidii,
1083 2923 1118 2985 id
1137 2932 1191 2984 est
1210 2923 1334 3002 nostri,
1352 2940 1470 2986 versa·

240 3031 381 3111 bantur,
397 3041 431 3096 et
448 3032 493 3095 ad
505 3033 788 3096 communionem
804 3033 839 3094 in
858 3030 1129 3093 solemnioribus
1148 3029 1249 3092 sestis
1263 3030 1351 3092 satis
1371 3031 1471 3093 multi

242 3147 337 3202 etex
356 3138 588 3203 nobilioribus
607 3139 715 3219 aliqui
734 3139 934 3202 veniebant.
1083 3121 1085 3123 ¹
1477 3121 1487 3139 ⁸

300 3245 370 3309 495.
413 3246 588 3310 Dominus
600 3246 815 3324 Alexander,
826 3245 868 3310 de
880 3263 949 3326 quo
962 3245 1123 3324 superius
1135 3243 1230 3307 facta
1241 3252 1294 3306 est
1303 3245 1433 3308 mentio
1446 3243 1469 3323 ⁵,

240 3371 322 3417 cum
336 3354 434 3417 libris
450 3354 658 3434 opportunis
673 3365 814 3418 nostros
830 3351 972 3416 destitui
987 3352 1215 3430 intelligeret,
1232 3351 1320 3414 satis
1341 3352 1470 3414 multos

240 3459 432 3524 liberaliter
448 3461 556 3540 dedit;
572 3461 680 3524 etalii
696 3469 777 3525 sunt
793 3476 872 3522 eum
888 3459 1027 3535 imitati;
1050 3467 1085 3521 et
1100 3459 1149 3522 ita
1163 3467 1390 3538 prospectum
1416 3470 1469 3521 est

239 3568 379 3632 abunde
403 3568 485 3631 huic
511 3568 680 3632 librorum
705 3567 751 3630 ad
776 3585 899 3630 omnes
915 3576 1118 3629 nostrorum
1131 3566 1329 3629 functiones
1350 3583 1469 3628 neces·

207 3683 210 3689 '
240 3675 348 3738 sitati.

300 3781 371 3846 496.
414 3783 501 3848 Erat
516 3785 553 3847 in
568 3784 691 3847 eadem
707 3784 821 3862 dom0,
840 3784 874 3846 in
891 3801 959 3865 qua
976 3784 1087 3847 nostri
1106 3783 1325 3860 habitabant,
1347 3800 1466 3863 quarn·

241 3890 297 3954 vis
317 3890 352 3954 in
372 3899 539 3972 separata
558 3891 790 3970 habitatione,
812 3891 981 3954 sacerdos
1000 3890 1155 3970 quidam,
1178 3890 1318 3953 nomine
1338 3889 1467 3953 Guliel

243 4105 453 4115 -—-—.-—-.-

277 4240 287 4274 ¹
315 4241 383 4286 Vide
392 4253 480 4298 snpra,
492 4255 552 4299 pag.
564 4245 611 4299 125,
622 4257 644 4288 n.
654 4245 701 4288 455.

275 4311 288 4342 ³
316 4311 540 4367 lpseCardlnalts.

274 4381 287 4414 ⁸
315 4384 370 4429 Hoc
380 4387 479 4431 nornine
493 4387 617 4432 Vicarr'us
626 4389 828 4445 archiepiscopi
837 4389 1018 4444 intelligendus
1026 4401 1058 4432 ex
1066 4389 1181 4443 proxime
1189 4388 1354 4443 sequentibus
1362 4388 1466 4432 videtur

235 4457 278 4512 qnl
291 4457 497 4515 archiepiscopi,
508 4460 641 4505 Franclsci
653 4461 771 4512 Bandini,
782 4463 807 4505 ln
817 4461 1023 4506 administranda
1031 4460 1137 4504 Senensi
1146 4459 1257 4505 dioecesi
1266 4461 1336 4504 vices
1346 4463 1464 4514 gerebat.

235 4528 261 4572 12
271 4535 358 4574 autern
369 4539 427 4575 erat
437 4531 621 4578 “Germanicus
631 4533 770 4585 Bandlnus,
780 4533 915 4577 Franclsct
928 4545 1027 4586 nepos..
1038 4533 1165 4585 Unamnr,
1176 4533 1259 4576 Italia
1268 4544 1355 4576 sacra.

277 4605 290 4638 ⁴
316 4604 363 4649 lis.
374 4603 461 4646 nostri
471 4603 628 4658 clerici,·sed
638 4607 691 4649 llud
703 4609 789 4649 nostrl
799 4607 944 4649 redundare
955 4606 1069 4648 videtur.

278 4676 290 4711 Ι
317 4677 468 4726 Alexander
479 4677 651 4728 Plccolonrtat,
662 4677 888 4738 archipresbyter.
901 4676 967 4726 Vide
978 4687 1065 4730 supra,
1077 4686 1137 4733 pag.
1146 4673 1192 4729 132,
1203 4686 1227 4722 n.
1237 4674 1289 4724 486.
