3642 5350
340 452 375 511 18
793 451 922 513 Canon.
941 451 1019 513 Soc.
1038 453 1109 526 Jss.

335 598 481 680 perinde
508 607 613 679 atque
637 599 669 662 si
694 607 811 662 essent
836 597 880 662 de
904 596 1081 662 Societate
1102 615 1183 662 cum
1204 599 1256 660 eis
1277 598 1453 675 agendum
1480 596 1502 677 ';
1527 607 1580 662 et'

336 706 454 769 omnia
470 705 587 783 dubia,
604 722 695 786 quae
710 705 891 784 sigillatim
905 707 1084 785 postulata
1098 706 1239 768 fuerant
1257 722 1278 767 a
1299 703 1507 767 Patriarcha
1527 716 1562 768 et
1577 733 1580 741 ·

335 813 522 893 Episcopis
537 810 560 891 ¹,
576 829 621 876 ex
636 812 695 875 illa
715 812 946 888 concessione
965 813 1125 891 generali
1142 812 1314 875 latissima
1329 810 1506 890 dissolvit;
1523 821 1562 875 ut

336 920 429 1000 quod
443 929 588 1000 possent
602 919 789 982 admittere
804 919 989 999 aethiopes
1003 919 1049 982 ad
1063 918 1185 982 divina
1196 917 1322 996 officia,
1335 917 1441 981 immo
1452 919 1561 981 etiam

336 1025 521 1090 Professos
535 1023 723 1090 Societatis
738 1025 784 1089 ad
805 1026 960 1105 aliquam
973 1025 1183 1104 dignitatem
1202 1025 1239 1088 in
1257 1023 1447 1104 Aethiopia
1467 1025 1559 1087 exci-

338 1133 503 1213 piendam
524 1132 682 1212 obligare
696 1143 853 1212 possent,
869 1131 1034 1212 quamvis
1048 1131 1117 1195 hac
1131 1131 1300 1196 facultate
1319 1146 1427 1210 parce
1441 1131 1560 1195 admo·

336 1237 469 1302 dumet
483 1255 565 1302 cum
579 1255 711 1319 magua
725 1239 864 1302 cautela
878 1238 1047 1302 utendum
1061 1231 1184 1302 suasit.

398 1345 448 1410 43.
491 1345 537 1408 Et
561 1345 643 1427 quia
662 1345 875 1425 optabantur
889 1345 1044 1408 Litterae
1060 1345 1288 1424 Apostolicae
1303 1343 1408 1424 hujus
1421 1343 1562 1408 Pontifi-

335 1453 398 1527 cis,
427 1469 516 1532 quae
542 1450 792 1516 confirmarent
817 1459 852 1514 et
876 1452 1115 1532 approbarent
1134 1468 1224 1531 quae
1244 1469 1265 1514 a
1284 1451 1562 1532 praedecessore

333 1559 425 1642 Julio
440 1558 486 1623 111
500 1557 595 1622 facta
609 1557 760 1638 fuerant,
778 1559 915 1622 meliori
929 1557 1083 1639 quodam
1098 1558 1202 1623 modo
1216 1575 1237 1620 a
1252 1556 1363 1622 Paulo
1382 1557 1433 1621 IV
1454 1560 1560 1638 impe·

336 1675 450 1730 tratae
474 1665 634 1743 suerunt;
660 1682 742 1728 nam
767 1666 909 1745 scripsit
933 1663 1096 1728 Pontifex
1120 1663 1211 1744 Regi
1238 1665 1461 1745 Aethiopiae,
1491 1665 1561 1745 ipsi

335 1772 587 1836 commendans
600 1770 845 1835 Patriarcham
864 1770 1037 1854 Joannem
1057 1770 1205 1851 Nugnez
1225 1782 1261 1836 et
1282 1772 1326 1835 ad
1346 1773 1379 1836 ei
1398 1769 1559 1836 obedien·

333 1880 416 1943 dum
430 1890 576 1960 paterne
591 1895 671 1942 eum
691 1878 900 1942 hortabatur
922 1876 951 1942 ⁸:
971 1888 1006 1942 et
1028 1879 1123 1960 quod
1145 1877 1190 1942 ad
1210 1880 1294 1943 illud
1316 1880 1460 1943 dubium
1480 1879 1559 1942 atti·

333 1995 403 2065 net,
421 2004 467 2049 an
482 1985 615 2062 vinum,
630 1985 724 2065 quod
738 2003 784 2048 ex
798 1986 915 2065 passis
930 1985 1173 2064 conficeretur,
1189 1986 1339 2049 materia
1358 2002 1558 2049 sacramen·

332 2103 449 2157 torum
468 2093 595 2157 idonea
617 2103 721 2171 esset,
743 2109 815 2156 non
836 2101 889 2155 est
912 2091 1029 2155 visum
1050 2090 1088 2156 P.
1111 2091 1250 2171 ignatio
1273 2092 1440 2172 expedire
1461 2104 1500 2155 ut
1521 2094 1558 2156 in

334 2197 565 2278 Consistorio,
582 2199 674 2262 sicut
687 2199 882 2279 petebatur,
898 2199 1124 2263 tractandum
1144 2209 1417 2280 proponeretur3
1437 2199 1501 2262 sed
1520 2217 1562 2262 re

334 2322 414 2369 cum
438 2306 612 2384 theologis
631 2305 892 2369 communicata
911 2314 947 2369 et
968 2322 1049 2369 cum
1068 2304 1249 2370 Cardlnali
1268 2305 1390 2383 Puteo,
1416 2306 1562 2386 scripsit

334 2429 398 2476 nos
421 2429 486 2493 pro
505 2422 687 2493 comperto
705 2411 837 2475 habere
852 2411 948 2492 quod
970 2413 1093 2475 vinum
1114 2429 1160 2475 ex
1173 2413 1288 2493 passis
1307 2429 1468 2500 pressum
1482 2431 1559 2492 spe·

333 2521 422 2583 ciem
438 2516 450 2549 ⁴
464 2518 539 2583 vini
553 2518 715 2598 retineat,
733 2529 766 2582 et
781 2519 831 2581 ita
846 2519 997 2582 materia
1011 2517 1138 2582 idonea
1149 2520 1363 2583 sacramenti
1374 2528 1478 2594 esset;
1492 2536 1561 2582 nec

332 2625 623 2690 consuetudinem
650 2633 701 2690 tot
722 2626 957 2705 saeculorum,
979 2626 1192 2706 praesertim
1210 2626 1342 2691 rationi
1364 2643 1558 2691 consonam

334 2733 428 2813 (quia
443 2732 540 2796 aliud
559 2734 682 2797 vinum
702 2733 750 2796 ibi
769 2750 841 2797 non
860 2732 1063 2812 invenitur),
1087 2734 1391 2797 condemnandam
1411 2735 1561 2798 arbitra-

330 2841 443 2903 batur.

389 2945 440 3009 44.
484 2945 575 3025 Quia
600 2963 687 3009 vero
710 2945 810 3009 multi
831 2946 875 3009 de
895 2944 1066 3009 Societati
1086 2944 1123 3008 in
1143 2944 1372 3025 Aethiopiam
1393 2947 1558 3010 destinati

330 3061 444 3132 erant,
461 3050 612 3132 injunxit
626 3050 665 3115 P.
683 3051 842 3131 Ignatius
862 3050 1078 3116 Provinciali
1096 3051 1334 3132 Portugalliae
1355 3062 1394 3115 ut
1414 3053 1466 3131 (re
1488 3055 1556 3117 col-

330 3160 402 3223 lata
422 3176 502 3223 cum
520 3158 740 3237 Patriarcha,
762 3158 939 3239 Episcopo
958 3169 994 3221 et
1012 3158 1087 3221 suis
1106 3159 1365 3223 consultoribus
1391 3158 1414 3237 ⁸)
1437 3177 1482 3224 ex
1506 3159 1561 3223 cis

331 3266 483 3347 aliquem
499 3265 657 3345 eligeret,
681 3265 741 3346 qui
761 3264 958 3345 Praepositi
979 3263 1213 3328 Provincialis
1233 3264 1348 3328 officio
1363 3267 1398 3329 in
1414 3264 1557 3329 Aethio·

331 3373 390 3453 pia
404 3373 624 3453 iungeretur,
641 3372 805 3454 quamvis
815 3382 888 3436 tam
900 3371 1016 3463 ipsum
1027 3369 1272 3451 Praepositum
1284 3370 1558 3452 Provincialem,

331 3496 439 3560 quam
458 3480 618 3543 subditos
640 3478 718 3560 ipsi,
740 3477 960 3542 obedientiae
979 3476 1209 3541 Patriarchae
1229 3476 1411 3558 subjacere
1430 3479 1556 3555 voluit,

332 3604 404 3649 non
419 3588 532 3649 solum
547 3595 693 3666 propter
707 3602 786 3648 earn
801 3585 1061 3659 auctoritatem,
1078 3601 1185 3664 quam
1199 3602 1220 3647 a
1232 3583 1400 3647 Pontifice
1412 3602 1560 3666 accepe-

331 3705 399 3773 rat,
415 3694 477 3757 sed
492 3703 636 3774 propter
651 3693 758 3770 illam,
776 3708 882 3773 quam
897 3692 1045 3771 ipsemet
1059 3689 1098 3754 P.
1111 3690 1268 3770 Ignatius
1279 3691 1393 3755 eidem
1403 3690 1557 3755 Patriar-

370 3975 380 4004 ¹
408 3968 475 4014 Vide
486 3970 512 4014 tn
523 3968 619 4013 Curias
628 3968 661 4012 de
672 3966 727 4013 San
738 3967 854 4022 Ignact'o,
868 3973 887 4011 t.
899 3968 1053 4021 praesertim
1063 3979 1089 4020 v,
1097 3969 1202 4023 passim,
1213 3979 1278 4023 quas
1287 3968 1392 4022 scripsit
1403 3968 1521 4023 ignatius
1530 3979 1558 4014 et

330 4052 364 4085 ex
374 4042 432 4097 ejus
442 4042 630 4085 contraissione
640 4040 768 4084 Polaticus
778 4039 900 4083 Patribus
909 4038 1002 4092 Joannl
1011 4038 1109 4091 Nubes,
1118 4038 1252 4085 Melchiorl
1262 4040 1387 4085 Carnelro
1398 4048 1424 4085 et
1435 4042 1559 4090 Andreae

328 4115 359 4158 de
371 4112 478 4157 Oviedo.

370 4186 381 4217 ¹
409 4184 475 4228 Vide
485 4195 572 4239 supra.
584 4191 602 4227 t.
613 4196 639 4234 v.
650 4194 709 4238 pag.
719 4182 767 4235 605,
779 4194 804 4226 u.
817 4182 875 4227 16⁶9.

368 4256 380 4290 ⁸
408 4256 462 4301 Has
475 4256 549 4301 Paull
560 4255 597 4299 1V
607 4256 711 4300 litteras
721 4254 800 4299 sltert
812 4253 958 4308 Rauennam,
969 4256 986 4299 l.
997 4266 1029 4307 c..
1039 4266 1098 4299 ann.
1110 4256 1169 4310 155⁶,
1180 4267 1205 4300 n.
1215 4266 1277 4300 sart.

369 4329 380 4361 ⁴
407 4326 465 4371 Vox
476 4328 540 4371 haec
549 4329 665 4382 spectem
676 4328 799 4371 sumenda
810 4327 851 4370 hic
859 4334 899 4371 est
909 4338 960 4369 non
970 4327 1072 4381 qutdem
1081 4338 1127 4381 pro
1134 4328 1235 4380 forma,
1242 4328 1341 4382 figura,
1350 4339 1380 4372 eo
1389 4329 1459 4381 quod
1467 4328 1562 4382 primo

330 4402 440 4455 aspectu
451 4401 575 4454 apparet,
584 4398 629 4441 scd
639 4410 686 4452 pro
697 4408 735 4451 eo,
751 4398 818 4452 quod
832 4398 901 4449 apud
914 4398 1080 4453 philosophos
1096 4400 1223 4454 appellari
1236 4400 1291 4455 lam
1306 4400 1441 4444 consuevit
1456 4403 1557 4442 natura

331 4470 467 4527 specifictn
476 4480 550 4525 quem
561 4480 663 4514 sensum
674 4469 740 4524 apud
751 4470 846 4514 latlros
855 4469 935 4513 ctiam
949 4471 1036 4514 habet.
1047 4470 1148 4515 “Genus
1158 4478 1197 4514 est
1208 4472 1233 4515 ld
1248 4472 1315 4526 quod
1329 4472 1368 4515 sul
1384 4472 1481 4516 slmiles
1491 4480 1557 4513 com·

330 4543 447 4588 munione
463 4542 582 4596 quadam,
596 4542 681 4596 specie
695 4550 783 4585 antem
797 4540 956 4593 disserentes,
972 4541 1036 4586 duas
1050 4551 1096 4586 sut
1107 4544 1196 4597 plures
1206 4544 1409 4598 complectitur...
1424 4541 1488 4595 Cro,
1501 4540 1557 4584 lde

330 4614 450 4665 Oratore,
459 4625 482 4658 c.
491 4613 526 4657 42,

367 4687 378 4718 ⁵
406 4686 476 4739 Quae
487 4684 636 4739 parenthesl
648 4683 820 4741 lncltrduntnr,
830 4696 862 4728 es
872 4684 904 4729 sd
915 4694 988 4728 oram
997 4686 1109 4740 paginae
1118 4686 1209 4731 addita
1218 4693 1287 4733 sont.
