3642 5350
334 405 393 477 iso
785 408 1016 476 cmoa.··soe.
1047 410 1112 475 ias

335 566 457 643 posset
475 559 581 625 aliter
598 559 682 625 alibi
700 562 831 641 krauss
845 558 1016 624 homines
1035 558 1079 625 de
1098 556 1276 626 Societate
1298 556 1430 626 sentire
1432 560 1564 695 duent

335 670 403 751 ipsi
415 668 629 734 sentiebant

336 775 482 840 ·.·719
501 775 623 856 Quod
635 776 692 839 ad
706 775 848 840 scholas
871 776 1008 854 attinet,
1036 777 1201 857 quamvis
1225 776 1320 857 Mag.
1343 766 1561 843 Ambrosius

250 872 254 879 ’
334 881 525 949 Pollicinus
546 882 663 947 officio
683 897 749 948 suo
767 880 976 961 iungeretur
993 883 1014 958 ¹,
1031 883 1139 948 alium
1154 884 1329 950 tantenP.
1354 883 1561 951 Pelletarlus

334 990 547 1071 postulabat,
563 999 613 1070 ut,
629 1007 711 1055 cunr
724 990 783 1053 ille
796 989 888 1053 male
908 990 1055 1066 ualeret,
1072 1001 1192 1071 posset
1213 992 1282 1073 ipsi
1297 992 1480 1057 substitui·
1491 990 1560 1057 Sed

334 1099 515 1163 contrario
530 1097 637 1162 niodo
656 1096 801 1177 accidit,
817 1114 907 1161 nam
928 1096 966 1163 P.
982 1096 1140 1179 ignatius
1154 1099 1317 1163 eumdem
1330 1098 1560 1164 Ambrosium

334 1203 502 1270 Ferraria
527 1205 702 1269 reuocari¹
713 1203 829 1286 jussit,
856 1215 894 1269 ut
916 1204 990 1269 'alia
1018 1204 1134 1269 studia
1162 1202 1348 1286 superiora
1377 1206 1561 1286 tractaret3

335 1328 419 1379 nam
431 1310 573 1393 iuvenis
587 1320 664 1376 erat
678 1310 725 1376 ad
738 1316 798 1375 res
810 1308 965 1392 maiores
979 1310 1138 1376 idoneus.

394 1418 466 1483 720.
507 1418 587 1503 Jatn
609 1416 902 1499 abinitio'huju's
927 1418 1011 1483 anni
1034 1418 1266 1485 admonuerat
1289 1420 1328 1484 P.
1348 1420 1563 1487 Franciscus

334 1525 501 1603 Palmius,
513 1524 608 1607 quod
619 1524 763 1591 scholae
774 1524 1022 1591 Ferrarienses
1033 1525 1226 1607 frigescere
1241 1536 1434 1609 coeperant
1449 1539 1485 1597 et
1500 1546 1562 1595 nu·

334 1649 454 1698 ruerus
472 1632 766 1698 scholasticorum
786 1632 891 1697 vaide
908 1632 1114 1698 imminutus
1135 1642 1228 1699 esset
1253 1642 1288 1699 et
1308 1635 1353 1699 ad
1373 1636 1561 1716 sexaginta

334 1741 392 1805 uel
419 1740 526 1822 paulo
553 1739 715 1822 amplius
729 1740 913 1819 redactus,
944 1739 1006 1806 sed
1034 1749 1114 1821 post
1142 1758 1322 1822 recessum
1351 1742 1446 1823 Mag.
1477 1742 1562 1809 Aru·

334 1847 443 1912 brosii
457 1849 573 1927 magis
586 1848 695 1912 etiam
715 1863 758 1911 ea
777 1847 900 1911 schola
915 1846 1118 1913 declinavit.
1135 1847 1307 1928 Quamvis
1321 1850 1415 1914 enirn
1425 1850 1560 1915 missus

333 1953 648 2034 l'uerit,'Atnbrosii
660 1955 749 2034 lo'cb,
762 1954 858 2035 Mag.
873 1955 1031 2038 Joannes
1045 1956 1089 2019 de
1104 1954 1309 2035 Majoribds,
1324 1954 1470 2022 inflatior
1484 1966 1561 2023 erat

334 2061 371 2126 id
395 2061 567 2143 temporis
587 2070 623 2127 et
642 2070 758 2127 aetate
778 2072 813 2127 et
835 2062 1043 2141 eruditione,
1069 2072 1104 2127 et
1125 2063 1175 2126 ita
1196 2063 1364 2129 recedere
1386 2082 1407 2128 a
1428 2064 1561 2129 sebois

334 2169 478 2251 quidam
492 2186 539 2233 ex
555 2169 758 2251 praecipuis
771 2177 982 2250 coeperunt;
998 2170 1114 2250 magis
1129 2179 1248 2236 tamen
1264 2170 1300 2235 in
1322 2188 1365 2235 eo
1384 2170 1561 2237 desidera·

335 2277 440 2341 batur
454 2275 569 2341 virilis
583 2286 748 2358 aspectus
762 2293 870 2357 quam
884 2276 1047 2357 eruditio,
1063 2286 1098 2342 et
1113 2277 1299 2343 accidebat
1314 2278 1504 2359 aliquando
1515 2284 1562 2345 ut

335 2395 473 2450 tantum
488 2384 579 2450 duos
593 2385 651 2449 vel
665 2393 739 2450 tres
752 2393 921 2449 externos
935 2395 1077 2466 practer
1092 2386 1230 2467 aliquos
1245 2394 1386 2450 nostros
1400 2386 1559 2451 baberet.
1609 2472 1611 2477 Δ

335 2491 540 2573 Aliquando
553 2492 661 2557 etiam
682 2491 852 2555 lectiones
870 2492 1194 2557 intermittebantur
1215 2492 1260 2556 ob
1282 2491 1560 2559 auditorum'de·

334 2600 466 2671 lectum
481 2598 504 2677 ¹,
521 2600 582 2682 qui
594 2598 682 2669 nulli
695 2598 924 2677 accedebant,
940 2608 975 2663 et
987 2597 1278 2682 tamendtsclpuli
1289 2616 1362 2665 non
1374 2600 1561 2682 pauciores
1650 2638 1657 2651 ·

334 2717 449 2787 erant,
470 2707 502 2773 si
527 2723 651 2771 ornnes
671 2707 775 2771 sitnm
795 2708 930 2772 classes
948 2715 1206 2788 computentur,
1232 2725 1337 2789 quam
1363 2724 1444 2774 cunt
1463 2705 1558 2788 Mag.

335 2815 547 2880 Ambrosius
566 2815 615 2879 ibi
634 2823 746 2895 esset;
766 2832 850 2879 nam
869 2815 1065 2895 nonaginta
1085 2813 1189 2880 erant
1211 2822 1247 2878 et
1267 2816 1313 2880 ad
1334 2824 1477 2881 centum
1501 2817 1561 2881 ali-

331 2921 477 3006 quando
490 2937 659 2986 numerus
672 2921 960 3006 perveniebatdn
979 2923 1093 2998 tribus
1114 2921 1300 2988 classidas.
1324 2918 1558 3002 Quia-tamen

335 3029 490 3111 liberior,
500 3046 604 3111 quarn
613 3039 776 3112 parerat,
783 3028 952 3110 juventus
963 3028 1203 3094 Ferrariensis
1215 3029 1473 3107 inveniebatur,
1487 3037 1558 3096 nou

333 3138 365 3212 is
380 3147 577 3202 morum-ac
591 3121 731 3218 pietatis
746 3136 882 3201 fructus
896 3131 1113 3217 capiebatur,
1129 3135 1234 3217 quem
1249 3135 1360 3202 nostri
1376 3137 1558 3219 optabant.

391 3243 462 3308 721.
504 3242 626 3308 Nostri
646 3244 850 3309 'scholastici
864 3245 900 3308 in
919 3242 1081 3306 cubiculo
1102 3242 1255 3322 quodaru
1276 3244 1420 3309 scholae
1441 3245 1560 3310 vicino

331 3351 366 3417 ct
381 3353 458 3416 non'
467 3350 606 3432 publice
616 3351 786 3416 le'ctiones
796 3350 1000 3429 audiebant,
1017 3351 1124 3414 etiam
1140 3351 1201 3432 qui
1217 3360 1559 3432 praeceptores'non

330 3460 452 3538 crant}
467 3467 503 3524 et
520 3457 559 3522 id
578 3455 678 3522 Patri
696 3457 814 3522 Natali
834 3458 1021 3538 probatum
1043 3457 1152 3522 luisse
1171 3458 1366 3524 dicebatur.
1387 3459 1559 3524 Privadrn

327 3566 439 3632 etiam
455 3564 493 3630 P.
516 3563 723 3629 Pelletarius
742 3564 879 3629 duobus
902 3574 964 3628 aut
985 3564 1098 3629 tribus
1116 3561 1316 3645 juvenibus
1338 3567 1423 3632 licet
1440 3567 1561 3632 multis

328 3672 466 3755 alioqui
479 3672 770 3754 occupationibus
782 3672 985 3752 impeditus,
1002 3673 1230 3752 praetegebat
1246 3671 1269 3735 ³.
1528 3679 1533 3688 '

390 3779 462 3844 722.
505 3779 596 3844 Cu'm
608 3777 810 3844 cardinatis
823 3778 1065 3843 Ferrariensis
1079 3797 1123 3842 ex
1137 3779 1271 3846 litteris¹
1282 3779 1396 3844 Roma
1417 3781 1559 3864 scriptis

331 3887 464 3954 obitum
481 3885 518 3951 P.
540 3885 667 3966 Ignatii
688 3887 931 3964 intellexisset,
954 3895 1116 3951 amanter
1134 3887 1316 3970 rescripsit
1338 3886 1559 3954 condolendo

333 3993 515 4072 societati,
538 4009 629 4075 quae
651 3994 715 4059 tali
734 3992 840 4058 Patre
862 3993 1005 4076 privata
1030 3993 1166 4073 luisset,
1187 4003 1222 4059 et
1248 3995 1409 4061 eamdent
1436 4011 1560 4062 conso·

332 4101 438 4168 lando
453 4118 515 4182 spe
531 4101 796 4166 intercessionis
810 4101 905 4182 apud
920 4101 1036 4166 Deum
1050 4101 1206 4196 ejusdem
1223 4101 1351 4184 Patris,
1368 4107 1408 4168 et
1417 4107 1558 4214 onlnem

331 4224 433 4273 suam
448 4223 595 4289 operam
609 4205 766 4272 officiose
781 4207 999 4273 offerendo.

370 4376 380 4413 Ι
408 4374 513 4421 Primae
525 4377 603 4422 claui
612 4385 736 4433 praeerat
746 4378 907 4424 Ambrosius.
919 4377 986 4424 Vide
996 4379 1073 4434 lnlra,
1084 4393 1108 4425 n.
1119 4391 1173 4436 seq.
1184 4387 1211 4426 et
1222 4381 1270 4426 737.

368 4448 381 4482 ¹
406 4447 437 4493 ln
446 4458 494 4493 rna.
504 4447 601 4504 legitur
611 4450 761 4506 acceptant,
773 4451 859 4496 seder
861 4451 933 4496 idens
942 4457 983 4497 est
993 4463 1067 4498 error
1076 4454 1186 4500 catania

368 4519 381 4555 ⁸
407 4518 591 4576 Praetereunt.
599 4521 708 4577 scillcet,
719 4523 1560 4583 tbcolozimetquaeadcasuaconscientiaesolvcudospcrtiae·

329 4595 400 4639 bant.
411 4590 577 4649 Videsnpru
588 4600 607 4638 t
616 4605 634 4636 v
636 4605 714 4660 ,ιιι
725 4593 771 4651 189,
782 4606 808 4640 ιι.
816 4595 867 4642 892.

369 4666 381 4709 t
408 4662 697 4720 flaslttteraababealn
709 4665 914 4714 CartaadeSaa
925 4669 1042 4727 ignatio,
1055 4677 1074 4719 t.
1085 4683 1120 4726 ιι.
1130 4685 1191 4735 pap.
1202 4671 1377 4742 bidet'llb.
1437 4719 1440 4728 ,
