<?xml version="1.0" encoding="UTF-8"?>
<!DOCTYPE html PUBLIC "-//W3C//DTD XHTML 1.0 Transitional//EN"
    "http://www.w3.org/TR/xhtml1/DTD/xhtml1-transitional.dtd">
<html xmlns="http://www.w3.org/1999/xhtml" xml:lang="en" lang="en">
 <head>
  <title>
</title>
<meta http-equiv="Content-Type" content="text/html;charset=utf-8" />
  <meta name='ocr-system' content='tesseract 3.04.00' />
  <meta name='ocr-capabilities' content='ocr_page ocr_carea ocr_par ocr_line ocrx_word'/>
</head>
<body>
  <div class='ocr_page' id='page_1' title='image "./vitaignatiiloio00polagoog_0852.png"; bbox 0 0 3642 5350; ppageno 0'>
   <div class='ocr_carea' id='block_1_1' title="bbox 364 439 1140 515">
    <p class='ocr_par' dir='ltr' id='par_1_1' title="bbox 364 439 1140 515">
     <span class='ocr_line' id='line_1_1' title="bbox 364 439 1140 515; baseline 0 -14"><span class='ocrx_word' id='word_1_1' title='bbox 364 439 418 501; x_wconf 81' lang='lat'>826</span> <span class='ocrx_word' id='word_1_2' title='bbox 821 439 949 503; x_wconf 71' lang='lat' dir='ltr'>Canon.</span> <span class='ocrx_word' id='word_1_3' title='bbox 971 440 1047 501; x_wconf 87' lang='lat' dir='ltr'><strong>Soc.</strong></span> <span class='ocrx_word' id='word_1_4' title='bbox 1070 440 1140 515; x_wconf 77' lang='lat' dir='ltr'>Jss.</span> 
     </span>
    </p>
   </div>
   <div class='ocr_carea' id='block_1_2' title="bbox 291 587 1610 4750">
    <p class='ocr_par' dir='ltr' id='par_1_2' title="bbox 363 587 1595 1424">
     <span class='ocr_line' id='line_1_2' title="bbox 422 587 1592 671; baseline 0.003 -18"><span class='ocrx_word' id='word_1_5' title='bbox 422 587 514 653; x_wconf 84' lang='lat'><strong>3538.</strong></span> <span class='ocrx_word' id='word_1_6' title='bbox 557 589 727 655; x_wconf 88' lang='lat' dir='ltr'>Emerunt</span> <span class='ocrx_word' id='word_1_7' title='bbox 742 590 850 655; x_wconf 87' lang='lat' dir='ltr'>etiam</span> <span class='ocrx_word' id='word_1_8' title='bbox 864 591 980 655; x_wconf 87' lang='lat' dir='ltr'>nostri</span> <span class='ocrx_word' id='word_1_9' title='bbox 1000 590 1107 654; x_wconf 91' lang='lat' dir='ltr'>situm</span> <span class='ocrx_word' id='word_1_10' title='bbox 1122 590 1309 671; x_wconf 86' lang='lat' dir='ltr'>quemdam</span> <span class='ocrx_word' id='word_1_11' title='bbox 1330 590 1412 654; x_wconf 92' lang='lat' dir='ltr'>huie</span> <span class='ocrx_word' id='word_1_12' title='bbox 1433 591 1553 655; x_wconf 92' lang='lat' dir='ltr'>domui</span> <span class='ocrx_word' id='word_1_13' title='bbox 1569 610 1592 657; x_wconf 89' lang='lat' dir='ltr'>a</span> 
     </span>
     <span class='ocr_line' id='line_1_3' title="bbox 363 696 1594 780; baseline 0.002 -19"><span class='ocrx_word' id='word_1_14' title='bbox 363 696 461 778; x_wconf 83' lang='lat' dir='ltr'><strong>Rege</strong></span> <span class='ocrx_word' id='word_1_15' title='bbox 489 697 642 761; x_wconf 85' lang='lat' dir='ltr'>donatae</span> <span class='ocrx_word' id='word_1_16' title='bbox 662 698 838 774; x_wconf 89' lang='lat' dir='ltr'>vicinum,</span> <span class='ocrx_word' id='word_1_17' title='bbox 854 697 959 762; x_wconf 88' lang='lat' dir='ltr'>valde</span> <span class='ocrx_word' id='word_1_18' title='bbox 976 698 1110 762; x_wconf 90' lang='lat' dir='ltr'>bonum</span> <span class='ocrx_word' id='word_1_19' title='bbox 1129 706 1165 761; x_wconf 91' lang='lat' dir='ltr'>et</span> <span class='ocrx_word' id='word_1_20' title='bbox 1185 699 1360 779; x_wconf 91' lang='lat' dir='ltr'>amplum,</span> <span class='ocrx_word' id='word_1_21' title='bbox 1384 714 1467 761; x_wconf 90' lang='lat' dir='ltr'>curn</span> <span class='ocrx_word' id='word_1_22' title='bbox 1484 697 1594 780; x_wconf 89' lang='lat' dir='ltr'>Regis</span> 
     </span>
     <span class='ocr_line' id='line_1_4' title="bbox 364 803 1589 887; baseline 0 -18"><span class='ocrx_word' id='word_1_23' title='bbox 364 820 552 884; x_wconf 90' lang='lat' dir='ltr'>consensu,</span> <span class='ocrx_word' id='word_1_24' title='bbox 573 813 714 885; x_wconf 87' lang='lat' dir='ltr'>praeter</span> <span class='ocrx_word' id='word_1_25' title='bbox 734 806 843 869; x_wconf 90' lang='lat' dir='ltr'>alium</span> <span class='ocrx_word' id='word_1_26' title='bbox 858 806 965 869; x_wconf 92' lang='lat' dir='ltr'>situm</span> <span class='ocrx_word' id='word_1_27' title='bbox 984 821 1090 887; x_wconf 87' lang='lat' dir='ltr'>quern</span> <span class='ocrx_word' id='word_1_28' title='bbox 1115 805 1213 885; x_wconf 91' lang='lat' dir='ltr'>prius</span> <span class='ocrx_word' id='word_1_29' title='bbox 1234 805 1310 885; x_wconf 92' lang='lat' dir='ltr'>ipse</span> <span class='ocrx_word' id='word_1_30' title='bbox 1332 804 1410 869; x_wconf 87' lang='lat' dir='ltr'>Rex</span> <span class='ocrx_word' id='word_1_31' title='bbox 1432 803 1589 886; x_wconf 85' lang='lat' dir='ltr'>dederat,</span> 
     </span>
     <span class='ocr_line' id='line_1_5' title="bbox 365 911 1592 994; baseline 0.002 -19"><span class='ocrx_word' id='word_1_32' title='bbox 365 929 447 976; x_wconf 92' lang='lat' dir='ltr'>cum</span> <span class='ocrx_word' id='word_1_33' title='bbox 461 928 543 993; x_wconf 91' lang='lat' dir='ltr'>quo,</span> <span class='ocrx_word' id='word_1_34' title='bbox 564 912 625 993; x_wconf 90' lang='lat' dir='ltr'>qui</span> <span class='ocrx_word' id='word_1_35' title='bbox 646 921 785 994; x_wconf 91' lang='lat' dir='ltr'>emptus</span> <span class='ocrx_word' id='word_1_36' title='bbox 804 921 869 990; x_wconf 90' lang='lat' dir='ltr'>est,</span> <span class='ocrx_word' id='word_1_37' title='bbox 892 921 969 977; x_wconf 88' lang='lat' dir='ltr'>erat</span> <span class='ocrx_word' id='word_1_38' title='bbox 989 911 1209 993; x_wconf 85' lang='lat' dir='ltr'>conjunctus.</span> <span class='ocrx_word' id='word_1_39' title='bbox 1233 911 1287 975; x_wconf 88' lang='lat' dir='ltr'>Ex</span> <span class='ocrx_word' id='word_1_40' title='bbox 1308 912 1414 976; x_wconf 92' lang='lat' dir='ltr'>domo</span> <span class='ocrx_word' id='word_1_41' title='bbox 1434 922 1592 978; x_wconf 88' lang='lat' dir='ltr'>autema</span> 
     </span>
     <span class='ocr_line' id='line_1_6' title="bbox 365 1019 1594 1101; baseline 0 -17"><span class='ocrx_word' id='word_1_42' title='bbox 365 1020 462 1101; x_wconf 89' lang='lat' dir='ltr'>Rege</span> <span class='ocrx_word' id='word_1_43' title='bbox 476 1019 608 1084; x_wconf 87' lang='lat' dir='ltr'>donata</span> <span class='ocrx_word' id='word_1_44' title='bbox 622 1021 810 1085; x_wconf 89' lang='lat' dir='ltr'>ecclesiam</span> <span class='ocrx_word' id='word_1_45' title='bbox 829 1020 943 1084; x_wconf 86' lang='lat' dir='ltr'>nostri</span> <span class='ocrx_word' id='word_1_46' title='bbox 962 1019 1206 1097; x_wconf 83' lang='lat' dir='ltr'>confecerunt,</span> <span class='ocrx_word' id='word_1_47' title='bbox 1227 1029 1262 1084; x_wconf 92' lang='lat' dir='ltr'>et</span> <span class='ocrx_word' id='word_1_48' title='bbox 1280 1029 1399 1083; x_wconf 91' lang='lat' dir='ltr'>tamen</span> <span class='ocrx_word' id='word_1_49' title='bbox 1414 1019 1489 1100; x_wconf 84' lang='lat' dir='ltr'>eJ&#39;us</span> <span class='ocrx_word' id='word_1_50' title='bbox 1509 1037 1594 1101; x_wconf 89' lang='lat' dir='ltr'>pars</span> 
     </span>
     <span class='ocr_line' id='line_1_7' title="bbox 365 1126 1593 1204; baseline 0.002 -14"><span class='ocrx_word' id='word_1_51' title='bbox 365 1128 411 1192; x_wconf 89' lang='lat' dir='ltr'>ad</span> <span class='ocrx_word' id='word_1_52' title='bbox 425 1126 680 1192; x_wconf 85' lang='lat' dir='ltr'><strong>habitationem</strong></span> <span class='ocrx_word' id='word_1_53' title='bbox 695 1137 900 1192; x_wconf 90' lang='lat' dir='ltr'>nostrorum</span> <span class='ocrx_word' id='word_1_54' title='bbox 913 1136 968 1191; x_wconf 93' lang='lat' dir='ltr'>est</span> <span class='ocrx_word' id='word_1_55' title='bbox 981 1142 1174 1204; x_wconf 82' lang='lat' dir='ltr'>conversa;</span> <span class='ocrx_word' id='word_1_56' title='bbox 1190 1127 1236 1190; x_wconf 89' lang='lat' dir='ltr'>ad</span> <span class='ocrx_word' id='word_1_57' title='bbox 1256 1126 1456 1191; x_wconf 88' lang='lat' dir='ltr'>aedificium</span> <span class='ocrx_word' id='word_1_58' title='bbox 1475 1137 1593 1192; x_wconf 90' lang='lat' dir='ltr'>autem</span> 
     </span>
     <span class='ocr_line' id='line_1_8' title="bbox 366 1234 1595 1314; baseline -0.001 -15"><span class='ocrx_word' id='word_1_59' title='bbox 366 1234 538 1299; x_wconf 91' lang='lat' dir='ltr'>ecclesiae</span> <span class='ocrx_word' id='word_1_60' title='bbox 553 1235 749 1313; x_wconf 89' lang='lat' dir='ltr'>christiani,</span> <span class='ocrx_word' id='word_1_61' title='bbox 767 1236 849 1300; x_wconf 92' lang='lat' dir='ltr'>licet</span> <span class='ocrx_word' id='word_1_62' title='bbox 867 1235 905 1300; x_wconf 93' lang='lat' dir='ltr'>in</span> <span class='ocrx_word' id='word_1_63' title='bbox 921 1235 1060 1314; x_wconf 87' lang='lat' dir='ltr'>magnis</span> <span class='ocrx_word' id='word_1_64' title='bbox 1078 1234 1259 1299; x_wconf 79' lang='lat' dir='ltr'><strong>laboribus</strong></span> <span class='ocrx_word' id='word_1_65' title='bbox 1273 1234 1470 1314; x_wconf 89' lang='lat' dir='ltr'>constituti,</span> <span class='ocrx_word' id='word_1_66' title='bbox 1485 1235 1595 1299; x_wconf 89' lang='lat' dir='ltr'>subsi-</span> 
     </span>
     <span class='ocr_line' id='line_1_9' title="bbox 366 1343 1595 1424; baseline 0 -17"><span class='ocrx_word' id='word_1_67' title='bbox 366 1343 461 1407; x_wconf 87' lang='lat' dir='ltr'><strong>dium</strong></span> <span class='ocrx_word' id='word_1_68' title='bbox 476 1344 681 1419; x_wconf 89' lang='lat' dir='ltr'>attulerunt,</span> <span class='ocrx_word' id='word_1_69' title='bbox 698 1361 798 1409; x_wconf 88' lang='lat' dir='ltr'>suam</span> <span class='ocrx_word' id='word_1_70' title='bbox 813 1343 980 1408; x_wconf 91' lang='lat' dir='ltr'>nimirum</span> <span class='ocrx_word' id='word_1_71' title='bbox 991 1359 1136 1424; x_wconf 83' lang='lat' dir='ltr'>operam</span> <span class='ocrx_word' id='word_1_72' title='bbox 1149 1343 1337 1424; x_wconf 85' lang='lat' dir='ltr'>diligenter</span> <span class='ocrx_word' id='word_1_73' title='bbox 1349 1343 1595 1423; x_wconf 87' lang='lat' dir='ltr'>impendendo.</span> 
     </span>
    </p>

    <p class='ocr_par' dir='ltr' id='par_1_3' title="bbox 366 1449 1601 2928">
     <span class='ocr_line' id='line_1_10' title="bbox 425 1449 1596 1516; baseline 0.001 -2"><span class='ocrx_word' id='word_1_74' title='bbox 425 1450 517 1514; x_wconf 81' lang='lat'><strong>3539.</strong></span> <span class='ocrx_word' id='word_1_75' title='bbox 559 1449 717 1515; x_wconf 92' lang='lat' dir='ltr'>Primum</span> <span class='ocrx_word' id='word_1_76' title='bbox 732 1461 851 1515; x_wconf 84' lang='lat' dir='ltr'>autem</span> <span class='ocrx_word' id='word_1_77' title='bbox 862 1450 995 1515; x_wconf 89' lang='lat' dir='ltr'>Missae</span> <span class='ocrx_word' id='word_1_78' title='bbox 1009 1450 1223 1516; x_wconf 87' lang='lat' dir='ltr'>sacrificium</span> <span class='ocrx_word' id='word_1_79' title='bbox 1242 1451 1336 1515; x_wconf 88' lang='lat' dir='ltr'>ineo</span> <span class='ocrx_word' id='word_1_80' title='bbox 1356 1451 1513 1515; x_wconf 90' lang='lat' dir='ltr'>oblatum</span> <span class='ocrx_word' id='word_1_81' title='bbox 1530 1451 1596 1515; x_wconf 86' lang='lat' dir='ltr'>fuit</span> 
     </span>
     <span class='ocr_line' id='line_1_11' title="bbox 366 1557 1594 1640; baseline 0.001 -19"><span class='ocrx_word' id='word_1_82' title='bbox 366 1558 443 1640; x_wconf 85' lang='lat' dir='ltr'>ipso</span> <span class='ocrx_word' id='word_1_83' title='bbox 457 1558 514 1624; x_wconf 90' lang='lat' dir='ltr'>die</span> <span class='ocrx_word' id='word_1_84' title='bbox 530 1560 688 1623; x_wconf 92' lang='lat' dir='ltr'>omnium</span> <span class='ocrx_word' id='word_1_85' title='bbox 702 1558 917 1624; x_wconf 89' lang='lat' dir='ltr'>Sanctorum</span> <span class='ocrx_word' id='word_1_86' title='bbox 932 1577 953 1622; x_wconf 92' lang='lat' dir='ltr'>a</span> <span class='ocrx_word' id='word_1_87' title='bbox 968 1557 1007 1623; x_wconf 90' lang='lat' dir='ltr'>P.</span> <span class='ocrx_word' id='word_1_88' title='bbox 1019 1557 1212 1623; x_wconf 86' lang='lat' dir='ltr'>Melchiore</span> <span class='ocrx_word' id='word_1_89' title='bbox 1224 1558 1382 1639; x_wconf 90' lang='lat' dir='ltr'>Nugnez‚</span> <span class='ocrx_word' id='word_1_90' title='bbox 1395 1560 1455 1639; x_wconf 88' lang='lat' dir='ltr'>qui</span> <span class='ocrx_word' id='word_1_91' title='bbox 1463 1557 1538 1639; x_wconf 84' lang='lat' dir='ltr'>J‘am</span> <span class='ocrx_word' id='word_1_92' title='bbox 1549 1559 1594 1622; x_wconf 90' lang='lat' dir='ltr'>ad</span> 
     </span>
     <span class='ocr_line' id='line_1_12' title="bbox 366 1660 1598 1747; baseline 0 -18"><span class='ocrx_word' id='word_1_93' title='bbox 366 1683 496 1730; x_wconf 88' lang='lat' dir='ltr'>navem</span> <span class='ocrx_word' id='word_1_94' title='bbox 511 1682 550 1730; x_wconf 90' lang='lat' dir='ltr'>se</span> <span class='ocrx_word' id='word_1_95' title='bbox 563 1660 774 1744; x_wconf 80' lang='lat' dir='ltr'>contulerat,</span> <span class='ocrx_word' id='word_1_96' title='bbox 791 1674 826 1731; x_wconf 89' lang='lat' dir='ltr'>et</span> <span class='ocrx_word' id='word_1_97' title='bbox 841 1666 923 1732; x_wconf 87' lang='lat' dir='ltr'>inde</span> <span class='ocrx_word' id='word_1_98' title='bbox 938 1664 985 1730; x_wconf 90' lang='lat' dir='ltr'>ad</span> <span class='ocrx_word' id='word_1_99' title='bbox 1000 1665 1068 1730; x_wconf 90' lang='lat' dir='ltr'>hoc</span> <span class='ocrx_word' id='word_1_100' title='bbox 1081 1668 1234 1747; x_wconf 90' lang='lat' dir='ltr'>primum</span> <span class='ocrx_word' id='word_1_101' title='bbox 1246 1682 1387 1730; x_wconf 88' lang='lat' dir='ltr'>sacrum</span> <span class='ocrx_word' id='word_1_102' title='bbox 1399 1666 1598 1730; x_wconf 81' lang='lat' dir='ltr'>faciendum</span> 
     </span>
     <span class='ocr_line' id='line_1_13' title="bbox 367 1772 1598 1855; baseline 0 -18"><span class='ocrx_word' id='word_1_103' title='bbox 367 1773 484 1849; x_wconf 90' lang='lat' dir='ltr'>rediit,</span> <span class='ocrx_word' id='word_1_104' title='bbox 501 1782 692 1854; x_wconf 87' lang='lat' dir='ltr'>antequam</span> <span class='ocrx_word' id='word_1_105' title='bbox 702 1792 748 1837; x_wconf 87' lang='lat' dir='ltr'>ex</span> <span class='ocrx_word' id='word_1_106' title='bbox 761 1773 897 1855; x_wconf 91' lang='lat' dir='ltr'>Japone</span> <span class='ocrx_word' id='word_1_107' title='bbox 909 1774 1105 1853; x_wconf 87' lang='lat' dir='ltr'>recederet;</span> <span class='ocrx_word' id='word_1_108' title='bbox 1118 1782 1153 1837; x_wconf 94' lang='lat' dir='ltr'>et</span> <span class='ocrx_word' id='word_1_109' title='bbox 1165 1774 1198 1838; x_wconf 92' lang='lat' dir='ltr'>ei</span> <span class='ocrx_word' id='word_1_110' title='bbox 1209 1773 1383 1838; x_wconf 86' lang='lat' dir='ltr'>sacrificio</span> <span class='ocrx_word' id='word_1_111' title='bbox 1395 1773 1495 1837; x_wconf 90' lang='lat' dir='ltr'>multi</span> <span class='ocrx_word' id='word_1_112' title='bbox 1509 1772 1598 1837; x_wconf 93' lang='lat' dir='ltr'>chri·</span> 
     </span>
     <span class='ocr_line' id='line_1_14' title="bbox 366 1880 1596 1964; baseline -0.002 -18"><span class='ocrx_word' id='word_1_113' title='bbox 366 1882 473 1946; x_wconf 90' lang='lat' dir='ltr'>stiani</span> <span class='ocrx_word' id='word_1_114' title='bbox 484 1880 698 1964; x_wconf 87' lang='lat' dir='ltr'>japonenses</span> <span class='ocrx_word' id='word_1_115' title='bbox 709 1881 906 1958; x_wconf 87' lang='lat' dir='ltr'>astiterunt,</span> <span class='ocrx_word' id='word_1_116' title='bbox 921 1891 956 1945; x_wconf 89' lang='lat' dir='ltr'>et</span> <span class='ocrx_word' id='word_1_117' title='bbox 967 1882 1079 1946; x_wconf 87' lang='lat' dir='ltr'>nostri</span> <span class='ocrx_word' id='word_1_118' title='bbox 1091 1898 1158 1945; x_wconf 91' lang='lat' dir='ltr'>sua</span> <span class='ocrx_word' id='word_1_119' title='bbox 1169 1890 1255 1946; x_wconf 89' lang='lat' dir='ltr'>vota</span> <span class='ocrx_word' id='word_1_120' title='bbox 1268 1880 1436 1945; x_wconf 89' lang='lat' dir='ltr'>Societati</span> <span class='ocrx_word' id='word_1_121' title='bbox 1451 1898 1596 1945; x_wconf 90' lang='lat' dir='ltr'>eonsue-</span> 
     </span>
     <span class='ocr_line' id='line_1_15' title="bbox 367 1986 1594 2072; baseline -0.003 -17"><span class='ocrx_word' id='word_1_122' title='bbox 367 1999 404 2055; x_wconf 88' lang='lat' dir='ltr'>ta</span> <span class='ocrx_word' id='word_1_123' title='bbox 419 1988 537 2055; x_wconf 90' lang='lat' dir='ltr'>multis</span> <span class='ocrx_word' id='word_1_124' title='bbox 553 2007 634 2054; x_wconf 92' lang='lat' dir='ltr'>cum</span> <span class='ocrx_word' id='word_1_125' title='bbox 649 1990 819 2072; x_wconf 89' lang='lat' dir='ltr'>lacrymis</span> <span class='ocrx_word' id='word_1_126' title='bbox 834 2007 877 2054; x_wconf 87' lang='lat' dir='ltr'>ac</span> <span class='ocrx_word' id='word_1_127' title='bbox 892 1988 1077 2054; x_wconf 89' lang='lat' dir='ltr'>desideriis</span> <span class='ocrx_word' id='word_1_128' title='bbox 1096 1986 1174 2053; x_wconf 91' lang='lat' dir='ltr'>Deo</span> <span class='ocrx_word' id='word_1_129' title='bbox 1196 1988 1375 2052; x_wconf 86' lang='lat' dir='ltr'>serviendi</span> <span class='ocrx_word' id='word_1_130' title='bbox 1391 1988 1594 2052; x_wconf 90' lang='lat' dir='ltr'>emiserunt.</span> 
     </span>
     <span class='ocr_line' id='line_1_16' title="bbox 367 2092 1598 2177; baseline -0.004 -14"><span class='ocrx_word' id='word_1_131' title='bbox 367 2098 451 2163; x_wconf 90' lang='lat' dir='ltr'>Post</span> <span class='ocrx_word' id='word_1_132' title='bbox 465 2114 645 2163; x_wconf 88' lang='lat' dir='ltr'>recessum</span> <span class='ocrx_word' id='word_1_133' title='bbox 659 2108 778 2162; x_wconf 91' lang='lat' dir='ltr'>autem</span> <span class='ocrx_word' id='word_1_134' title='bbox 799 2096 836 2161; x_wconf 88' lang='lat' dir='ltr'>P.</span> <span class='ocrx_word' id='word_1_135' title='bbox 861 2096 1064 2161; x_wconf 89' lang='lat' dir='ltr'>Melchioris</span> <span class='ocrx_word' id='word_1_136' title='bbox 1083 2098 1181 2177; x_wconf 90' lang='lat' dir='ltr'>quies</span> <span class='ocrx_word' id='word_1_137' title='bbox 1199 2096 1249 2159; x_wconf 89' lang='lat' dir='ltr'>illi</span> <span class='ocrx_word' id='word_1_138' title='bbox 1270 2092 1478 2177; x_wconf 84' lang='lat' dir='ltr'>provinciae</span> <span class='ocrx_word' id='word_1_139' title='bbox 1498 2095 1598 2159; x_wconf 85' lang='lat' dir='ltr'>resti-</span> 
     </span>
     <span class='ocr_line' id='line_1_17' title="bbox 367 2202 1599 2286; baseline -0.003 -17"><span class='ocrx_word' id='word_1_140' title='bbox 367 2213 444 2269; x_wconf 90' lang='lat' dir='ltr'>tuta</span> <span class='ocrx_word' id='word_1_141' title='bbox 458 2214 523 2283; x_wconf 90' lang='lat' dir='ltr'>est;</span> <span class='ocrx_word' id='word_1_142' title='bbox 539 2221 706 2285; x_wconf 89' lang='lat' dir='ltr'>proceres</span> <span class='ocrx_word' id='word_1_143' title='bbox 721 2205 814 2269; x_wconf 90' lang='lat' dir='ltr'>enirn</span> <span class='ocrx_word' id='word_1_144' title='bbox 829 2205 942 2286; x_wconf 85' lang='lat' dir='ltr'>regni,</span> <span class='ocrx_word' id='word_1_145' title='bbox 959 2204 1020 2286; x_wconf 92' lang='lat' dir='ltr'>qui</span> <span class='ocrx_word' id='word_1_146' title='bbox 1035 2214 1160 2268; x_wconf 91' lang='lat' dir='ltr'>contra</span> <span class='ocrx_word' id='word_1_147' title='bbox 1179 2202 1312 2283; x_wconf 85' lang='lat' dir='ltr'>Regem</span> <span class='ocrx_word' id='word_1_148' title='bbox 1337 2202 1599 2268; x_wconf 85' lang='lat' dir='ltr'>tumultuaban-</span> 
     </span>
     <span class='ocr_line' id='line_1_18' title="bbox 369 2308 1600 2395; baseline -0.003 -18"><span class='ocrx_word' id='word_1_149' title='bbox 369 2323 438 2393; x_wconf 91' lang='lat' dir='ltr'>tur,</span> <span class='ocrx_word' id='word_1_150' title='bbox 456 2331 537 2378; x_wconf 92' lang='lat' dir='ltr'>cum</span> <span class='ocrx_word' id='word_1_151' title='bbox 552 2313 649 2393; x_wconf 84' lang='lat' dir='ltr'>Rege</span> <span class='ocrx_word' id='word_1_152' title='bbox 664 2330 790 2395; x_wconf 88' lang='lat' dir='ltr'>pacem</span> <span class='ocrx_word' id='word_1_153' title='bbox 804 2322 838 2377; x_wconf 91' lang='lat' dir='ltr'>et</span> <span class='ocrx_word' id='word_1_154' title='bbox 859 2312 1052 2377; x_wconf 89' lang='lat' dir='ltr'>amicitiam</span> <span class='ocrx_word' id='word_1_155' title='bbox 1067 2310 1307 2388; x_wconf 89' lang='lat' dir='ltr'>stabilierunt;</span> <span class='ocrx_word' id='word_1_156' title='bbox 1329 2319 1365 2375; x_wconf 92' lang='lat' dir='ltr'>et</span> <span class='ocrx_word' id='word_1_157' title='bbox 1384 2320 1465 2391; x_wconf 90' lang='lat' dir='ltr'>post</span> <span class='ocrx_word' id='word_1_158' title='bbox 1484 2308 1600 2391; x_wconf 86' lang='lat' dir='ltr'>hujus·</span> 
     </span>
     <span class='ocr_line' id='line_1_19' title="bbox 374 2415 1601 2502; baseline -0.004 -17"><span class='ocrx_word' id='word_1_159' title='bbox 374 2419 470 2485; x_wconf 92' lang='lat' dir='ltr'>modi</span> <span class='ocrx_word' id='word_1_160' title='bbox 485 2422 640 2502; x_wconf 86' lang='lat' dir='ltr'>quietem</span> <span class='ocrx_word' id='word_1_161' title='bbox 654 2420 753 2485; x_wconf 86' lang='lat' dir='ltr'>multi</span> <span class='ocrx_word' id='word_1_162' title='bbox 764 2418 838 2500; x_wconf 88' lang='lat' dir='ltr'>jam</span> <span class='ocrx_word' id='word_1_163' title='bbox 858 2420 904 2484; x_wconf 90' lang='lat' dir='ltr'>ad</span> <span class='ocrx_word' id='word_1_164' title='bbox 924 2420 1072 2483; x_wconf 87' lang='lat' dir='ltr'>verbum</span> <span class='ocrx_word' id='word_1_165' title='bbox 1087 2415 1232 2482; x_wconf 90' lang='lat' dir='ltr'>Domini</span> <span class='ocrx_word' id='word_1_166' title='bbox 1252 2417 1465 2482; x_wconf 88' lang='lat' dir='ltr'>audiendum</span> <span class='ocrx_word' id='word_1_167' title='bbox 1484 2434 1601 2481; x_wconf 84' lang='lat' dir='ltr'>acces·</span> 
     </span>
     <span class='ocr_line' id='line_1_20' title="bbox 369 2524 1600 2607; baseline -0.005 -15"><span class='ocrx_word' id='word_1_168' title='bbox 369 2536 509 2607; x_wconf 89' lang='lat' dir='ltr'>serunt;</span> <span class='ocrx_word' id='word_1_169' title='bbox 538 2536 573 2591; x_wconf 92' lang='lat' dir='ltr'>et</span> <span class='ocrx_word' id='word_1_170' title='bbox 599 2528 785 2606; x_wconf 87' lang='lat' dir='ltr'>religionis</span> <span class='ocrx_word' id='word_1_171' title='bbox 808 2527 1024 2591; x_wconf 89' lang='lat' dir='ltr'>christianae</span> <span class='ocrx_word' id='word_1_172' title='bbox 1051 2526 1234 2606; x_wconf 87' lang='lat' dir='ltr'>negotium</span> <span class='ocrx_word' id='word_1_173' title='bbox 1259 2524 1348 2588; x_wconf 91' lang='lat' dir='ltr'>bene</span> <span class='ocrx_word' id='word_1_174' title='bbox 1373 2524 1600 2605; x_wconf 89' lang='lat' dir='ltr'>procedebat.</span> 
     </span>
     <span class='ocr_line' id='line_1_21' title="bbox 370 2630 1599 2717; baseline -0.004 -18"><span class='ocrx_word' id='word_1_175' title='bbox 370 2633 504 2717; x_wconf 88' lang='lat' dir='ltr'>Itaque,</span> <span class='ocrx_word' id='word_1_176' title='bbox 520 2633 597 2700; x_wconf 90' lang='lat' dir='ltr'>Deo</span> <span class='ocrx_word' id='word_1_177' title='bbox 613 2635 777 2716; x_wconf 90' lang='lat' dir='ltr'>propitio,</span> <span class='ocrx_word' id='word_1_178' title='bbox 795 2635 895 2699; x_wconf 92' lang='lat' dir='ltr'>multi</span> <span class='ocrx_word' id='word_1_179' title='bbox 910 2632 1043 2699; x_wconf 88' lang='lat' dir='ltr'>Christi</span> <span class='ocrx_word' id='word_1_180' title='bbox 1056 2633 1202 2698; x_wconf 83' lang='lat' dir='ltr'>militiae</span> <span class='ocrx_word' id='word_1_181' title='bbox 1216 2632 1360 2697; x_wconf 84' lang='lat' dir='ltr'>nomina</span> <span class='ocrx_word' id='word_1_182' title='bbox 1375 2630 1524 2710; x_wconf 87' lang='lat' dir='ltr'>dabant;</span> <span class='ocrx_word' id='word_1_183' title='bbox 1540 2630 1599 2695; x_wconf 91' lang='lat' dir='ltr'>ali·</span> 
     </span>
     <span class='ocr_line' id='line_1_22' title="bbox 371 2738 1600 2825; baseline -0.005 -18"><span class='ocrx_word' id='word_1_184' title='bbox 371 2761 442 2825; x_wconf 91' lang='lat' dir='ltr'>quo</span> <span class='ocrx_word' id='word_1_185' title='bbox 457 2744 513 2808; x_wconf 92' lang='lat' dir='ltr'>die</span> <span class='ocrx_word' id='word_1_186' title='bbox 528 2743 668 2821; x_wconf 91' lang='lat' dir='ltr'>decem,</span> <span class='ocrx_word' id='word_1_187' title='bbox 685 2742 802 2822; x_wconf 85' lang='lat' dir='ltr'>aliquo</span> <span class='ocrx_word' id='word_1_188' title='bbox 822 2741 1042 2822; x_wconf 91' lang='lat' dir='ltr'>quindecim,</span> <span class='ocrx_word' id='word_1_189' title='bbox 1059 2751 1095 2805; x_wconf 92' lang='lat' dir='ltr'>et</span> <span class='ocrx_word' id='word_1_190' title='bbox 1107 2743 1229 2822; x_wconf 90' lang='lat' dir='ltr'>plures</span> <span class='ocrx_word' id='word_1_191' title='bbox 1242 2748 1277 2804; x_wconf 94' lang='lat' dir='ltr'>et</span> <span class='ocrx_word' id='word_1_192' title='bbox 1292 2739 1494 2821; x_wconf 88' lang='lat' dir='ltr'>pauciores,</span> <span class='ocrx_word' id='word_1_193' title='bbox 1511 2738 1600 2803; x_wconf 88' lang='lat' dir='ltr'>chri·</span> 
     </span>
     <span class='ocr_line' id='line_1_23' title="bbox 371 2849 639 2928; baseline -0.007 -13"><span class='ocrx_word' id='word_1_194' title='bbox 371 2850 480 2915; x_wconf 83' lang='lat' dir='ltr'>stiani</span> <span class='ocrx_word' id='word_1_195' title='bbox 499 2849 639 2928; x_wconf 80' lang='lat' dir='ltr'>fiebant.</span> 
     </span>
    </p>

    <p class='ocr_par' dir='ltr' id='par_1_4' title="bbox 291 2953 1604 3878">
     <span class='ocr_line' id='line_1_24' title="bbox 430 2953 1600 3036; baseline -0.003 -15"><span class='ocrx_word' id='word_1_196' title='bbox 430 2956 522 3021; x_wconf 81' lang='grc'>3540.</span> <span class='ocrx_word' id='word_1_197' title='bbox 564 2956 642 3021; x_wconf 91' lang='lat' dir='ltr'>Hoc</span> <span class='ocrx_word' id='word_1_198' title='bbox 652 2957 1054 3036; x_wconf 81' lang='lat' dir='ltr'>temporeP.Balthttsar</span> <span class='ocrx_word' id='word_1_199' title='bbox 1063 2955 1188 3035; x_wconf 88' lang='lat' dir='ltr'>Gagus</span> <span class='ocrx_word' id='word_1_200' title='bbox 1199 2955 1235 3018; x_wconf 93' lang='lat' dir='ltr'>in</span> <span class='ocrx_word' id='word_1_201' title='bbox 1247 2963 1390 3035; x_wconf 89' lang='lat' dir='ltr'>portum</span> <span class='ocrx_word' id='word_1_202' title='bbox 1401 2953 1600 3035; x_wconf 89' lang='lat' dir='ltr'>quemdam,</span> 
     </span>
     <span class='ocr_line' id='line_1_25' title="bbox 374 3059 1601 3144; baseline -0.002 -16"><span class='ocrx_word' id='word_1_203' title='bbox 374 3065 516 3128; x_wconf 91' lang='lat' dir='ltr'>nomine</span> <span class='ocrx_word' id='word_1_204' title='bbox 530 3063 735 3142; x_wconf 90' lang='lat' dir='ltr'>Firandum‚</span> <span class='ocrx_word' id='word_1_205' title='bbox 751 3064 932 3144; x_wconf 80' lang='lat' dir='ltr'>profectus</span> <span class='ocrx_word' id='word_1_206' title='bbox 946 3072 1010 3140; x_wconf 87' lang='lat' dir='ltr'>est,</span> <span class='ocrx_word' id='word_1_207' title='bbox 1028 3062 1086 3126; x_wconf 93' lang='lat' dir='ltr'>ubi</span> <span class='ocrx_word' id='word_1_208' title='bbox 1100 3059 1139 3124; x_wconf 90' lang='lat' dir='ltr'>P.</span> <span class='ocrx_word' id='word_1_209' title='bbox 1156 3060 1307 3126; x_wconf 89' lang='lat' dir='ltr'>Cosmus</span> <span class='ocrx_word' id='word_1_210' title='bbox 1322 3078 1453 3125; x_wconf 89' lang='lat' dir='ltr'>annum</span> <span class='ocrx_word' id='word_1_211' title='bbox 1464 3060 1538 3126; x_wconf 84' lang='lat' dir='ltr'>fere</span> <span class='ocrx_word' id='word_1_212' title='bbox 1552 3061 1601 3125; x_wconf 91' lang='lat' dir='ltr'>in·</span> 
     </span>
     <span class='ocr_line' id='line_1_26' title="bbox 376 3168 1602 3253; baseline -0.003 -17"><span class='ocrx_word' id='word_1_213' title='bbox 376 3180 514 3253; x_wconf 89' lang='lat' dir='ltr'>tegrum</span> <span class='ocrx_word' id='word_1_214' title='bbox 526 3180 708 3252; x_wconf 82' lang='lat' dir='ltr'>exegerat,</span> <span class='ocrx_word' id='word_1_215' title='bbox 722 3188 803 3235; x_wconf 94' lang='lat' dir='ltr'>cum</span> <span class='ocrx_word' id='word_1_216' title='bbox 814 3171 914 3235; x_wconf 91' lang='lat' dir='ltr'>initio</span> <span class='ocrx_word' id='word_1_217' title='bbox 926 3169 964 3233; x_wconf 93' lang='lat' dir='ltr'><strong>P.</strong></span> <span class='ocrx_word' id='word_1_218' title='bbox 977 3169 1209 3233; x_wconf 90' lang='lat' dir='ltr'>Franciscum</span> <span class='ocrx_word' id='word_1_219' title='bbox 1220 3168 1367 3246; x_wconf 87' lang='lat' dir='ltr'>Xavier,</span> <span class='ocrx_word' id='word_1_220' title='bbox 1381 3168 1418 3232; x_wconf 91' lang='lat' dir='ltr'>in</span> <span class='ocrx_word' id='word_1_221' title='bbox 1428 3169 1602 3250; x_wconf 89' lang='lat' dir='ltr'>Japonem</span> 
     </span>
     <span class='ocr_line' id='line_1_27' title="bbox 372 3275 1602 3358; baseline -0.002 -17"><span class='ocrx_word' id='word_1_222' title='bbox 372 3279 584 3357; x_wconf 90' lang='lat' dir='ltr'>venientem,</span> <span class='ocrx_word' id='word_1_223' title='bbox 601 3279 843 3342; x_wconf 89' lang='lat' dir='ltr'>comitaretur.</span> <span class='ocrx_word' id='word_1_224' title='bbox 863 3277 1111 3358; x_wconf 84' lang='lat' dir='ltr'>Quadraginta</span> <span class='ocrx_word' id='word_1_225' title='bbox 1126 3277 1200 3341; x_wconf 83' lang='lat' dir='ltr'>fere</span> <span class='ocrx_word' id='word_1_226' title='bbox 1220 3277 1268 3340; x_wconf 92' lang='lat' dir='ltr'>ibi</span> <span class='ocrx_word' id='word_1_227' title='bbox 1282 3275 1469 3340; x_wconf 91' lang='lat' dir='ltr'>christiani</span> <span class='ocrx_word' id='word_1_228' title='bbox 1489 3283 1602 3349; x_wconf 86' lang='lat' dir='ltr'>erant,</span> 
     </span>
     <span class='ocr_line' id='line_1_28' title="bbox 372 3381 1603 3466; baseline -0.003 -16"><span class='ocrx_word' id='word_1_229' title='bbox 372 3395 407 3450; x_wconf 88' lang='lat' dir='ltr'>et</span> <span class='ocrx_word' id='word_1_230' title='bbox 423 3385 468 3449; x_wconf 89' lang='lat' dir='ltr'>ad</span> <span class='ocrx_word' id='word_1_231' title='bbox 483 3383 558 3465; x_wconf 86' lang='lat' dir='ltr'>ejus</span> <span class='ocrx_word' id='word_1_232' title='bbox 573 3386 672 3450; x_wconf 91' lang='lat' dir='ltr'>urbis</span> <span class='ocrx_word' id='word_1_233' title='bbox 686 3393 828 3466; x_wconf 91' lang='lat' dir='ltr'>portum</span> <span class='ocrx_word' id='word_1_234' title='bbox 842 3384 943 3450; x_wconf 88' lang='lat' dir='ltr'>multi</span> <span class='ocrx_word' id='word_1_235' title='bbox 958 3392 1176 3448; x_wconf 88' lang='lat' dir='ltr'>mercatores</span> <span class='ocrx_word' id='word_1_236' title='bbox 1190 3401 1235 3447; x_wconf 86' lang='lat' dir='ltr'>ex</span> <span class='ocrx_word' id='word_1_237' title='bbox 1249 3391 1325 3446; x_wconf 83' lang='lat' dir='ltr'>tota</span> <span class='ocrx_word' id='word_1_238' title='bbox 1339 3383 1486 3464; x_wconf 87' lang='lat' dir='ltr'>regione</span> <span class='ocrx_word' id='word_1_239' title='bbox 1498 3381 1603 3466; x_wconf 82' lang='lat' dir='ltr'>Japo-</span> 
     </span>
     <span class='ocr_line' id='line_1_29' title="bbox 373 3488 1602 3572; baseline -0.004 -16"><span class='ocrx_word' id='word_1_240' title='bbox 373 3493 464 3571; x_wconf 88' lang='lat' dir='ltr'>niae,</span> <span class='ocrx_word' id='word_1_241' title='bbox 478 3502 514 3557; x_wconf 89' lang='lat' dir='ltr'>et</span> <span class='ocrx_word' id='word_1_242' title='bbox 525 3493 669 3556; x_wconf 89' lang='lat' dir='ltr'>lusitani</span> <span class='ocrx_word' id='word_1_243' title='bbox 680 3491 787 3556; x_wconf 89' lang='lat' dir='ltr'>etiam</span> <span class='ocrx_word' id='word_1_244' title='bbox 799 3493 871 3556; x_wconf 83' lang='lat' dir='ltr'>sere</span> <span class='ocrx_word' id='word_1_245' title='bbox 883 3490 1033 3572; x_wconf 87' lang='lat' dir='ltr'>singulis</span> <span class='ocrx_word' id='word_1_246' title='bbox 1042 3490 1159 3569; x_wconf 78' lang='lat' dir='ltr'>anniS,</span> <span class='ocrx_word' id='word_1_247' title='bbox 1169 3491 1463 3554; x_wconf 90' lang='lat' dir='ltr'>commerciorum</span> <span class='ocrx_word' id='word_1_248' title='bbox 1474 3488 1602 3568; x_wconf 87' lang='lat' dir='ltr'>gratia,</span> 
     </span>
     <span class='ocr_line' id='line_1_30' title="bbox 291 3595 1604 3679; baseline -0.005 -15"><span class='ocrx_word' id='word_1_249' title='bbox 291 3621 293 3626; x_wconf 93' lang='lat'>·</span> <span class='ocrx_word' id='word_1_250' title='bbox 373 3617 416 3664; x_wconf 91' lang='lat' dir='ltr'>eo</span> <span class='ocrx_word' id='word_1_251' title='bbox 431 3600 631 3664; x_wconf 89' lang='lat' dir='ltr'>veniebant.</span> <span class='ocrx_word' id='word_1_252' title='bbox 653 3598 703 3662; x_wconf 92' lang='lat' dir='ltr'>Ibi</span> <span class='ocrx_word' id='word_1_253' title='bbox 718 3613 805 3678; x_wconf 89' lang='lat' dir='ltr'>ergo</span> <span class='ocrx_word' id='word_1_254' title='bbox 827 3596 983 3662; x_wconf 89' lang='lat' dir='ltr'>residere</span> <span class='ocrx_word' id='word_1_255' title='bbox 999 3599 1115 3679; x_wconf 89' lang='lat' dir='ltr'>coepit</span> <span class='ocrx_word' id='word_1_256' title='bbox 1129 3596 1335 3677; x_wconf 87' lang='lat' dir='ltr'>aliquandiu</span> <span class='ocrx_word' id='word_1_257' title='bbox 1356 3595 1394 3659; x_wconf 91' lang='lat' dir='ltr'>P.</span> <span class='ocrx_word' id='word_1_258' title='bbox 1416 3595 1604 3660; x_wconf 83' lang='lat' dir='ltr'>Baithasar</span> 
     </span>
     <span class='ocr_line' id='line_1_31' title="bbox 375 3701 1602 3785; baseline -0.006 -14"><span class='ocrx_word' id='word_1_259' title='bbox 375 3705 496 3785; x_wconf 88' lang='lat' dir='ltr'>Gago,</span> <span class='ocrx_word' id='word_1_260' title='bbox 518 3705 623 3770; x_wconf 87' lang='lat' dir='ltr'>Patre</span> <span class='ocrx_word' id='word_1_261' title='bbox 641 3704 771 3770; x_wconf 90' lang='lat' dir='ltr'>Cosmo</span> <span class='ocrx_word' id='word_1_262' title='bbox 791 3706 834 3769; x_wconf 94' lang='lat' dir='ltr'>de</span> <span class='ocrx_word' id='word_1_263' title='bbox 853 3703 984 3768; x_wconf 88' lang='lat' dir='ltr'>Torres</span> <span class='ocrx_word' id='word_1_264' title='bbox 1004 3702 1121 3783; x_wconf 90' lang='lat' dir='ltr'>Bungi</span> <span class='ocrx_word' id='word_1_265' title='bbox 1146 3703 1287 3783; x_wconf 91' lang='lat' dir='ltr'>relicto,</span> <span class='ocrx_word' id='word_1_266' title='bbox 1304 3713 1339 3767; x_wconf 93' lang='lat' dir='ltr'>et</span> <span class='ocrx_word' id='word_1_267' title='bbox 1358 3703 1466 3783; x_wconf 84' lang='lat' dir='ltr'>aliqui</span> <span class='ocrx_word' id='word_1_268' title='bbox 1484 3701 1602 3778; x_wconf 90' lang='lat' dir='ltr'>etiam,</span> 
     </span>
     <span class='ocr_line' id='line_1_32' title="bbox 374 3809 1120 3878; baseline -0.005 0"><span class='ocrx_word' id='word_1_269' title='bbox 374 3831 446 3878; x_wconf 90' lang='lat' dir='ltr'>non</span> <span class='ocrx_word' id='word_1_270' title='bbox 461 3813 560 3878; x_wconf 91' lang='lat' dir='ltr'>multi</span> <span class='ocrx_word' id='word_1_271' title='bbox 576 3813 621 3877; x_wconf 94' lang='lat' dir='ltr'>ad</span> <span class='ocrx_word' id='word_1_272' title='bbox 635 3811 815 3877; x_wconf 90' lang='lat' dir='ltr'>Christum</span> <span class='ocrx_word' id='word_1_273' title='bbox 830 3811 877 3874; x_wconf 92' lang='lat' dir='ltr'>ibi</span> <span class='ocrx_word' id='word_1_274' title='bbox 891 3809 1120 3875; x_wconf 87' lang='lat' dir='ltr'>accedebant.</span> 
     </span>
    </p>

    <p class='ocr_par' dir='ltr' id='par_1_5' title="bbox 376 3915 1610 4750">
     <span class='ocr_line' id='line_1_33' title="bbox 435 3915 1606 3997; baseline -0.005 -13"><span class='ocrx_word' id='word_1_275' title='bbox 435 3919 526 3984; x_wconf 69' lang='lat'><strong>3541.</strong></span> <span class='ocrx_word' id='word_1_276' title='bbox 569 3918 625 3983; x_wconf 89' lang='lat' dir='ltr'>Ex</span> <span class='ocrx_word' id='word_1_277' title='bbox 640 3920 784 3984; x_wconf 92' lang='lat' dir='ltr'>civitate</span> <span class='ocrx_word' id='word_1_278' title='bbox 799 3917 1002 3997; x_wconf 88' lang='lat' dir='ltr'>Amanguci</span> <span class='ocrx_word' id='word_1_279' title='bbox 1017 3918 1127 3982; x_wconf 88' lang='lat' dir='ltr'>etalii</span> <span class='ocrx_word' id='word_1_280' title='bbox 1149 3917 1307 3982; x_wconf 85' lang='lat' dir='ltr'>civitatis</span> <span class='ocrx_word' id='word_1_281' title='bbox 1325 3915 1419 3980; x_wconf 92' lang='lat' dir='ltr'>illius</span> <span class='ocrx_word' id='word_1_282' title='bbox 1439 3931 1606 3996; x_wconf 87' lang='lat' dir='ltr'>proceres</span> 
     </span>
     <span class='ocr_line' id='line_1_34' title="bbox 376 4022 1606 4109; baseline -0.005 -17"><span class='ocrx_word' id='word_1_283' title='bbox 376 4029 516 4109; x_wconf 88' lang='lat' dir='ltr'>aliquas</span> <span class='ocrx_word' id='word_1_284' title='bbox 544 4029 682 4092; x_wconf 89' lang='lat' dir='ltr'>litteras</span> <span class='ocrx_word' id='word_1_285' title='bbox 710 4027 756 4092; x_wconf 90' lang='lat' dir='ltr'>ad</span> <span class='ocrx_word' id='word_1_286' title='bbox 785 4027 822 4091; x_wconf 94' lang='lat' dir='ltr'>P.</span> <span class='ocrx_word' id='word_1_287' title='bbox 854 4026 1023 4092; x_wconf 91' lang='lat' dir='ltr'>Cosmum</span> <span class='ocrx_word' id='word_1_288' title='bbox 1055 4026 1241 4105; x_wconf 89' lang='lat' dir='ltr'>miserunt,</span> <span class='ocrx_word' id='word_1_289' title='bbox 1268 4041 1390 4089; x_wconf 88' lang='lat' dir='ltr'>mense</span> <span class='ocrx_word' id='word_1_290' title='bbox 1416 4022 1606 4088; x_wconf 89' lang='lat' dir='ltr'>Decembri</span> 
     </span>
     <span class='ocr_line' id='line_1_35' title="bbox 377 4131 1606 4218; baseline -0.005 -18"><span class='ocrx_word' id='word_1_291' title='bbox 377 4135 481 4218; x_wconf 87' lang='lat' dir='ltr'>hujus</span> <span class='ocrx_word' id='word_1_292' title='bbox 496 4136 597 4213; x_wconf 88' lang='lat' dir='ltr'>anni,</span> <span class='ocrx_word' id='word_1_293' title='bbox 618 4136 745 4217; x_wconf 90' lang='lat' dir='ltr'>quibus</span> <span class='ocrx_word' id='word_1_294' title='bbox 760 4153 838 4200; x_wconf 92' lang='lat' dir='ltr'>eum</span> <span class='ocrx_word' id='word_1_295' title='bbox 855 4135 900 4199; x_wconf 92' lang='lat' dir='ltr'>ad</span> <span class='ocrx_word' id='word_1_296' title='bbox 916 4135 1067 4199; x_wconf 93' lang='lat' dir='ltr'>reditum</span> <span class='ocrx_word' id='word_1_297' title='bbox 1080 4134 1289 4198; x_wconf 87' lang='lat' dir='ltr'>invitabant.</span> <span class='ocrx_word' id='word_1_298' title='bbox 1312 4131 1401 4197; x_wconf 90' lang='lat' dir='ltr'>Cum</span> <span class='ocrx_word' id='word_1_299' title='bbox 1421 4140 1540 4195; x_wconf 87' lang='lat' dir='ltr'>antem</span> <span class='ocrx_word' id='word_1_300' title='bbox 1561 4131 1606 4194; x_wconf 90' lang='lat' dir='ltr'>ad</span> 
     </span>
     <span class='ocr_line' id='line_1_36' title="bbox 377 4237 1609 4324; baseline -0.005 -17"><span class='ocrx_word' id='word_1_301' title='bbox 377 4243 513 4324; x_wconf 88' lang='lat' dir='ltr'>Regem</span> <span class='ocrx_word' id='word_1_302' title='bbox 523 4242 650 4322; x_wconf 87' lang='lat' dir='ltr'>Bungi,</span> <span class='ocrx_word' id='word_1_303' title='bbox 666 4242 872 4307; x_wconf 83' lang='lat' dir='ltr'>facultatem</span> <span class='ocrx_word' id='word_1_304' title='bbox 887 4242 933 4306; x_wconf 85' lang='lat' dir='ltr'>ad</span> <span class='ocrx_word' id='word_1_305' title='bbox 947 4257 1128 4306; x_wconf 89' lang='lat' dir='ltr'>recessum</span> <span class='ocrx_word' id='word_1_306' title='bbox 1138 4243 1391 4322; x_wconf 91' lang='lat' dir='ltr'>postulaturus,</span> <span class='ocrx_word' id='word_1_307' title='bbox 1404 4237 1442 4303; x_wconf 91' lang='lat' dir='ltr'>P.</span> <span class='ocrx_word' id='word_1_308' title='bbox 1457 4237 1609 4303; x_wconf 90' lang='lat' dir='ltr'>Cosmus</span> 
     </span>
     <span class='ocr_line' id='line_1_37' title="bbox 378 4345 1610 4431; baseline -0.005 -17"><span class='ocrx_word' id='word_1_309' title='bbox 378 4351 503 4416; x_wconf 91' lang='lat' dir='ltr'>ivisset</span> <span class='ocrx_word' id='word_1_310' title='bbox 519 4350 619 4427; x_wconf 92' lang='lat' dir='ltr'>(nihil</span> <span class='ocrx_word' id='word_1_311' title='bbox 633 4349 725 4413; x_wconf 89' lang='lat' dir='ltr'>enim</span> <span class='ocrx_word' id='word_1_312' title='bbox 746 4349 918 4428; x_wconf 88' lang='lat' dir='ltr'>agebant,</span> <span class='ocrx_word' id='word_1_313' title='bbox 935 4349 1126 4430; x_wconf 91' lang='lat' dir='ltr'>quodcum</span> <span class='ocrx_word' id='word_1_314' title='bbox 1146 4348 1223 4431; x_wconf 92' lang='lat' dir='ltr'>ipso</span> <span class='ocrx_word' id='word_1_315' title='bbox 1242 4365 1315 4412; x_wconf 92' lang='lat' dir='ltr'>non</span> <span class='ocrx_word' id='word_1_316' title='bbox 1336 4345 1550 4422; x_wconf 81' lang='lat' dir='ltr'>conferrent,</span> <span class='ocrx_word' id='word_1_317' title='bbox 1569 4353 1610 4408; x_wconf 94' lang='lat' dir='ltr'>ut</span> 
     </span>
     <span class='ocr_line' id='line_1_38' title="bbox 377 4455 1609 4538; baseline -0.007 -15"><span class='ocrx_word' id='word_1_318' title='bbox 377 4475 460 4523; x_wconf 94' lang='lat' dir='ltr'>eum</span> <span class='ocrx_word' id='word_1_319' title='bbox 479 4457 595 4538; x_wconf 90' lang='lat' dir='ltr'>magis</span> <span class='ocrx_word' id='word_1_320' title='bbox 617 4457 683 4521; x_wconf 93' lang='lat' dir='ltr'>sibi</span> <span class='ocrx_word' id='word_1_321' title='bbox 703 4457 937 4535; x_wconf 90' lang='lat' dir='ltr'>devincirent,</span> <span class='ocrx_word' id='word_1_322' title='bbox 959 4457 1019 4537; x_wconf 92' lang='lat' dir='ltr'>qui</span> <span class='ocrx_word' id='word_1_323' title='bbox 1037 4455 1169 4538; x_wconf 91' lang='lat' dir='ltr'>alioqui</span> <span class='ocrx_word' id='word_1_324' title='bbox 1187 4473 1250 4536; x_wconf 90' lang='lat' dir='ltr'>per</span> <span class='ocrx_word' id='word_1_325' title='bbox 1267 4471 1351 4519; x_wconf 92' lang='lat' dir='ltr'>suos</span> <span class='ocrx_word' id='word_1_326' title='bbox 1365 4455 1609 4535; x_wconf 84' lang='lat' dir='ltr'>exploratores</span> 
     </span>
     <span class='ocr_line' id='line_1_39' title="bbox 378 4563 1607 4646; baseline -0.006 -18"><span class='ocrx_word' id='word_1_327' title='bbox 378 4565 497 4630; x_wconf 89' lang='lat' dir='ltr'>omnia</span> <span class='ocrx_word' id='word_1_328' title='bbox 512 4563 766 4643; x_wconf 84' lang='lat' dir='ltr'>intellexisset),</span> <span class='ocrx_word' id='word_1_329' title='bbox 783 4564 966 4646; x_wconf 90' lang='lat' dir='ltr'>respondit</span> <span class='ocrx_word' id='word_1_330' title='bbox 978 4564 1036 4627; x_wconf 92' lang='lat' dir='ltr'>ille</span> <span class='ocrx_word' id='word_1_331' title='bbox 1051 4563 1208 4627; x_wconf 90' lang='lat' dir='ltr'>nondum</span> <span class='ocrx_word' id='word_1_332' title='bbox 1219 4571 1358 4641; x_wconf 88' lang='lat' dir='ltr'>tempus</span> <span class='ocrx_word' id='word_1_333' title='bbox 1369 4568 1607 4643; x_wconf 90' lang='lat' dir='ltr'>opportunum</span> 
     </span>
     <span class='ocr_line' id='line_1_40' title="bbox 377 4665 1605 4750; baseline -0.006 -14"><span class='ocrx_word' id='word_1_334' title='bbox 377 4689 456 4746; x_wconf 83' lang='lat' dir='ltr'>esse</span> <span class='ocrx_word' id='word_1_335' title='bbox 471 4682 566 4744; x_wconf 90' lang='lat' dir='ltr'>uteo</span> <span class='ocrx_word' id='word_1_336' title='bbox 588 4669 701 4738; x_wconf 91' lang='lat' dir='ltr'>nostri</span> <span class='ocrx_word' id='word_1_337' title='bbox 720 4668 892 4750; x_wconf 88' lang='lat' dir='ltr'>redirent;</span> <span class='ocrx_word' id='word_1_338' title='bbox 916 4679 951 4734; x_wconf 92' lang='lat' dir='ltr'>et</span> <span class='ocrx_word' id='word_1_339' title='bbox 969 4686 1008 4735; x_wconf 90' lang='lat' dir='ltr'>se</span> <span class='ocrx_word' id='word_1_340' title='bbox 1029 4670 1161 4735; x_wconf 90' lang='lat' dir='ltr'>nostris</span> <span class='ocrx_word' id='word_1_341' title='bbox 1182 4666 1480 4746; x_wconf 86' lang='lat' dir='ltr'>significaturum,</span> <span class='ocrx_word' id='word_1_342' title='bbox 1503 4665 1605 4744; x_wconf 88' lang='lat' dir='ltr'>dixit,</span> 
     </span>
    </p>
   </div>
   <div class='ocr_carea' id='block_1_3' title="bbox 0 0 1845 5350">
    <p class='ocr_par' dir='ltr' id='par_1_6' title="bbox 0 0 1845 5350">
     <span class='ocr_line' id='line_1_41' title="bbox 0 0 1845 5350; baseline 0 0"><span class='ocrx_word' id='word_1_343' title='bbox 0 0 1845 5350; x_wconf 95' lang='lat' dir='ltr'> </span> 
     </span>
    </p>
   </div>
  </div>
 </body>
</html>
