3642 5350
420 452 475 514 tto
874 446 1001 511 Canon.
1021 446 1098 511 Soc.
1118 448 1190 524 Jns.

421 598 576 663 carceris
591 605 727 663 tantam
740 597 777 662 in
791 613 914 662 eorum
929 595 1087 661 moribus
1101 596 1395 677 emendationem,
1413 607 1448 663 et
1469 598 1516 663 ad
1530 614 1648 663 sacra·

420 714 538 771 menta
553 723 596 769 ac
611 704 760 769 verbum
773 702 842 768 Dei
857 702 1070 768 audiendum
1080 703 1364 785 propensionem:
1377 704 1525 769 Missam
1539 708 1649 770 etiam

420 829 542 879 coram
561 814 613 877 eis
632 810 670 875 P.
692 811 765 876 Leo
784 810 855 876 dici
876 812 1040 891 curabat,
1060 820 1097 876 et
1114 811 1264 893 ipsemet
1282 813 1335 877 eis
1353 812 1645 878 concionabatur.

478 916 570 985 3107.
612 917 762 985 Familia
779 926 898 983 autem
917 900 1089 1000 praefecti
1108 919 1276 999 carceris,
1299 920 1514 1002 perlibenter
1533 922 1593 985 vel
1611 920 1647 985 in

420 1028 497 1109 ipso
517 1043 663 1092 carcere
681 1026 741 1089 vel
761 1025 797 1090 in
815 1026 967 1091 ecclesia
985 1037 1110 1091 nostra
1130 1026 1177 1090 ad
1195 1036 1421 1092 sacramenta
1440 1027 1646 1106 accedebat;

420 1143 455 1200 et
472 1134 648 1216 insignem
668 1150 747 1199 esse
766 1134 860 1198 hunc
879 1134 1036 1198 carceris
1053 1134 1208 1199 fructum
1228 1136 1341 1200 nostri
1361 1136 1646 1217 experiebantur,

420 1242 610 1325 quodcum
629 1241 680 1305 illi
700 1257 851 1321 regnum
872 1240 941 1305 Dei
961 1251 1183 1323 quaererent,
1205 1252 1348 1308 caetera
1367 1243 1420 1308 eis
1436 1241 1649 1324 adjicieban-

419 1359 493 1432 tur;
516 1360 551 1415 et
568 1348 745 1414 Dominus
764 1366 828 1414 eos
850 1346 858 1381 ¹
879 1348 1053 1413 liberandi
1072 1368 1093 1414 a
1112 1350 1317 1415 carceribus
1336 1367 1460 1415 curam
1479 1350 1647 1430 habebat,

419 1458 504 1523 dum
518 1458 656 1539 aliquos
670 1456 748 1539 pios
762 1456 861 1521 viros
875 1456 1055 1538 movebat,
1068 1466 1106 1521 ut
1120 1458 1196 1522 suis
1210 1458 1447 1539 eleemosynis
1457 1474 1581 1523 eorum
1592 1458 1650 1522 de·

417 1565 491 1630 bita
505 1566 688 1645 solvendo,
705 1582 726 1629 a
742 1579 887 1629 carcere
901 1581 964 1629 eos
978 1563 1181 1646 educerent;
1197 1575 1232 1629 et
1245 1564 1339 1629 idem
1352 1564 1483 1629 Rector
1497 1565 1649 1630 sollicite

418 1672 507 1737 haec
522 1671 679 1737 subsidia
697 1671 846 1736 curabat
864 1680 899 1737 et
918 1671 1014 1751 apud
1031 1674 1263 1753 magistratus
1277 1673 1422 1737 brevem
1442 1689 1566 1738 eorum
1586 1690 1647 1737 ex·

416 1778 630 1861 peditionem
646 1778 811 1859 urgebat3
828 1796 893 1843 nec
907 1794 1034 1859 parum
1049 1779 1138 1844 alios
1156 1778 1379 1860 aedificabat,
1401 1796 1483 1844 cum
1504 1790 1647 1845 nostros

416 1889 678 1969 eleemosynam
693 1900 864 1968 quaerere
879 1887 925 1951 ad
939 1886 1066 1951 horum
1078 1886 1262 1952 hominum
1275 1887 1520 1952 liberationem
1535 1888 1646 1953 homi·

417 2012 480 2059 nes
495 1993 667 2072 viderent;
683 2011 749 2057 nec
765 1992 952 2059 defuerunt
967 1994 1027 2076 qui
1037 1994 1109 2058 hac
1124 1995 1325 2074 occasione,
1341 2004 1483 2075 praeter
1496 1996 1644 2059 eleemo-

417 2118 544 2183 synam
559 2102 736 2179 collatam,
753 2101 952 2181 spiritualia
971 2101 1078 2166 etiam
1100 2101 1271 2166 exercitia
1292 2102 1359 2165 sibi
1373 2101 1452 2167 dari
1473 2112 1644 2184 peterent.

476 2207 566 2272 3108.
609 2208 721 2273 Extra
737 2209 859 2273 urbem
875 2208 993 2287 etiam,
1010 2217 1154 2291 propter
1169 2209 1300 2273 bonurn
1314 2208 1460 2274 odorem
1471 2208 1516 2273 de
1528 2208 1646 2275 Socie-

416 2324 489 2381 tate
501 2324 719 2398 perceptum,
737 2332 844 2397 saepe
859 2316 905 2379 ad
918 2325 1062 2380 nostros
1073 2316 1183 2398 aliqui
1195 2316 1396 2395 veniebant,
1410 2325 1449 2381 ut
1458 2316 1646 2381 conciona-

418 2434 531 2489 torem
546 2424 699 2506 aliquem
712 2423 945 2504 impetrarent
959 2424 996 2488 in
1009 2424 1282 2488 solemnioribus
1296 2425 1508 2505 praesertim
1522 2440 1645 2489 eorum

414 2530 527 2612 sestis,
544 2530 671 2613 quibus
691 2530 865 2611 satisfieri,
883 2548 964 2596 cum
979 2531 1093 2595 nostri
1107 2540 1282 2612 poterant,
1300 2532 1492 2609 curabant,
1515 2540 1645 2597 etcum

415 2640 482 2720 his,
502 2639 561 2721 qui
576 2639 622 2706 ad
637 2638 921 2704 concionandum
934 2638 1176 2719 mittebantur,
1192 2638 1340 2721 parochi
1356 2655 1421 2703 sua
1440 2638 1547 2703 dubia
1563 2656 1644 2704 con·

417 2747 592 2828 serebant,
609 2755 644 2812 et
658 2747 750 2812 inter
764 2746 948 2812 discordes
961 2745 1246 2811 conciliationem
1260 2755 1296 2810 et
1310 2756 1350 2810 ut
1362 2756 1489 2810 mutuo
1501 2747 1645 2810 veniam

416 2863 576 2935 peterent
594 2855 785 2935 curabant,
809 2854 904 2936 quod
924 2853 1116 2935 aliquando
1139 2854 1260 2919 multis
1273 2871 1355 2919 cum
1374 2855 1545 2936 lacrymis
1565 2852 1645 2917 effe·

324 3006 326 3012 ·
416 2971 515 3027 Cium
527 2972 592 3027 est.

474 3068 565 3133 3109.
608 3069 730 3134 Mense
744 3069 870 3152 Aprili,
887 3069 983 3152 Majo
998 3079 1033 3135 et
1046 3070 1147 3135 initio
1161 3070 1256 3154 Junii
1269 3071 1413 3152 pluviae
1427 3080 1502 3136 tam
1513 3071 1645 3134 multae

415 3177 451 3241 in
472 3176 691 3256 Portugallia
710 3177 914 3259 extiterunt,
941 3186 980 3242 ut
1000 3195 1081 3242 cum
1100 3195 1234 3242 messes
1254 3179 1375 3258 colligi
1396 3196 1467 3243 non
1486 3186 1643 3259 possent,

414 3283 528 3349 fames
540 3284 700 3365 grassari
715 3259 897 3366 inc'iperet3
915 3302 997 3349 nam
1012 3302 1102 3367 pene
1117 3292 1278 3350 maturae
1289 3294 1430 3366 segetes
1444 3285 1520 3350 sine
1534 3301 1642 3351 reme·

415 3390 473 3456 dio
487 3391 661 3473 peribant.
678 3391 778 3456 Tunc
794 3393 946 3474 populus
960 3393 1116 3457 interris
1130 3393 1326 3457 remedium
1339 3409 1413 3457 non
1427 3392 1643 3458 inveniebat:

416 3499 502 3563 illud
517 3517 538 3563 a
552 3499 651 3562 coelo
666 3499 870 3580 quaerebat,
887 3509 922 3563 et
936 3500 1055 3563 multis
1070 3515 1151 3564 cum
1165 3500 1334 3581 lacrymis
1345 3501 1405 3565 diu
1416 3509 1594 3583 noctuque
1608 3509 1644 3565 et

416 3606 701 3688 processionibus
719 3607 756 3670 id
777 3624 797 3670 a
819 3605 896 3670 Deo
917 3607 1071 3688 petebat.
1097 3606 1143 3672 Et
1166 3607 1329 3688 singulae
1352 3608 1427 3673 fere
1450 3608 1644 3689 religiones

414 3713 518 3778 nudis
539 3713 686 3793 pedibus
712 3714 747 3777 in
766 3711 965 3794 hujusmodi
990 3715 1277 3795 processionibus
1303 3714 1524 3796 incedebant,
1548 3716 1642 3795 quod

417 3821 582 3902 populum
604 3819 708 3885 valde
729 3820 928 3902 animabat;
950 3821 1012 3884 sed
1032 3839 1114 3887 cum
1128 3823 1250 3903 pluvia
1271 3840 1342 3887 non
1365 3831 1538 3902 cessaret,
1559 3805 1664 3886 exos

417 3928 539 4009 ptabat
553 3935 591 3992 ut
610 3927 805 4008 Collegium
826 3928 934 3992 etiam
954 3927 1144 4009 societatis
1162 3930 1381 3995 tantumdem
1395 3929 1547 4006 faceret,
1562 3938 1597 3994 et
1611 3930 1641 3993 si

416 4035 450 4099 in
464 4035 727 4116 processionem
739 4034 1003 4116 egrederentur,
1016 4036 1136 4102 statim
1146 4037 1240 4101 bona
1249 4037 1643 4118 temporasecuturadi·

414 4143 554 4221 cebant,
570 4152 605 4206 et
621 4142 728 4225 aliqui
743 4161 815 4208 non
829 4142 905 4206 sine
921 4144 1039 4225 aliqua
1053 4133 1322 4226 importunitate
1335 4144 1373 4209 id
1387 4143 1642 4226 efflagitabant.

416 4248 486 4314 Sed
501 4267 582 4315 cum
593 4247 794 4330 hujusmodi
807 4251 1056 4331 processiones
1068 4251 1170 4333 juxta
1181 4251 1384 4318 [nstitutum
1396 4261 1558 4317 nostrum
1572 4269 1644 4315 non

416 4365 550 4437 essent,
566 4358 697 4423 nostris
718 4358 905 4423 videbatur
925 4375 996 4422 non
1016 4377 1094 4423 esse
1113 4361 1314 4442 petentibus
1334 4357 1643 4442 acquiescendum;

417 4464 479 4529 sed
498 4465 595 4530 domi
614 4483 657 4530 ea
674 4467 887 4547 populorum
912 4467 1108 4531 necessitas
1133 4465 1288 4532 Domino
1316 4466 1640 4533 commendabatur.

456 4705 466 4740 ¹
492 4705 606 4764 Sclllcet,
616 4717 723 4753 carcere
733 4707 860 4754 detentos.
1283 4717 1287 4768 j

1783 4360 1785 4371 t

1783 4490 1785 4503 l
