3642 5350
812 420 876 479 Au.
897 418 969 479 libb
1446 407 1504 467 459

272 562 393 628 Zarati
407 583 590 646 nunquam
600 556 764 629 voluerat
775 566 811 629 in
822 564 879 628 his
890 582 993 646 quae,
1007 573 1045 628 ut
1057 561 1269 645 pertinentia
1285 560 1331 623 ad
1344 558 1499 623 Societa⁶

271 680 354 752 tem,
371 672 446 751 ipse
460 673 649 751 tractabat;
667 681 702 735 et
714 670 765 735 ita
780 690 819 735 se
834 689 856 734 a
870 671 1056 751 praedicto
1067 669 1204 734 Comite
1215 666 1412 747 Ruigomez
1426 664 1501 727 nul·

272 779 344 841 lum
359 778 395 841 in
410 779 478 842 hac
501 789 601 861 parte
620 779 793 854 favorem,
816 778 910 858 quod
929 778 975 842 ad
993 776 1208 841 Societatem
1222 775 1359 852 attinet,
1381 780 1499 853 postu·

272 886 346 948 lare
362 890 384 948 ¹:
404 885 499 965 quod
518 887 700 951 audivisse
719 895 863 965 gratum
882 884 948 949 fuit
962 882 1093 949 Comiti
1107 882 1314 962 Ruigomez‚
1335 876 1500 960 quamvis

272 989 376 1055 facile
391 992 458 1057 fuit
472 994 669 1073 intelligere
684 991 882 1073 cujusmodi
901 992 1170 1056 informationes
1184 990 1220 1053 in
1234 987 1335 1051 curia
1349 986 1498 1049 circum·

272 1098 461 1179 ferrentur,
478 1110 512 1164 et
534 1118 625 1181 quae
645 1101 827 1164 hominum
847 1108 943 1163 esset
961 1098 1151 1180 propensio
1171 1096 1217 1160 ad
1231 1113 1293 1159 eas
1312 1093 1497 1157 admitten-

272 1204 348 1283 das,
365 1207 649 1287 quandoquidem
664 1208 699 1270 in
719 1217 792 1271 tam
810 1216 935 1270 sancto
954 1205 1110 1285 negotio,
1132 1202 1227 1283 quod
1240 1200 1414 1265 Dominus
1434 1197 1499 1260 Za-

272 1322 350 1376 rate
369 1314 558 1393 tractabat,
579 1312 745 1394 adjuncta
764 1313 953 1378 Societatis
973 1313 1125 1391 collegia
1143 1308 1383 1373 difficultatem
1402 1306 1498 1384 inge·

270 1420 407 1485 rebant.
1355 1483 1359 1489 .

334 1526 422 1590 1975.
464 1528 641 1610 Scriptum
656 1530 772 1595 fuerat
787 1548 832 1593 ex
853 1530 1028 1609 Hispania
1049 1529 1118 1591 hoc
1137 1538 1295 1606 tempore
1315 1522 1361 1586 ad
1380 1537 1497 1601 quem·

271 1633 366 1712 dam,
382 1637 475 1716 quod
489 1638 644 1701 teatinae
660 1648 714 1701 ter
728 1638 879 1717 singulis
893 1636 1018 1700 diebus
1037 1632 1356 1709 communicabant,
1377 1636 1413 1691 et
1429 1644 1497 1691 me·

272 1737 330 1803 dia
346 1752 450 1806 nocte
465 1760 510 1806 ex
525 1744 687 1809 domibus
702 1745 776 1808 suis
791 1744 1075 1825 egrediebantur,
1094 1750 1131 1804 ut
1151 1740 1198 1803 ad
1218 1738 1372 1802 teatinus
1392 1736 1498 1799 irent·

272 1845 316 1910 Et
330 1850 495 1928 quamvis
508 1869 564 1914 res
579 1860 652 1915 tam
667 1868 688 1914 a
704 1852 841 1915 ratione
853 1860 989 1915 remota
1001 1858 1089 1926 erat,
1104 1848 1332 1911 observatum
1343 1843 1419 1921 fuit,
1432 1858 1500 1904 nec

272 1952 426 2017 defuisse
448 1958 508 2037 qui
523 1975 601 2021 earn
617 1959 798 2037 scriberet,
815 1974 880 2021 nec
896 1958 956 2038 qui
970 1956 1121 2021 referret
1135 1955 1242 2018 etiam
1256 1949 1434 2031 primariis
1449 1949 1499 2011 vi·

273 2060 334 2139 ris;
351 2071 388 2125 ut
402 2062 506 2127 facile
529 2065 691 2129 daemoni
714 2067 843 2129 multos
862 2082 941 2128 esse
956 2063 1138 2127 ministros
1157 2062 1193 2125 in
1208 2060 1308 2124 curia
1322 2056 1432 2137 Regis
1452 2054 1499 2119 ad

271 2184 400 2231 nomen
415 2168 606 2235 Societatis
620 2172 883 2236 obscurandum
897 2179 1114 2235 cerneretur.

333 2274 420 2340 1976.
467 2278 616 2359 Accepit
637 2279 694 2343 his
714 2278 836 2343 diebus
852 2277 889 2342 P.
912 2278 1043 2357 Ignatii
1061 2277 1198 2340 litteras
1211 2273 1339 2373 Comes
1358 2272 1498 2349 Feriae,

269 2382 395 2461 quibus
410 2384 479 2465 ipsi
492 2387 629 2464 gratias
649 2387 778 2466 agebat
799 2386 842 2451 de
862 2386 1037 2449 charitate
1056 2392 1092 2447 et
1105 2381 1229 2446 officiis
1250 2379 1418 2445 Societati
1438 2394 1500 2441 no·

269 2499 365 2552 strae
380 2490 560 2571 impensiS,
581 2494 708 2572 quibus
727 2510 896 2573 magnam
917 2491 1197 2556 consolationem
1211 2486 1360 2568 accepit,
1381 2496 1416 2547 et
1436 2503 1500 2548 eas

271 2610 309 2658 se
324 2596 456 2676 optime
469 2608 695 2664 servaturum
710 2600 798 2664 dixit
813 2599 836 2665 ⁸.

333 2703 420 2767 1977.
464 2705 509 2770 Et
524 2704 787 2790 [Rivadeneira]
804 2725 884 2772 cum
895 2709 988 2771 bona
1000 2707 1112 2787 ipsius
1121 2705 1240 2783 venia,
1252 2712 1401 2782 rogatus
1413 2719 1435 2764 a
1449 2703 1498 2764 lo·

269 2812 508 2890 vaniensibuS,
525 2815 723 2878 Lovanium
738 2833 776 2878 se
793 2816 952 2893 contulit,
969 2824 1008 2878 ut
1022 2815 1071 2878 ibi
1090 2814 1146 2877 die
1161 2810 1338 2893 sequenti,
1359 2809 1419 2888 qui
1437 2807 1498 2884 do-

271 2919 420 2982 minicus
443 2931 531 2999 erat,
553 2922 843 3003 concionaretur;
864 2922 927 2986 sed
943 2931 1132 3002 antequam
1152 2929 1361 2998 suggestum
1375 2931 1496 2978 ascen·

271 3024 382 3104 deret,
399 3027 444 3090 ad
458 3044 537 3090 eum
550 3041 799 3108 pervenerunt,
816 3041 880 3109 per
894 3047 1006 3111 equos
1020 3028 1223 3108 dispositos,
1239 3027 1309 3089 duo
1324 3042 1345 3087 a
1361 3022 1500 3088 Comite

269 3129 395 3196 Feriae
410 3134 524 3214 missi,
545 3136 605 3216 qui
624 3153 774 3217 propere
794 3137 985 3201 admodum
1000 3135 1038 3200 P.
1054 3135 1338 3214 Ribadeneyram
1353 3131 1498 3195 Bruxel-

270 3239 325 3302 las
338 3241 567 3312 revocabant.
584 3260 626 3306 eo
647 3245 741 3324 quod
758 3243 932 3309 Dominus
948 3241 1193 3307 Ferdinandus
1208 3240 1251 3305 de
1270 3239 1374 3318 Vega
1393 3237 1499 3302 morti

270 3347 411 3410 vicinus
437 3360 517 3428 post
539 3347 614 3430 ejus
640 3367 819 3415 recessum
843 3352 1040 3428 videretur,
1062 3360 1097 3413 et
1116 3349 1224 3430 aliqui
1237 3347 1375 3411 nobiles
1393 3345 1500 3408 valde

270 3471 351 3518 eum
366 3456 553 3536 rogabant,
570 3467 608 3521 ut
624 3475 686 3538 per
701 3460 845 3522 eosdem
859 3471 920 3522 aut
934 3459 1067 3522 similes
1081 3474 1192 3538 equos
1214 3456 1333 3520 statim
1353 3453 1497 3532 rediret;

270 3571 305 3625 et
320 3563 426 3642 paulo
442 3573 521 3643 post
536 3565 688 3629 accessit
702 3567 918 3629 secretarius
932 3565 1079 3629 Comitis
1090 3564 1229 3642 Feriae,
1243 3561 1289 3626 ad
1300 3563 1369 3625 hoc
1380 3563 1497 3642 ipsum

271 3687 411 3733 missus.

333 3775 420 3840 1978.
464 3777 508 3841 Et
522 3794 602 3840 cum
614 3755 766 3859 quatuor
777 3780 860 3842 illas
872 3781 992 3843 leucas
1004 3778 1027 3855 ⁵,
1041 3779 1169 3861 quibus
1181 3779 1288 3843 distat
1298 3778 1499 3842 Lovanium

270 3882 458 3961 BruxelliS,
474 3884 561 3946 hora
577 3901 659 3947 cum
672 3884 817 3949 dimidia
832 3886 1079 3964 confecissent,
1097 3886 1220 3949 eodem
1235 3885 1309 3949 fere
1324 3897 1495 3966 tempore,

271 3989 350 4054 aliis
365 3991 527 4054 omnibus
541 3992 685 4070 relictis,
703 3991 740 4054 P.
757 3992 1007 4074 Ribadeneyra
1021 3994 1208 4057 Bruxellas
1219 3993 1334 4057 rediit.

334 4096 421 4160 1979.
465 4096 761 4177 Significaverant
786 4110 903 4165 autem
928 4100 1055 4165 medici
1086 4100 1241 4164 Domino
1272 4099 1499 4164 Ferdinando

270 4202 314 4266 de
328 4203 432 4284 Vega
447 4205 588 4268 animae
602 4222 724 4268 curam
740 4207 941 4271 habendam
955 4225 1050 4285 esse;
1067 4208 1162 4289 quod
1180 4208 1342 4272 nuntium
1362 4208 1497 4288 aequis·

270 4309 360 4373 simo
376 4311 494 4374 animo
509 4309 683 4376 Dominus
698 4312 945 4378 Ferdinandus
960 4315 1150 4396 accipiens
1167 4324 1318 4379 evocato
1331 4315 1398 4379 sibi
1413 4313 1498 4378 Fra·

267 4439 483 4458 Μ--ι-

311 4515 319 4544 ¹
347 4512 560 4567 Maposrutaret.

312 4588 322 4616 ¹
352 4587 469 4631 liabetur
479 4588 544 4632 baec
553 4590 663 4644 epistola
673 4591 698 4636 in
709 4596 729 4635 t.
739 4601 774 4637 vt.
786 4591 881 4636 cartas
891 4594 925 4638 de
936 4593 992 4637 San
1003 4593 1121 4648 Ignacfo,
1131 4605 1191 4648 pag.
1201 4593 1250 4638 iffi.

310 4657 322 4688 ³
349 4657 395 4702 bis.
406 4657 440 4702 El
451 4671 510 4704 cum
523 4661 614 4715 itaque
625 4675 684 4706 cum
695 4665 879 4716 questionae.
