3642 5350
333 536 389 597 792
794 528 921 593 Cannu.
943 528 1019 590 Soc.
1040 528 1109 605 Jss.

333 700 394 749 sor
409 682 639 748 Patriarchae
652 679 866 761 Aethiopiae
881 686 987 757 esset,
1003 679 1040 741 in
1054 665 1187 742 virtute
1209 675 1431 741 obedientiae
1453 673 1564 756 injun-

331 792 451 874 gebat;
467 799 502 855 et
517 789 725 854 hortabatur
740 804 821 852 eum
835 785 874 850 Ρ.
892 786 1062 866 ignatius,
1079 803 1177 849 nese
1193 785 1238 848 ab
1252 784 1321 848 boc
1335 799 1444 847 onere
1458 798 1563 847 excu-

333 908 441 979 saret,
458 907 493 962 et
508 897 556 961 ita
573 895 716 960 omnino
731 895 769 960 P.
787 892 958 959 Melchior
972 893 1152 975 acquievit
1175 890 1195 957 ¹.
1218 890 1309 972 Quia
1331 890 1565 972 praecedente

333 1024 427 1072 anno
438 1006 476 1069 in
489 1004 626 1070 Indiam
638 1004 767 1068 missus
782 1002 908 1081 luerat,
926 1000 1076 1067 nonfuit
1090 1002 1196 1064 simul
1210 1016 1292 1065 cum
1305 998 1515 1063 Patriarcha
1529 1008 1565 1063 et

332 1115 509 1196 Episcopo
523 1112 669 1178 Andrea
683 1120 935 1189 consecratus,
951 1119 986 1173 et
1001 1118 1114 1173 totum
1128 1110 1222 1172 hunc
1238 1124 1382 1187 annum,
1401 1106 1566 1188 quamvis

332 1222 538 1302 designatus
553 1228 641 1299 erat,
659 1225 889 1282 consecratus
904 1226 1024 1280 tamen
1038 1216 1202 1305 nonfuit,
1218 1214 1314 1297 quod
1334 1221 1408 1277 tres
1421 1212 1565 1293 Episco-

334 1346 399 1411 pos
413 1346 491 1393 esse
506 1334 695 1407 oporteret,
713 1326 771 1407 qui
787 1323 1048 1389 consecrationi
1062 1324 1285 1401 interessent;
1298 1330 1334 1386 et
1347 1322 1399 1385 ita
1412 1320 1565 1385 Patriar-

337 1437 405 1502 cha
420 1452 501 1500 cum
515 1434 690 1516 Episcopo
706 1433 851 1497 Andrea
866 1448 938 1495 non
952 1430 1182 1510 sufficiebant;
1199 1430 1281 1511 quia
1297 1428 1403 1493 etiam
1418 1429 1454 1492 in
1472 1427 1566 1509 Apo·
1599 1450 1605 1460 ¹

337 1544 474 1609 stolicis
488 1542 631 1607 Litteris
654 1541 917 1618 continebatur,
934 1540 1023 1602 utin
1038 1538 1200 1602 manibus
1214 1536 1471 1619 Episcoporum
1483 1534 1565 1599 Por·

335 1650 545 1731 talegrensis
564 1659 598 1713 et
620 1646 867 1728 Algarbiensis
889 1644 1129 1726 juramentum
1153 1644 1331 1709 fidelitatis
1357 1652 1566 1709 consuetum

337 1760 484 1823 iaceret.

396 1864 488 1930 3404.
530 1863 737 1929 Postulabat
751 1871 790 1927 ut
804 1862 841 1927 in
852 1862 1001 1926 aliorum
1016 1862 1178 1926 manibus
1189 1860 1225 1926 id
1233 1859 1354 1942 jurare
1365 1868 1497 1942 posset,
1509 1862 1567 1925 vel

338 1983 377 2039 ut
391 1972 555 2038 Summus
570 1971 735 2036 Pontifex
749 1967 968 2049 coadjutoris
985 1980 1020 2033 et
1036 1969 1254 2033 successoris
1272 1986 1379 2033 onere
1394 1968 1464 2048 (cui
1480 1984 1570 2032 onus

335 2080 525 2165 juramenti
541 2078 645 2159 hujus
658 2087 735 2143 erat
751 2076 968 2157 adjunctum)
982 2076 1166 2157 liberaret,
1184 2076 1315 2159 alioqui
1334 2077 1416 2156 cogi
1435 2093 1475 2140 se
1489 2092 1569 2139 con·

339 2188 487 2254 scientia
510 2187 665 2265 dicebat,
692 2194 729 2249 ut
744 2183 952 2265 longissima
975 2193 1010 2247 et
1027 2185 1132 2248 valde
1151 2184 1452 2265 periculosissima
1471 2182 1569 2247 navi·

340 2296 485 2377 gationc
499 2294 755 2375 Portugalliam
770 2301 963 2374 repeteret,
981 2299 1018 2355 ut
1033 2291 1254 2355 obedientiae
1272 2288 1455 2356 Pontificis
1469 2284 1569 2354 satis·

338 2406 489 2483 faceret;
518 2403 581 2466 sed
602 2399 675 2482 jam
704 2400 836 2465 Romae
856 2399 1086 2464 commutatio
1111 2400 1299 2480 impetrata
1318 2398 1451 2479 iuerat,
1477 2398 1571 2463 utin

340 2512 492 2577 aliorum
513 2509 674 2574 manibus
692 2507 760 2573 hoc
779 2508 1020 2590 juramentum
1042 2515 1240 2586 praestaret
1258 2504 1281 2586 ²,
1304 2506 1468 2587 quamvis
1490 2522 1571 2570 con·

338 2627 434 2685 stare
449 2618 537 2700 ipsis
552 2615 707 2682 nondum
729 2624 902 2697 potuerat.

397 2725 489 2790 3405.
538 2723 690 2806 Quidam
711 2723 925 2805 Episcopus,
946 2739 1051 2804 quem
1071 2723 1235 2802 superius
1253 2723 1408 2787 diximus
1420 2721 1433 2754 ⁸
1447 2723 1483 2786 in
1504 2722 1569 2786 Ar·

339 2835 493 2900 meniam
512 2833 662 2897 missum
687 2847 768 2895 cum
787 2830 1013 2911 Patriarcha,
1040 2831 1175 2896 scilicet
1196 2831 1257 2912 qui
1281 2831 1327 2894 ad
1345 2831 1571 2896 nestorianos

341 2941 557 3020 mittebatur,
574 2957 655 3003 cum
668 2939 748 3003 inde
760 2937 970 3020 profugiens
981 2939 1073 3018 (cum
1085 2938 1152 3001 sibi
1163 2947 1313 3002 mortem
1325 2939 1508 3003 imminere
1520 2938 1570 3001 vi·

341 3049 452 3128 deret)
475 3047 671 3112 Cochinum
697 3046 813 3120 venit,
840 3055 874 3110 et
898 3047 1036 3110 litteras
1061 3044 1214 3110 ostendit
1234 3046 1361 3127 quibus
1384 3046 1571 3110 constabat

340 3156 456 3237 ipsum
470 3172 548 3218 esse
567 3153 798 3235 Episcopum,
820 3163 854 3217 et
873 3152 1081 3217 ostendebat
1102 3155 1236 3216 litteras
1256 3154 1366 3233 legati
1387 3152 1570 3234 Portugal·

339 3263 408 3326 liae
430 3262 585 3326 incuria
612 3277 779 3340 romana,
804 3261 931 3342 quibus
956 3247 1143 3324 constabat
1168 3261 1306 3342 aliquos
1330 3278 1375 3324 ex
1394 3261 1524 3324 nostris
1549 3280 1570 3324 a

339 3369 378 3435 P.
395 3369 533 3450 ignatio
547 3367 657 3433 luisse
678 3369 875 3450 postulatos
894 3368 941 3431 ad
962 3369 1058 3432 illam
1081 3367 1272 3432 Armeniae
1294 3369 1515 3446 missionem;
1536 3379 1571 3432 et

340 3477 384 3539 ab
400 3476 468 3539 hoc
485 3493 565 3540 cum
581 3476 661 3540 aliis
683 3475 835 3553 duobuS,
857 3475 995 3539 scilicet
1014 3473 1224 3539 Patriarcba
1245 3484 1280 3539 et
1304 3474 1480 3556 Episcopo
1499 3474 1571 3539 An·

340 3584 442 3663 drea,
459 3583 648 3648 videbatur
663 3583 870 3647 consecrari
885 3598 1009 3664 possc;
1025 3583 1088 3646 sed
1103 3583 1184 3663 quia
1201 3582 1357 3646 chrisma
1372 3582 1571 3647 conlectum

340 3709 410 3754 non
435 3698 528 3769 erat,
556 3689 665 3753 dilata
689 3699 747 3754 est
764 3690 988 3753 consecratio
1011 3707 1122 3771 usque
1146 3688 1192 3752 ad
1213 3690 1406 3754 adventum
1428 3690 1571 3771 Episco

341 3814 468 3879 porum
482 3797 613 3876 Indiae,
631 3815 719 3878 quos
733 3798 769 3860 in
785 3797 1057 3876 subsequentem
1071 3814 1204 3860 annum
1218 3798 1465 3878 expectabant.

400 3903 491 3968 3406.
533 3903 644 3969 Addit
659 3905 722 3985 eiS,
744 3919 836 3985 quae
853 3905 1018 3985 superius
1038 3904 1133 3969 dicta
1154 3901 1267 3969 ‘sunt
1286 3905 1383 3969 circa
1403 3904 1571 3986 aethiopi·

340 3999 427 4076 cam⁴
441 4011 659 4087 missionem,
680 4011 775 4094 quod
794 4010 832 4075 Ρ.
856 4009 1036 4075 Gonsalus
1052 4009 1267 4091 Rodriguez,
1290 4013 1326 4075 in
1346 4011 1573 4093 Aethiopiam

340 4136 435 4183 anno
463 4119 638 4200 superiori
667 4117 796 4183 missus
824 4127 859 4182 et
884 4119 965 4182 inde
991 4119 1027 4182 in
1052 4118 1188 4183 Indiam
1211 4119 1369 4200 rediens,
1398 4121 1572 4201 asperiuS,
1637 4134 1641 4147 ·

341 4243 448 4308 quam
463 4226 662 4307 oportebat,
679 4226 844 4309 etminus
865 4226 1121 4307 circumspecte
1142 4242 1223 4289 cum
1239 4226 1453 4309 Aethiopiae
1474 4225 1574 4308 Rege

382 4502 392 4536 Ι
420 4500 468 4548 Sti.
478 4502 573 4558 tanath
584 4503 617 4549 cd
627 4503 655 4550 P.
671 4503 836 4548 Melchlorcm
852 4501 977 4548 Carnelro
993 4503 1096 4548 littera·
1106 4503 1187 4549 habes
1199 4505 1267 4548 inter
1279 4503 1418 4552 eartasde
1428 4506 1484 4552 Son
1494 4507 1574 4563 rgna-

346 4575 395 4624 εἰσ,
405 4581 425 4620 t.
435 4587 460 4630 v,
471 4586 532 4630 pag.
544 4575 591 4620 105.

385 4647 396 4679 ¹
422 4645 469 4691 his.
477 4649 661 4702 praestarent.

383 4716 396 4750 ⁸
426 4716 490 4762 Vide
500 4728 588 4773 cupra,
600 4729 623 4762 n.
635 4717 698 4763 3346.

384 4789 397 4822 ⁴
424 4787 463 4835 Dc
473 4789 594 4834 minione
605 4789 754 4846 aethiopica
764 4791 846 4836 multa
856 4791 984 4837 Polnncno
993 4789 1084 4837 retulit
1093 4803 1182 4850 snpra,
1192 4805 1216 4840 n.
1225 4793 1350 4840 W
