3642 5350
807 412 872 475 Aa.
895 413 965 475 1556
1439 415 1494 475 407

262 562 319 626 vel
334 560 489 643 Pragam
503 576 584 627 eum
599 560 864 627 transmitteret.
881 559 970 624 Tres
989 559 1192 641 praedictos
1208 560 1364 625 bavaros
1383 562 1491 627 admi·

261 677 395 749 serunt,
412 670 506 751 quod
520 669 646 747 eidem,
663 667 879 755 utdiximus.
894 669 932 732 in
945 664 1192 746 coadjutorum
1211 667 1326 732 officio
1341 668 1488 735 inservi·

262 776 332 841 turi
346 785 460 841 erant.
949 792 956 803 ’

324 884 411 949 1745.
455 882 602 949 Praeter
629 884 820 948 conciones
843 883 989 962 latinas,
1019 898 1109 963 quas
1136 882 1340 947 alternatim
1365 881 1489 948 Patres

260 991 511 1073 Coviglonium
536 1000 570 1055 et
595 990 781 1054 Peltanum
804 990 937 1054 habere
961 989 1115 1054 diximus
1140 984 1150 1018 ¹
1176 986 1278 1071 (quas
1301 990 1491 1055 mediocris

260 1100 555 1164 scholasticorum
569 1114 737 1162 numerus
752 1096 945 1175 audiebat),
960 1095 1141 1178 Jodochus
1156 1112 1277 1161 mense
1291 1095 1491 1178 Septembri
1604 1177 1607 1185 Ι

259 1206 296 1271 in
310 1223 405 1288 pago
420 1207 587 1289 quodam,
603 1205 747 1269 nomine
760 1203 1015 1282 Valchrichen,
1031 1203 1236 1284 germanice
1256 1204 1490 1269 concionaba-

258 1324 327 1393 tur,
345 1324 379 1379 et
394 1315 430 1379 in
445 1331 488 1377 eo
503 1312 692 1378 dominicis
706 1320 741 1376 et
751 1311 851 1376 lestis
867 1311 992 1375 diebus
1006 1311 1272 1392 perseverabat.

320 1420 409 1485 1746.
453 1421 697 1486 Comitabatur
711 1436 792 1484 eum
806 1419 951 1501 quidam
964 1418 1134 1483 sacerdos
1149 1426 1187 1482 ut
1207 1418 1340 1483 Missae
1357 1418 1495 1483 sacrib.

257 1529 351 1594 cium
376 1545 501 1593 coram
525 1529 612 1610 ipsis
638 1524 851 1609 [oppidanis]
872 1526 1083 1606 celebraret;
1108 1536 1143 1589 et
1166 1525 1269 1591 valde
1295 1526 1489 1592 catholicos

257 1636 420 1701 homines
434 1636 484 1699 illi
500 1632 564 1717 [se]
581 1632 825 1712 ostendebant,
841 1642 875 1698 et
895 1632 932 1697 in
950 1633 1128 1697 catholica
1143 1632 1211 1697 fide
1230 1651 1269 1697 se
1287 1634 1379 1697 velle
1400 1634 1489 1698 mori

258 1744 493 1808 testabantur.

320 1850 422 1915 1747.·
450 1850 555 1915 Alius
566 1850 691 1914 Frater
702 1856 834 1927 noster,
848 1848 991 1912 nomine
1002 1847 1210 1929 Dionysius,
1222 1849 1258 1913 in
1269 1850 1394 1915 eodem
1407 1851 1487 1914 loco

256 1957 311 2023 bis
326 1960 559 2023 concionatus
573 1966 638 2036 est,
655 1967 689 2020 et
705 1956 835 2021 ostium
856 1955 1084 2037 aperiebatur
1104 1971 1175 2021 non
1194 1956 1374 2037 exiguum.
1397 1957 1486 2025 Cum

256 2074 377 2130 tamen
393 2082 414 2129 a
430 2066 560 2147 populo
575 2064 740 2146 quodam,
754 2062 860 2144 paulo
875 2063 1079 2140 remotiore,
1092 2072 1295 2129 nostrorum
1307 2082 1416 2146 opera
1428 2083 1486 2129 ex·

257 2182 449 2254 peteretur,
463 2172 515 2237 eis
529 2171 694 2236 satisfieri
708 2186 780 2234 non
794 2170 843 2233 ita
858 2169 986 2250 potuit;
1002 2169 1114 2235 donec
1128 2172 1246 2253 magis
1257 2172 1372 2236 nostri
1387 2189 1485 2237 exer·

255 2280 356 2345 citati
370 2289 492 2345 essent
506 2281 544 2344 in·
556 2278 763 2361 germanica
778 2277 913 2357 lingua,
930 2278 1191 2358 expectandum
1205 2279 1405 2344 videbatur.

316 2387 404 2452 1748.
448 2386 544 2453 Satis
567 2386 715 2468 pacifice
738 2384 853 2449 nostri
876 2384 1085 2464 ingolstadii
1109 2387 1274 2467 agebant,
1298 2388 1368 2451 nisi
1390 2387 1484 2468 quod

254 2495 433 2572 haeretici,
460 2474 812 2577 quorum'maximns
838 2506 916 2561 erat
934 2494 1142 2575 ingolstadii
1168 2503 1374 2575 proventus,
1402 2494 1482 2559 odio

254 2604 393 2667 occulto
404 2611 547 2668 nostros
560 2603 876 2685 prosequebantur,
891 2612 927 2666 et
937 2601 1165 2666 rumusculos
1179 2600 1352 2683 quosdam
1366 2601 1483 2667 minus

253 2709 399 2775 dextros
413 2711 647 2790 'seminabant;
662 2711 725 2775 sed
736 2711 826 2775 haec
839 2710 974 2776 nostris
985 2726 1109 2790 parum
1125 2709 1313 2787 nocebant,
1329 2727 1410 2774 cum
1424 2728 1482 2773 res

251 2816 330 2898 ipsa
345 2815 499 2883 studium
514 2833 637 2882 eorum
647 2819 693 2882 ad
704 2818 793 2883 bene
805 2818 1010 2883 merendum
1025 2816 1068 2882 de
1079 2815 1252 2899 proximis
1266 2817 1480 2897 ostenderet,

251 2934 286 2988 et
301 2925 398 2989 vitae
413 2933 518 3006 atque
533 2925 686 2990 Instituti
701 2928 839 3007 puritas
854 2925 890 2989 in
905 2926 982 2990 dies
995 2926 1112 3006 magis
1132 2924 1358 2989 elucesceret.

313 3032 400 3095 1749.
443 3032 577 3097 Habuit
598 3034 739 3114 quidem
760 3034 846 3099 illud
864 3050 978 3114 genus
1000 3033 1183 3098 hominum
1204 3032 1482 3098 declamationes

249 3139 388 3221 aliquas
414 3140 589 3220 publicas,
621 3148 681 3204 aut
708 3140 827 3222 potius
854 3141 1092 3222 invectiones,
1122 3141 1248 3223 quibus
1279 3142 1478 3206 clanculum

248 3246 362 3310 nostri
375 3247 717 3328 perstringebantur;
730 3247 794 3313 sed
805 3247 920 3313 effecit
931 3247 1053 3314 divina
1062 3247 1204 3313 bonitas
1217 3256 1268 3330 ut,
1283 3266 1352 3331 quo
1363 3249 1480 3330 magis

245 3351 294 3419 illi
310 3371 457 3435 operam
478 3354 651 3419 dederunt
671 3365 709 3420 ut
728 3365 870 3421 nostros
890 3357 1134 3437 obscurarent,
1151 3374 1194 3422 eo
1213 3355 1331 3438 magis
1344 3359 1479 3422 veritas

246 3477 350 3526 suum
364 3461 483 3526 lumen
498 3461 709 3527 diffunderet
724 3479 767 3527 ac
780 3463 1151 3544 populo-patefaceret

311 3567 399 3632 1750.
443 3568 651 3634 Clanculum
665 3579 784 3635 autem
798 3569 980 3651 haeretici,
1000 3589 1090 3653 quos
1109 3580 1284 3653 poterant,
1310 3571 1357 3637 ad
1376 3589 1477 3637 suam

247 3675 458 3740 sententiam
483 3673 625 3742 allicere
650 3678 868 3758 nitebantur;
893 3697 977 3744 nam
996 3678 1205 3760 ingolstadii
1229 3681 1388 3745 haeresis
1406 3698 1476 3745 non

246 3782 373 3848 fuisset
398 3787 560 3866 tolerata,
582 3803 647 3850 nec
668 3787 768 3851 visus
787 3796 865 3852 erat
884 3787 1001 3853 adhuc
1021 3787 1081 3868 qui
1102 3785 1168 3852 sub
1189 3797 1339 3868 utraque
1358 3785 1477 3868 specie

247 3890 295 3955 ibi
314 3892 604 3973 communicaret,
621 3901 682 3964 aut
702 3895 773 3958 ulla
792 3902 1018 3960 sacramenta
1035 3902 1289 3959 contemneret:
1309 3893 1400 3958 festa
1418 3911 1475 3976 pa·

244 4015 323 4063 rum
344 3999 509 4080 religiose
529 4002 828 4081 observabantur3
844 4001 907 4066 sed
925 4001 1035 4067 duces
1054 4003 1090 4067 in
1110 4001 1216 4068 rebus
1234 4001 1477 4082 spiritualibus

138 4131 142 4140 ·
242 4105 512 4188 perditissimos,
522 4109 820 4188 negotiatores,et
828 4109 948 4174 multis
959 4109 1116 4190 peccatis
1128 4118 1272 4190 opertos
1282 4106 1475 4189 habebant;

241 4222 276 4278 et
290 4213 370 4279 ideo
384 4215 443 4279 vel
456 4217 611 4280 maxime
626 4215 782 4298 theologi
796 4217 910 4281 nostri
924 4217 1180 4297 Ingolstadium
1194 4215 1206 4248 ¹
1222 4216 1390 4282 advocati
1404 4216 1475 4281 fue·

240 4330 338 4404 runt,
357 4331 403 4388 ut³
415 4323 498 4388 huic
517 4323 691 4389 bonorum
709 4333 744 4388 et
765 4325 951 4390 doctorum
972 4325 1197 4390 sacerdotum
1215 4321 1387 4407 penuriae
1405 4341 1475 4390 me·

241 4429 308 4494 lius
316 4431 571 4496 consuleretur.
672 4471 675 4478 ·

282 4605 291 4635 ¹
319 4600 386 4645 Vide
396 4613 483 4657 snpra,
495 4614 519 4648 n.
531 4603 593 4647 lbld.

282 4670 294 4703 ¹
320 4672 366 4720 ida.
377 4671 551 4728 Ingolstadt'o.
