3642 5350
348 445 408 515 aro
799 444 927 514 Canon.
948 444 1025 513 Soc.
1046 446 1116 527 Jas.

407 596 479 662 774.
522 596 721 665 Cardinalis
734 598 915 677 Motonus,
932 617 1014 665 cum
1029 598 1217 679 collegium
1236 594 1407 665 Mutinam
1422 594 1577 667 mittere·

347 715 418 785 tur,
438 705 694 787 quinquaginta
713 722 841 773 aureos
862 707 1012 786 singuiis
1028 706 1134 773 anuis
1151 722 1190 771 se
1209 706 1374 775 daturum
1396 706 1574 787 dixeratt'3

347 813 411 877 sed
425 813 471 877 ad
484 822 637 894 quatuor
650 814 764 879 annos
782 830 827 877 ea
840 814 1065 893 eleemosyna
1080 821 1164 877 tunc
1185 812 1335 880 limitata
1353 814 1431 893 suit,
1447 814 1575 895 quibus

347 921 430 987 item
446 920 511 1010 sub
525 920 594 985 hoc
605 928 742 1001 tempus
757 920 939 997 absolutis,
956 920 1155 986 Cardinalis
1175 936 1401 999 oeconomus,
1419 922 1480 1004 qui
1501 920 1576 987 Mu·

346 1028 458 1095 tinam
472 1037 631 1105 venerat,
648 1027 803 1108 negabat
814 1046 855 1093 se
869 1026 1017 1098 ulterius
1027 1044 1106 1093 eam
1122 1030 1384 1110 eleemosynam
1396 1030 1573 1103 daturnm3

347 1135 430 1216 quio
446 1142 565 1199 tamen
579 1135 705 1198 solitus
723 1143 801 1199 erat
816 1144 898 1199 ante
912 1134 1058 1201 missum
1074 1135 1262 1215 collegium
1277 1137 1369 1200 hanc
1384 1137 1574 1216 eleemosy-

347 1258 432 1305 nam
455 1241 712 1323 quinquaginta
739 1258 930 1307 aureorum
954 1242 1169 1323 pauperibus
1197 1242 1472 1324 dispensandam
1495 1242 1575 1322 Epa

348 1365 456 1429 scopo
483 1349 692 1430 relinquere,
718 1366 798 1415 cam
822 1366 894 1413 non
919 1348 1196 1415 subtrahendam
1217 1366 1296 1413 esse
1325 1350 1467 1429 nostris,
1494 1366 1575 1417 cum

346 1471 522 1537 pauperes
546 1466 677 1535 essent,
698 1455 806 1520 amici
831 1455 1084 1521 existimabant
1104 1456 1126 1535 ';
1152 1468 1187 1520 et
1212 1474 1293 1521 eum
1318 1455 1516 1538 Episcopus
1540 1466 1575 1525 et

347 1562 457 1645 aliqui
476 1580 522 1627 ex
543 1562 670 1629 amicis
687 1562 802 1627 eidem
822 1562 1006 1628 Cardinali
1027 1562 1267 1645 scripsissent,
1285 1561 1389 1643 jussit
1409 1563 1575 1633 illeelea

346 1686 535 1749 mosyuam
548 1669 751 1751 prorogari.

404 1774 450 1841 Et
464 1776 553 1842 haec
567 1777 612 1842 de
625 1776 817 1842 Mutinensi
831 1776 1041 1857 Collegiolo.

643 2206 708 2274 DE
727 2206 962 2275 COLLEGlO
985 2204 1280 2273 ARGENTENSI

401 2526 474 2595 775.
515 2530 605 2595 Cum
628 2529 831 2596 Ferrariam
856 2530 893 2596 P.
916 2532 1132 2599 Franciscus
1156 2531 1313 2597 Palmius
1337 2530 1440 2599 initio
1466 2530 1571 2613 hujus

340 2637 424 2704 anni
443 2654 482 2702 se
501 2638 661 2714 eontulit,
685 2638 869 2719 intellexit,
895 2650 931 2706 et
950 2641 999 2705 ita
1021 2640 1058 2706 P.
1076 2640 1217 2721 ignatio
1235 2640 1366 2717 retulit,
1387 2656 1457 2704 non
1478 2638 1568 2706 bene

217 2779 226 2794 ·
339 2755 567 2826 prospectum
586 2763 664 2810 esse
686 2747 818 2811 nostris
836 2746 1120 2828 Argentcnsibus
1135 2745 1146 2778 ³
1162 2747 1209 2812 de
1227 2746 1333 2812 domo
1352 2755 1388 2812 et
1403 2746 1448 2812 de
1462 2749 1568 2812 rebus

338 2851 535 2920 aduletum
549 2853 772 2933 necessariis
787 2855 868 2919 etsi
882 2855 974 2918 bona
993 2871 1074 2920 cum
1095 2855 1201 2920 venia
1215 2853 1326 2920 Ducis
1342 2852 1417 2920 fieri
1433 2863 1565 2934 posset,

336 2957 423 3024 illud
437 2958 703 3026 dissolvendum
717 2961 866 3041 censuit;
882 2961 956 3041 sed,
973 2960 1005 3026 si
1019 2961 1162 3028 omnino
1183 2960 1267 3026 Dux
1287 2960 1323 3026 id
1336 2979 1409 3026 non
1424 2962 1566 3043 permit·

336 3075 439 3143 teret,
463 3067 508 3130 ab
529 3083 573 3130 eo
596 3068 787 3148 petendum
811 3085 890 3133 esse
914 3068 1142 3134 existimabat
1166 3079 1204 3133 ut
1229 3067 1441 3149 stipendium
1466 3069 1566 3150 iliud,

336 3174 430 3254 quod
450 3173 695 3240 Communitas
717 3175 953 3255 Argentensis
978 3175 1225 3257 ludimagistro
1250 3176 1390 3240 solvere
1414 3175 1570 3256 singulis,

337 3279 442 3344 annis
462 3281 610 3359 solebat,
631 3281 667 3346 in
686 3281 805 3346 dotem
824 3282 972 3363 Collegii
991 3293 1199 3364 perpetuam
1218 3291 1508 3352 converteretur„
1519 3282 1564 3348 Et

337 3399 421 3454 tunc
436 3388 819 3456 alterutrumsacturus
834 3388 1020 3456 videbatur
1034 3388 1130 3468 Dux,
1146 3398 1194 3466 ut,
1214 3389 1360 3466 scilicet,
1377 3389 1570 3456 recedendi

337 3493 441 3559 daret
454 3494 672 3574 facultatem,
690 3497 746 3559 vel
760 3497 839 3561 illos
853 3496 988 3560 reditus
1009 3496 1181 3577 applicari
1194 3494 1343 3576 juberet.

395 3602 467 3667 776.
510 3601 581 3668 Alii
606 3605 714 3668 etlam
740 3623 785 3668 ex
810 3603 935 3668 eodem
967 3603 1108 3685 oppid0‚
1135 3603 1338 3668 Ferrariam
1366 3605 1563 3685 venientes

337 3709 499 3806 eamdem
513 3710 787 3792 applicationem
801 3712 992 3792 impetrare
1007 3727 1028 3772 a
1044 3709 1144 3775 Duce
1165 3711 1380 3790 nitebantur,
1397 3727 1488 3792 quae
1511 3729 1565 3776 se·

334 3816 490 3898 xaginta
505 3814 656 3882 duorum
675 3828 855 3882 scutorum
870 3817 1021 3897 singulis
1036 3816 1139 3882 annis
1155 3827 1246 3892 erat;
1270 3817 1412 3884 interim
1437 3817 1475 3882 P.
1496 3797 1571 3886 Αιι·Ι

335 3922 442 4006 dreas
462 3923 741 4005 Bonainsegna⁴
758 3924 900 4006 scripsit
922 3925 1098 4006 Episcopo
1118 3923 1259 4002 Assisii,
1284 3925 1344 4006 qui
1365 3925 1569 4006 praelectus

337 4041 414 4096 erat
429 4030 555 4096 domus
569 4031 768 4098 Cardinalis
781 4031 841 4097 Sil
861 4029 993 4112 Angeli
1008 4031 1019 4063 ⁵
1034 4031 1112 4110 (sub
1127 4029 1229 4111 quus
1243 4031 1374 4096 ditione
1389 4032 1569 4114 spirituali

382 4269 392 4302 ί
420 4269 489 4321 Vide
498 4283 585 4327 supra.
597 4281 616 4317 t.
627 4283 656 4328 rr,
665 4286 726 4330 pun.
736 4275 785 4329 tm,
796 4285 820 4320 n.
830 4275 865 4319 9l.

380 4339 391 4370 ἱ
418 4339 489 4386 idem
499 4343 596 4388 Romae
607 4346 791 4392 existimabant
807 4347 898 4392 nostrl.
909 4345 944 4392 “ll
956 4345 1028 4392 Rmo.
1040 4344 1178 4391 Cardinale
1193 4344 1296 4392 Marone
1311 4357 1362 4392 uon
1375 4357 1454 4402 penso
1470 4348 1518 4394 cine
1530 4348 1570 4396 ia«.

333 4410 460 4456 elimenta
471 4415 563 4460 levarit
573 4417 598 4460 la
609 4418 755 4471 provisione
766 4419 854 4462 chela
870 4420 897 4462 in
910 4417 1027 4470 Medeon,
1043 4419 1137 4474 percite
1148 4419 1170 4462 e'
1180 4421 1193 4462 t
1205 4419 1283 4462 molto
1299 4419 1421 4473 padrone,
1438 4427 1503 4475 etc„
1520 4421 1567 4466 Po·

339 4484 439 4533 iuncus.
449 4494 483 4529 ex
492 4497 567 4540 com„
577 4488 650 4533 Patri
661 4489 780 4544 Philippo
790 4489 898 4543 Lectum,
912 4491 946 4534 l.⁸
957 4491 1064 4546 Aprilis.

375 4553 387 4585 ⁵
414 4554 482 4600 Vide
492 4568 559 4612 qnae
570 4559 602 4602 de
613 4559 663 4603 boc
673 4558 816 4615 Colleglolo
825 4562 896 4606 dicte
906 4567 967 4605 sunt
977 4571 1044 4605 anno
1054 4561 1195 4615 superlore,
1207 4567 1225 4606 t.
1237 4573 1262 4614 v,
1273 4573 1333 4617 pag.
1346 4561 1385 4606 153
1394 4568 1420 4606 et
1432 4573 1502 4618 seqq.

377 4626 388 4658 ⁸
416 4625 441 4670 is
451 4630 548 4674 nostris
558 4637 682 4685 praeerat
693 4631 834 4686 Argentea.
846 4631 914 4676 Vide
924 4643 1012 4687 supra,
1024 4637 1044 4676 t.
1054 4645 1080 4685 v,
1091 4643 1151 4686 pag.
1165 4633 1211 4688 153,
1221 4645 1246 4677 ιι.
1257 4635 1305 4678 438.
1567 4658 1570 4665 -

375 4695 387 4729 ⁸
413 4699 507 4746 Amisit
517 4699 666 4758 Episcopus,
679 4701 786 4748 Ranncii
797 4703 924 4758 Farnesli,
936 4705 1083 4749 Cardinalis
1094 4706 1182 4750 Sancti
1194 4706 1297 4762 Angeli,
1308 4705 1393 4754 domui
1405 4707 1563 4766 praelocuti,
