3642 5350
341 386 395 449 lat
800 386 928 449 Cannu.
951 383 1026 446 Soc.
1048 385 1117 460 Jns.

317 533 319 536 ’
342 533 446 599 tilicis
458 532 480 614 ⁸,
492 549 596 599 suum
604 534 816 600 desiderium
823 532 1038 599 Societatem
1050 532 1271 613 ingrediendi
1282 531 1509 613 significavit,
1523 542 1568 613 et,

342 639 493 706 Romam
506 651 629 723 postea
646 658 727 706 cum
741 642 910 720 venisset,
927 640 975 704 ibi
990 641 1166 705 admissus
1182 651 1247 705 est.

400 748 472 814 859.
516 750 602 815 Erat
615 758 651 815 et
665 750 756 814 alius
776 750 932 832 quidam,
955 748 1014 831 qui
1039 748 1255 813 inserviebat
1269 748 1422 813 Domino
1437 748 1564 826 Priori,

343 857 403 940 qui
417 856 454 920 in
468 856 536 920 hoc
550 858 732 939 proposito
746 856 1000 939 perseverabat
1014 855 1038 915 ¹.

402 962 474 1027 860.
517 962 596 1029 Hoc
616 965 741 1029 eodem
763 973 933 1029 autumno
955 962 1170 1027 Franciscus
1188 962 1414 1045 Veronensis,
1437 964 1498 1045 qui
1521 964 1570 1047 pi-

343 1080 466 1136 cturae
480 1081 593 1137 artem
607 1073 760 1152 tenebat,
777 1071 937 1136 Veneriis
957 1070 1114 1135 animum
1134 1072 1180 1136 ad
1200 1069 1413 1137 Societatem
1428 1070 1569 1153 adjecit,

344 1188 379 1244 et
400 1179 534 1244 Romae
554 1180 619 1244 fuit
634 1180 821 1244 admissus.

344 1393 458 1475 cebat‚
474 1394 532 1459 cui
546 1411 626 1459 cum
641 1395 758 1459 dotem
772 1412 844 1459 non
858 1393 1073 1459 mediocrem
1087 1393 1209 1459 eodem
1223 1403 1380 1476 ternpore
1392 1394 1571 1474 offerrent,

344 1518 476 1582 magno
491 1511 609 1567 tamen
623 1517 705 1567 cum
719 1502 861 1566 fervore
875 1518 915 1565 se
929 1502 966 1566 in
981 1500 1194 1566 Societatem
1214 1502 1352 1567 admitti
1367 1503 1571 1585 postulavit,

345 1618 381 1673 et
394 1608 430 1674 id
444 1628 465 1673 a
480 1610 519 1675 P.
536 1608 693 1674 Caesare
708 1610 869 1675 obtinuit.

403 1715 476 1781 862.
519 1716 691 1797 Quamvis
717 1718 753 1782 in
778 1717 956 1797 angustiis
978 1718 1029 1781 rei
1053 1716 1239 1783 familiaris
1259 1719 1373 1783 nostri
1392 1736 1575 1785 versaren-

344 1835 414 1903 tur,
430 1842 496 1889 nec
511 1824 628 1890 adhuc
640 1834 678 1889 ut
693 1826 874 1907 propriam
888 1824 1031 1891 domum
1045 1826 1142 1891 illam
1156 1826 1337 1907 baberent,
1354 1844 1461 1907 quam
1477 1818 1575 1909 habi·

345 1932 480 2012 tabant;
492 1932 718 1997 nihilominus
729 1931 985 2031 minostrorum
995 1931 1282 1997 commoditatem
1294 1932 1425 2016 aliquid
1436 1932 1474 1998 P.
1488 1932 1574 1998 Cae·

347 2056 408 2104 sar
421 2039 488 2105 hoc
503 2057 596 2104 anno
610 2039 822 2119 aedificavit,
839 2049 874 2104 et
888 2040 1099 2121 praesertim
1113 2040 1274 2105 cubicula
1294 2039 1469 2121 quaedam
1493 2057 1575 2105 con·

351 2147 521 2228 cinnavit,
548 2156 588 2212 ut
608 2148 684 2212 sine
704 2147 921 2212 infirmitatis
944 2147 1102 2228 periculo
1125 2148 1237 2213 nostri
1264 2146 1426 2213 habitare
1451 2148 1576 2213 eadem

350 2264 507 2335 possent.

410 2360 482 2425 863.
525 2361 659 2427 Nobilis
678 2362 821 2444 quidam
841 2371 1001 2443 venetuS,
1026 2361 1201 2427 Dominus
1221 2360 1453 2445 [Dominicus]
1472 2364 1576 2429 Lore·

351 2470 466 2535 danus
479 2470 634 2550 nomine,
651 2470 695 2534 de
712 2468 889 2535 Societate
904 2469 1140 2534 benemeritus
1154 2469 1177 2551 ¹,
1191 2469 1337 2536 Octobri
1354 2487 1473 2535 mense
1484 2470 1577 2535 diem

351 2568 437 2642 obiit
451 2586 662 2657 extremum
677 2586 723 2656 et,
736 2587 775 2640 ut
791 2585 981 2641 testaretur
996 2577 1104 2640 animi
1118 2578 1174 2643 sui
1188 2578 1406 2643 voluntatem
1418 2594 1504 2657 erga
1517 2574 1577 2641 So·

353 2686 530 2762 cietatem,
558 2684 667 2750 libros
692 2701 777 2750 suos
802 2684 962 2764 Collegio
986 2693 1109 2750 nostro
1127 2686 1273 2766 legavit,
1299 2701 1451 2767 quorum
1476 2686 1577 2749 valor

351 2801 493 2858 centum
508 2793 582 2856 sere
597 2790 811 2857 ducatorum
826 2801 916 2871 erat,
933 2792 982 2856 ita
999 2803 1038 2856 ut
1052 2810 1133 2857 cum
1148 2793 1324 2874 religiosis
1347 2796 1448 2874 (quos
1471 2793 1576 2856 Theu-

352 2901 450 2964 tinos
463 2900 607 2980 vocant)
622 2899 832 2965 dividerent.
849 2899 991 2980 Scripta
1007 2900 1114 2964 etiam
1133 2917 1209 2981 sua,
1230 2919 1320 2982 quae
1342 2900 1479 2964 erudita
1499 2917 1577 2964 esse

351 3006 582 3088 dicebantur,
612 3008 746 3089 aliquot
774 3007 1012 3072 voluminibus
1045 3008 1324 3090 comprehensa,
1360 3007 1492 3072 eisdem
1526 3024 1577 3072 re·

354 3115 467 3197 liquit.

412 3221 457 3288 Et
471 3222 560 3288 baec
575 3222 618 3288 de
632 3223 771 3288 Veneto
785 3221 957 3303 Collegio.

673 3545 737 3612 DE
758 3544 993 3612 COLLEGIO
1015 3545 1262 3612 PATAVINO

413 3869 485 3934 864.
528 3868 629 3934 Initio
654 3867 759 3951 hujus
777 3870 861 3933 anni
886 3886 951 3933 sex
973 3876 1110 3935 tantum
1132 3868 1176 3933 de
1198 3867 1375 3934 Societate
1397 3877 1520 3933 nostra
1545 3870 1581 3933 in

354 3977 512 4058 Collegio
522 3975 698 4041 Patavina
710 3976 958 4056 versabantur,
970 3985 1112 4058 praeter
1120 3975 1262 4042 Patrem
1270 3974 1450 4041 Simonem
1457 3975 1581 4042 Rodri·

355 4101 457 4166 guez,
475 4086 536 4166 qui
550 4085 680 4165 partim
695 4083 847 4164 Patavii,
863 4084 993 4165 partim
1009 4083 1170 4165 Bassani,
1187 4084 1317 4166 partim
1331 4083 1492 4149 Venetiis
1503 4101 1582 4148 ver·

359 4193 506 4256 sabatur
521 4190 543 4255 ⁴.

398 4433 408 4467 Ι
435 4433 549 4490 Pltillppl
561 4434 696 4489 Archlnto,
704 4433 765 4478 ollrn
775 4433 873 4477 “almae
883 4431 962 4478 Urbis
971 4431 1093 4488 Vlcarll.„
1103 4433 1170 4479 Vlde
1181 4444 1268 4489 supra,
1279 4439 1298 4478 t.
1309 4445 1326 4489 1,
1337 4445 1397 4490 pag.
1406 4432 1455 4489 210,
1466 4445 1494 4479 n.
1508 4433 1555 4477 169.

400 4505 413 4540 ¹
438 4504 838 4562 videsupra,p·1.2at,n.aea

400 4576 412 4610 ¹
439 4577 506 4622 Vide
515 4589 604 4632 snpra,
614 4585 632 4622 t.
644 4589 683 4630 ιν,
693 4589 754 4633 ρας.
766 4575 813 4631 lio,
821 4588 846 4620 n.
857 4576 905 4631 250,
917 4583 943 4621 et
953 4588 1012 4632 pag.
1025 4576 1072 4633 128,
1083 4589 1108 4622 n.
1118 4575 1171 4622 236.

398 4648 412 4684 ὁ
437 4649 505 4696 Vlde
515 4661 603 4707 snpra,
614 4655 633 4695 t.
642 4661 668 4704 v,
679 4660 742 4706 pag.
754 4648 802 4705 16⁴,
812 4659 837 4694 n.
846 4648 899 4695 473.
