3642 5350
336 330 391 395 1211
791 332 920 395 Canon.
940 334 1018 395 Soc.
1036 333 1108 408 Jns.

335 478 492 559 metices,
518 496 625 560 quam
649 478 824 544 abachum
850 478 859 513 ¹
881 489 1025 559 vocant,
1052 497 1181 562 pueros
1205 480 1366 557 docebat,
1391 480 1562 562 paulatim

334 586 489 667 reliquos
509 586 699 667 dimissuri,
722 598 757 653 et
779 587 954 669 stipendia
973 604 1098 651 eorum
1118 587 1164 651 ad
1183 587 1380 667 Collegium
1401 597 1562 652 nostrum

335 694 501 759 alendum
515 694 738 775 applicaturi.

393 800 465 865 439.
507 798 540 866 Α
556 798 733 867 Societate
748 818 835 882 ergo
857 812 979 866 nostra
998 812 1267 884 praeceptorem
1287 820 1396 867 unum
1416 802 1561 883 reliquis

334 908 418 973 addi
431 910 670 990 postulabant,
686 910 746 991 qui
761 911 854 973 hanc
869 910 1092 991 provinciam
1106 911 1302 990 susciperet
1317 909 1452 973 dimissi
1467 911 1560 973 illius

334 1014 508 1096 magistri,
522 1016 582 1097 qui
593 1016 733 1097 praxim
744 1017 995 1097 arithmetices,
1008 1018 1185 1081 scribendi
1198 1034 1241 1080 ac
1252 1018 1394 1097 legendi
1402 1016 1558 1081 doceret.

395 1120 467 1189 440.
509 1123 673 1190 Addebat
698 1123 736 1189 P.
752 1124 957 1189 Everardus
981 1126 1259 1189 constantiorem
1284 1124 1336 1188 sic
1360 1124 1436 1188 fore
1461 1125 1559 1205 spiri·

335 1233 466 1296 tualem
479 1230 632 1296 fructum
647 1249 848 1314 puerorum.
866 1232 956 1297 Cum
970 1232 1063 1296 enim
1079 1250 1100 1296 a
1119 1235 1252 1297 nostris
1266 1233 1398 1297 scholis
1412 1232 1458 1295 ad
1473 1232 1561 1295 haec

335 1338 504 1404 discenda
524 1356 596 1403 non
614 1339 719 1421 pauci
740 1339 1033 1419 transferrentur,
1059 1341 1197 1421 peribat
1222 1340 1326 1403 facile
1347 1339 1483 1403 fructus
1504 1339 1562 1401 ille

335 1445 449 1510 bonae
463 1446 704 1535 institutionis,
725 1465 806 1512 cum
828 1448 864 1511 in
885 1448 1015 1529 pietate
1030 1447 1170 1511 radices
1188 1465 1260 1511 non
1275 1447 1432 1527 egissent
1447 1447 1561 1527 pueri,

336 1552 396 1635 qui
410 1552 455 1617 ad
470 1555 613 1619 scholas
626 1555 810 1619 liberiores
830 1565 865 1619 et
879 1556 1087 1619 societatem
1105 1563 1140 1619 et
1159 1554 1416 1619 institutionem
1436 1571 1562 1635 parum

335 1660 605 1726 convenientem
627 1662 943 1727 transferebantur.
964 1660 1023 1726 Sic
1042 1662 1150 1726 etiam
1168 1661 1414 1725 benevolentia
1437 1662 1562 1724 multo·

335 1782 414 1831 rum
434 1766 565 1833 civium
583 1778 618 1833 et
636 1768 840 1851 praedictae
854 1770 1155 1833 confraternitatis
1170 1769 1352 1832 conciliari
1374 1768 1557 1849 potuisset.

392 1872 465 1940 441.
507 1874 743 1941 Nihilominus
765 1876 862 1941 Patri
881 1875 1028 1941 Vicario
1050 1876 1194 1958 Laynez
1209 1877 1325 1939 visum
1339 1893 1410 1938 non
1431 1883 1487 1938 est
1501 1894 1561 1937 ex·

333 1982 455 2065 pedire
485 1993 523 2047 ut
548 1985 616 2049 hoc
639 2002 728 2048 onus
752 1984 865 2048 nostri
887 1984 1119 2065 susciperent,
1145 1993 1180 2047 et
1208 1984 1259 2047 ita
1285 1982 1322 2047 P.
1339 1981 1555 2061 Everardus

335 2090 500 2172 quamvis
511 2108 619 2172 aegre
631 2091 667 2156 id
677 2091 826 2155 obtineri
838 2108 943 2173 posse
955 2088 1135 2173 [videbat],
1148 2090 1325 2155 adducere
1335 2089 1470 2154 studuit
1481 2107 1563 2153 con-

334 2197 568 2263 fraternitatis
588 2198 681 2263 iilius
696 2198 856 2263 homines
875 2207 914 2262 ut
932 2197 1015 2262 boni
1030 2199 1265 2276 consulerent,
1282 2197 1375 2278 quod
1398 2198 1564 2260 honestas

337 2304 384 2369 ob
399 2322 528 2370 causas
543 2304 631 2387 ipsis
649 2307 857 2387 negabatur.

395 2410 466 2477 442.
509 2410 554 2477 Et
575 2413 625 2477 ita
640 2414 716 2477 sine
727 2412 796 2478 hac
807 2413 958 2477 lectione
970 2421 1160 2477 consuetas
1175 2414 1287 2477 nostri
1298 2413 1398 2478 initio
1411 2412 1564 2476 Novem·

335 2520 409 2585 bris
422 2529 653 2601 renovarunt,
671 2521 831 2585 oratione
843 2520 965 2585 habita
986 2520 1030 2584 dc
1044 2520 1307 2601 enciclopaedia
1322 2519 1563 2583 scientiarum.

336 2627 380 2694 Et
394 2638 468 2694 tam
483 2628 707 2694 Gubernator
721 2644 847 2708 novus,
864 2628 1062 2710 Episcopus
1076 2627 1222 2692 Gaiacci
1237 2626 1248 2658 ¹
1263 2628 1336 2710 (qui
1354 2627 1564 2692 benevolum

335 2754 374 2801 se
385 2737 516 2801 nostris
528 2746 562 2800 et
573 2735 784 2800 familiarem
795 2735 1007 2815 exhibebat),
1021 2753 1127 2817 quam
1139 2734 1313 2799 Dominus
1323 2735 1455 2799 Paulus
1466 2735 1563 2800 Ursi-

335 2861 402 2908 nus
416 2841 439 2922 ⁸‚
457 2842 660 2908 Praefectus
671 2843 831 2923 militum,
844 2853 879 2907 et
891 2844 950 2908 alii
961 2844 1050 2907 clari
1067 2844 1144 2922 viri,
1161 2845 1221 2924 qui
1234 2861 1305 2906 non
1317 2843 1561 2921 interfuerant,

335 2968 415 3016 eam
430 2951 499 3016 sibi
513 2951 769 3016 communicari
779 2953 1016 3033 postularunt,
1029 2952 1192 3032 quamvis
1203 2951 1309 3014 iidem
1321 2962 1354 3013 et
1366 2949 1564 3031 Episcopus

336 3059 529 3124 Perusinus
543 3068 578 3123 et
592 3059 822 3139 magistratus
841 3059 939 3122 urbis
958 3076 1038 3123 cum
1059 3076 1123 3123 sua
1146 3059 1389 3122 consolatione
1406 3075 1478 3121 non
1497 3075 1565 3120 me·

338 3165 452 3232 diocri
466 3165 608 3246 dialogo
620 3185 641 3230 a
652 3167 771 3247 pueris
783 3174 864 3230 acto
876 3166 1048 3229 interesse
1062 3167 1251 3229 voluerunt
1265 3183 1330 3228 nec
1342 3165 1566 3228 mediocriter

338 3273 374 3340 in
389 3274 544 3339 Domino
558 3274 710 3338 recreati
724 3273 876 3338 fuerunt.

397 3381 468 3446 443.
511 3379 606 3446 Inter
627 3398 699 3460 e0S,
716 3380 775 3462 qui
794 3380 830 3445 in
856 3379 1069 3445 Societatem
1090 3379 1228 3444 admitti
1243 3381 1425 3460 optabant.
1443 3379 1564 3458 aliqui,

338 3487 400 3572 qui
421 3507 460 3554 se
479 3500 624 3572 propter
645 3489 839 3553 litterarum
855 3489 1094 3570 ignorantiam
1114 3490 1231 3552 locum
1250 3505 1321 3550 non
1340 3486 1470 3550 habere
1493 3487 1565 3548 ani·

341 3595 621 3671 madvertebant‚
642 3595 768 3660 litteris
786 3595 872 3660 dare
892 3613 1049 3676 operam,
1077 3605 1114 3659 ut
1133 3595 1269 3658 habiles
1289 3594 1333 3657 ad
1353 3592 1565 3658 Societatem

339 3705 582 3783 redderentur,
599 3711 802 3784 coeperunt.

397 3809 468 3874 444.
511 3810 566 3874 De
585 3810 765 3875 dotatione
791 3809 941 3891 Collegii
967 3810 1053 3874 nihil
1078 3812 1145 3875 hoc
1171 3828 1280 3889 auno,
1306 3809 1402 3890 quod
1426 3809 1565 3872 firmum

341 3990 554 4002 ....-—

379 4089 389 4124 ¹
416 4089 469 4146 Sic;
479 4089 602 4135 scribitur
612 4095 699 4134 temen
709 4088 837 4142 “Adaeus
849 4089 1032 4135 Arithmetice:
1042 4101 1102 4135 uam
1112 4090 1280 4136 Arithmetici
1290 4089 1316 4134 in
1325 4091 1416 4141 abaco,
1426 4090 1469 4132 vel
1478 4097 1567 4132 mensa

340 4165 447 4220 pulvere
462 4173 609 4217 conspersa.
625 4173 789 4207 numerorum
801 4170 876 4206 notas
891 4163 1083 4208 delineabant...
1094 4163 1200 4217 [Dicunt
1214 4162 1276 4207 itali
1288 4172 1365 4217 saper
1379 4161 1514 4211 labbaeo,
1525 4160 1569 4204 im·

339 4247 419 4292 purat
429 4235 446 4280 l'
455 4237 554 4280 abbaco
565 4246 611 4290 pro
622 4235 825 4280 Arithmeticem
836 4241 933 4290 tenere,
946 4235 1146 4280 Arithmetieam
1157 4235 1319 4290 addiscere]„.
1329 4234 1370 4279 Du
1380 4234 1479 4288 Causa,
1498 4232 1570 4277 Glos-

341 4309 456 4353 sartum.

379 4380 391 4413 ⁸
419 4379 470 4433 Sic;
481 4380 599 4434 qnoniam
611 4386 697 4424 tamen
708 4379 805 4423 nullum
815 4379 863 4423 ltoc
874 4383 990 4433 tempore
1000 4390 1047 4433 per
1058 4379 1162 4424 Italiam
1172 4379 1315 4434 reperimus
1323 4377 1399 4433 huius
1410 4377 1569 4431 cognominis

341 4453 506 4508 Episcopum,
518 4451 695 4495 existimamus
706 4451 824 4495 mendum
834 4462 890 4495 esse
900 4451 1002 4496 librarii
1013 4456 1040 4495 et
1055 4453 1219 4495 scribendum
1230 4451 1340 4504 AJ'accr'r'.
1357 4450 1427 4502 Quod
1438 4449 1459 4493 sl
1470 4450 1509 4492 ita
1519 4455 1567 4501 est,

340 4532 402 4570 tuuc
414 4534 496 4568 novus
507 4523 548 4566 ltlc
559 4519 675 4567 civitatis
685 4521 827 4567 Perusinae
837 4521 1002 4567 Gubernator
1012 4529 1070 4567 erat
1080 4522 1192 4576 Joannes
1203 4522 1323 4577 Baptista
1333 4520 1467 4565 Bernardi.

377 4593 390 4629 ⁸
416 4595 513 4640 Paulus
523 4593 617 4650 Orsini,
627 4595 657 4638 de
668 4605 717 4650 quo
727 4605 814 4650 supra,
825 4606 884 4651 pag.
895 4595 941 4650 114,
951 4608 975 4639 n.
986 4595 1033 4640 411.
