3642 5350
345 390 402 467 mo
805 400 934 467 Canon.
954 394 1032 466 Soc.
1051 394 1121 479 jas.

349 552 544 633 asperrima
561 550 687 632 hyeme
703 570 724 615 a
739 568 878 617 summo
892 568 997 615 mane
1007 567 1120 631 usque
1135 550 1181 614 ad
1197 548 1392 626 meridiem,
1409 543 1582 614 orationi·

347 660 414 723 bus
428 669 463 724 et
477 659 600 739 pietati
615 658 744 739 dedita,
765 676 787 722 a
802 660 933 740 templo
948 660 1018 723 no'n
1038 656 1255 736 discedebat,
1272 674 1380 737 quam
1395 656 1456 720 alii
1470 649 1581 721 etiam'

349 765 516 835 catholici
530 766 691 831 homines
706 766 950 831 imitabantur.

411 872 497 937 1627.
542 872 631 938 Cum
645 882 764 937 autem
776 870 917 952 Rector‚
931 872 969 936 P.
984 872 1188 951 Ursmarus,
1201 889 1222 936 a
1234 870 1273 936 P.
1285 870 1433 937 Canisio
1445 870 1481 934 in
1493 870 1579 935 Ger·

348 980 504 1045 maniam
519 990 668 1045 vocatus
683 990 788 1060 esset,
804 989 843 1044 ut
858 981 902 1045 de
916 979 1098 1045 mittendis
1112 980 1159 1043 ad
1178 978 1503 1059 Congregationem
1518 994 1580 1058 ge·

347 1090 505 1153 neralem
519 1097 695 1168 ageretur;
713 1088 873 1169 hospites
891 1087 1044 1166 bohemi,
1066 1104 1155 1168 quos
1174 1088 1250 1167 ipse
1269 1104 1341 1151 non
1356 1094 1518 1164 noverat,
1542 1086 1579 1149 ln
1600 1160 1604 1167 Ι

349 1212 433 1260 suas
445 1194 551 1259 aedes
558 1195 711 1275 benigne
723 1204 758 1259 et
769 1194 963 1259 honorifice
976 1192 1081 1275 [eum]
1093 1194 1333 1275 excipiebant;
1342 1210 1408 1257 nec
1416 1194 1531 1257 solum
1543 1192 1578 1257 id

348 1303 463 1385 gratis
478 1304 720 1385 praestabant,
733 1303 796 1367 sed
808 1312 842 1367 et
853 1302 1060 1383 gaudebant
1071 1303 1260 1383 plurimum
1272 1302 1368 1383 quod
1377 1299 1578 1383 huiusmodi

350 1410 526 1491 hospitem
547 1410 616 1474 illis
635 1408 733 1475 Deus
753 1410 920 1489 dedisset,
938 1410 974 1474 in
994 1409 1094 1490 cuius
1112 1411 1213 1476 vultu
1234 1410 1403 1491 pietatem
1421 1409 1582 1473 relucere

351 1514 585 1582 affirmabant.

412 1623 500 1689 1628.
544 1625 638 1689 Inter
653 1626 742 1689 alios
760 1626 905 1706 quidam
925 1625 1044 1690 husita
1062 1634 1253 1690 veteranus
1274 1624 1364 1689 adeo
1383 1624 1459 1705 ejus
1473 1625 1581 1687 collo·

349 1734 431 1813 quio
458 1742 655 1798 commotus
680 1742 745 1813 est,
771 1744 809 1796 ut
834 1749 952 1796 mores
975 1750 1062 1797 suae
1086 1744 1217 1811 sectae,
1244 1750 1287 1797 ac
1312 1732 1409 1797 vitae
1427 1740 1577 1812 peccata

349 1851 573 1921 agnosceret,
589 1849 625 1904 et
639 1840 675 1903 in
690 1850 839 1922 utroque
850 1838 1135 1904 emendationem
1150 1842 1387 1921 polliceretur;
1404 1848 1439 1903 et
1452 1839 1582 1920 postri-

349 1948 406 2013 die
421 1965 548 2013 currus
562 1956 596 2013 et
612 1964 723 2029 equos
743 1958 777 2011 et
792 1948 862 2011 alia
877 1948 1015 2011 itineris
1029 1947 1208 2027 praesidia
1224 1946 1429 2025 offerebant,
1446 1955 1481 2009 et
1495 1962 1581 2010 suos

349 2057 385 2119 in
399 2055 559 2119 scholam
573 2064 733 2119 nostram
747 2054 837 2117 filios
852 2053 1043 2117 mittendos
1054 2053 1349 2118 commendabant
1364 2052 1457 2130 (sic).

413 2162 501 2226 1629.
544 2161 762 2225 Redeuntem
781 2161 888 2225 etiam
903 2162 1148 2243 expectabant,
1170 2170 1205 2224 et
1226 2159 1349 2224 eadem
1368 2159 1583 2224 liberalitate

353 2279 542 2349 exceptum
555 2267 710 2349 Pragam
726 2267 946 2332 dimiserunt.

413 2374 502 2441 1630.
546 2374 635 2440 Cum
649 2374 826 2439 nobilibus
840 2374 1040 2439 Batonibus
1053 2376 1156 2455 regni
1170 2391 1252 2439 cum
1263 2375 1383 2439 fructu
1396 2374 1490 2438 idem
1504 2390 1583 2437 ver·

351 2484 509 2562 sabatur;
536 2483 587 2547 illi
611 2491 730 2546 autem
751 2490 787 2546 et
804 2500 854 2562 se,
876 2492 913 2546 et
931 2498 997 2546 sua
1018 2483 1136 2546 omnia
1160 2483 1291 2546 nostris
1316 2479 1526 2560 offerebant,
1547 2492 1584 2545 et

352 2608 399 2655 an
423 2590 556 2671 aliquid
579 2591 625 2654 ad
650 2589 945 2654 sustentationem
969 2587 1118 2669 Collegii
1146 2590 1295 2668 deesset,
1324 2590 1446 2653 sedulo
1470 2589 1568 2670 inqui

353 2699 489 2763 rebant.
1540 2765 1544 2774 ,

415 2805 504 2870 1631.
546 2803 696 2870 scholas
709 2815 851 2870 nostras
865 2819 992 2868 recens
1002 2815 1185 2870 extructas
1196 2806 1270 2869 suis
1280 2804 1445 2869 fenestris
1456 2805 1583 2869 vitreis

353 2925 387 2978 et
412 2912 575 2993 insigniis
600 2913 764 2977 certatim
789 2929 919 2977 ornare
939 2912 1139 2988 studebant;
1162 2922 1196 2977 et
1222 2922 1303 2977 tam
1320 2911 1609 2976 ecclesiasticus·

353 3037 461 3102 quam
485 3021 679 3085 saecularis
704 3030 860 3103 senatus,
884 3032 1027 3088 nostros
1049 3037 1181 3101 magno
1205 3038 1326 3085 amore
1350 3037 1582 3102 prosequens,

353 3145 445 3209 quae
461 3128 610 3208 Collegit
624 3139 737 3209 erant,
754 3130 822 3194 sibi
837 3131 1040 3196 communia
1054 3130 1241 3194 ducebant.

417 3234 506 3298 1632.
549 3234 701 3315 Quidam
720 3237 890 3304 sacerdos
910 3239 1045 3316 husita,
1067 3236 1209 3300 nomine
1230 3234 1371 3317 Gallus,
1391 3253 1413 3299 a
1433 3235 1471 3300 Ρ.
1492 3235 1585 3298 Hen-

355 3343 431 3407 rico
452 3341 643 3423 Blysemi0,
660 3343 761 3425 cuius
779 3355 857 3409 erat
877 3345 1030 3423 auditor,
1055 3343 1174 3407 verbis
1193 3343 1356 3406 veritatis
1376 3343 1583 3421 instructus,

352 3448 486 3530 jamin
512 3451 653 3530 templis
677 3452 875 3517 husitarum
900 3469 984 3515 suos
1009 3451 1055 3515 ad
1080 3450 1339 3514 consessionem
1360 3450 1584 3529 hortabatur,

357 3569 483 3621 contra
497 3557 703 3622 lutheranos
718 3560 906 3636 scribebat,
924 3577 1014 3640 quae
1035 3576 1056 3621 a
1075 3558 1260 3622 catholicis
1280 3557 1485 3622 doctoribus
1499 3555 1586 3620 didi·

357 3675 469 3745 cerat;
485 3665 547 3730 sed
561 3663 669 3730 filium
689 3683 728 3730 se
749 3677 1054 3747 compactatorum
1074 3666 1139 3745 (sic
1159 3675 1290 3729 vocant
1304 3683 1367 3729 eos
1385 3665 1446 3746 qui
1467 3682 1506 3728 se
1526 3663 1584 3728 ob·

356 3772 557 3838 trinxerunt
567 3782 674 3854 pacto
684 3775 749 3838 sub
759 3785 909 3856 utraque
920 3775 1039 3856 specie
1050 3771 1346 3851 communicandi)
1355 3772 1507 3849 dicebat,
1521 3789 1587 3836 nec

357 3879 451 3942 hunc
471 3895 574 3943 usum
589 3880 872 3945 communicandi
886 3898 992 3962 posse
1006 3881 1218 3962 relinquere,
1234 3879 1303 3943 nisi
1318 3879 1412 3960 quod
1426 3878 1587 3944 bohemis

357 3986 531 4051 indultum
543 3990 652 4051 semel
663 3987 920 4052 estaRomano
932 3987 1111 4067 Pontifice,
1124 3987 1262 4051 videret
1274 3986 1474 4050 authentice
1485 4003 1587 4051 revo-

358 4103 477 4158 catum
495 4093 514 4157 ¹.

422 4199 510 4264 1633.
553 4199 592 4266 In
610 4204 756 4284 reliquis
775 4202 960 4267 catholicis
973 4202 1057 4281 (sic)
1078 4212 1113 4267 et
1128 4202 1329 4283 theologiae
1348 4217 1475 4265 sacrae
1495 4199 1589 4282 apud

358 4318 500 4372 nostros
509 4309 659 4390 auditor,
670 4320 704 4373 et
714 4311 876 4375 veritatis
885 4310 1075 4390 inreliquis
1087 4310 1250 4374 omnibus
1262 4317 1401 4373 amator
1414 4319 1449 4372 et
1459 4325 1591 4390 praeco

360 4416 521 4496 publicus
536 4415 683 4482 effectus
698 4429 763 4483 est.

405 4655 414 4692 ¹
441 4655 488 4702 lls.
499 4664 627 4704 revocato,
