3642 5350
807 386 871 457 Au.
894 388 964 457 1556
1448 382 1503 453 319

271 539 402 611 decreti
415 536 526 627 us'que
537 541 583 609 ad
595 542 757 626 proxima
772 543 916 609 comitia
928 538 1171 624 suspenderat.
1185 536 1230 603 Et
1241 537 1336 605 idem
1347 540 1390 605 de
1401 538 1502 604 Duce

270 642 447 717 Bavariae
461 652 693 733 referebatur,
710 654 805 734 quod
821 652 866 716 ad
876 651 1145 732 suspensionem
1156 649 1292 713 attinet.
1306 647 1502 712 Ferebatur

269 770 387 825 autem
408 761 502 841 quod
524 758 674 840 iesuitae
690 770 855 826 auctores
874 760 1023 824 fuissent
1042 766 1116 821 tam
1136 774 1286 821 severae
1306 755 1398 819 illius
1419 771 1499 835 poe·

269 885 353 946 nae,
380 877 415 931 et
438 866 517 932 ideo
543 868 624 932 odio
650 884 782 949 magno
803 866 946 946 plurimi
958 876 1100 929 nostros
1121 863 1444 945 prosequebanmr;
1465 872 1501 925 et

268 983 389 1039 tamen
405 974 454 1038 ita
469 992 527 1038 res
540 991 612 1039 non
628 972 692 1057 [se]
708 975 873 1049 habebat,
891 991 957 1037 nec
971 989 1123 1054 poenam
1135 970 1231 1035 illam
1242 970 1371 1051 capitis
1383 968 1421 1033 P.
1434 968 1499 1033 La·

213 1074 216 1081 ’
269 1099 386 1163 noyus
400 1098 617 1162 magnopere
631 1082 817 1163 probabat,
834 1080 956 1144 habita
970 1078 1046 1160 eJ‘us
1060 1079 1218 1159 regionis
1232 1078 1384 1143 ratione.

280 1214 282 1219 ¹
333 1188 421 1252 1445.
463 1188 503 1253 In
518 1188 742 1254 hebdomada
758 1199 883 1253 sancta
895 1188 1261 1269 cumpraedicaturus
1271 1195 1365 1250 esset
1376 1200 1500 1250 coram

269 1295 367 1375 Rege
382 1294 420 1359 P.
437 1296 633 1361 Gaudanus
648 1295 691 1359 de
707 1295 876 1360 Passione
890 1294 1034 1359 Domini
1050 1313 1113 1376 per
1124 1295 1213 1359 duas
1224 1295 1282 1359 vel
1294 1304 1367 1358 tres
1377 1293 1498 1372 horas,

270 1403 334 1467 sub
350 1404 434 1467 illud
448 1404 542 1468 idem
561 1414 700 1485 tempus
719 1404 756 1467 in
775 1404 900 1467 febrim
919 1402 1060 1481 incidit,
1083 1422 1104 1467 a
1126 1420 1196 1484 qua
1210 1402 1277 1467 fuit
1297 1401 1498 1483 impeditus.

269 1510 405 1575 Eodem
419 1523 578 1591 tempore
589 1510 627 1575 P.
640 1496 821 1591 Lanoyus,
835 1510 978 1592 Rector,
992 1509 1235 1575 confessiones
1245 1526 1499 1590 germanorum

271 1619 394 1687 audire
410 1620 544 1699 coepit,
562 1635 642 1683 cum
661 1618 906 1697 germanicum
926 1616 1075 1696 idioma,
1094 1627 1272 1698 quantum·
1284 1617 1372 1681 satis
1391 1626 1498 1697 esset,

270 1725 461 1790 didicisset.
479 1726 602 1790 Gallos
616 1734 651 1789 et
666 1726 768 1788 italos
784 1723 820 1787 P.
838 1725 1032 1790 Ursmarus
1048 1724 1069 1804 ¹,
1086 1725 1147 1806 qui
1166 1741 1248 1790 cum
1262 1724 1335 1788 suis
1349 1740 1499 1806 pragen·

269 1828 367 1897 sibus
386 1842 470 1897 tunc
496 1833 658 1897 Viennae
684 1834 915 1911 versabatur,
940 1841 1165 1897 sacramento
1191 1831 1425 1897 confessionis
1447 1830 1497 1911 J'u-

273 1957 358 2005 vare
373 1940 499 2021 potuit.

332 2046 421 2110 1446.
465 2047 555 2111 Cum
569 2047 739 2139 haeretici
755 2047 799 2111 ad
811 2048 1041 2112 evertendam
1051 2046 1265 2112 Societatem
1276 2057 1449 2127 nostram,
1462 2054 1500 2110 ut

268 2155 343 2219 suis
373 2155 559 2219 conatibus
585 2172 663 2219 sese
693 2164 943 2236 opponentem,
970 2156 1059 2219 satis
1081 2164 1201 2219 essent
1221 2155 1406 2236 propensi,
1433 2171 1500 2218 nec
1581 2143 1586 2156 '

268 2263 506 2342 occasionem,
523 2278 614 2343 quae
629 2279 668 2326 se
683 2262 825 2326 offerret
840 2263 885 2327 ad
900 2264 1062 2327 vitamet
1077 2262 1208 2328 famam
1223 2271 1428 2327 nostrorum
1444 2279 1499 2326 su·

268 2366 473 2450 gillandanr,
491 2370 705 2446 omitterent;
717 2371 815 2434 nacti
825 2381 907 2434 sunt
917 2371 986 2435 hoc
997 2378 1155 2451 ternpore
1169 2388 1241 2434 non
1255 2371 1423 2450 exiguam
1440 2386 1499 2433 oc·

268 2477 450 2542 casionem
465 2487 608 2542 nostros
622 2477 831 2555 insectandi,
848 2494 929 2542 cum
944 2478 980 2542 in
1001 2495 1124 2542 eorum
1143 2495 1269 2542 manus
1289 2477 1497 2542 incidissent

266 2584 441 2666 quaedam
457 2582 495 2647 P.
511 2583 646 2649 Canisii
661 2585 799 2648 litterae
818 2584 863 2648 ad
884 2583 1020 2665 Regem
1038 2584 1281 2673 Romanorum
1302 2595 1337 2647 et
1351 2584 1497 2665 Episco-

266 2709 349 2773 pum
373 2691 615 2757 Labacensem
637 2693 782 2767 missae,
805 2711 893 2774 quas
913 2694 963 2757 ilii
983 2694 1170 2758 seditiosas
1189 2710 1267 2757 esse
1289 2693 1499 2772 interpreta-

264 2798 405 2879 bantur,
426 2817 468 2863 eo
491 2800 584 2880 quod
605 2809 744 2881 patrem
763 2811 889 2864 contra
911 2799 1021 2864 filium
1036 2801 1316 2866 Maximilianum
1330 2801 1495 2888 excitare

265 2906 485 2982 viderentur;
508 2908 671 2988 quamvis
696 2907 878 2988 religionis
904 2908 1034 2987 gratia,
1060 2917 1095 2970 et
1119 2917 1158 2972 ut
1181 2906 1290 2972 filium
1316 2908 1351 2971 in
1376 2907 1493 2972 officio

262 3014 472 3092 contineret,
487 3015 620 3094 optimo
635 3015 711 3078 zelo
724 3016 878 3096 scriptae
892 3014 1033 3079 fuerant
1044 3013 1067 3078 ⁸.
1146 3017 1149 3020 ’

325 3121 412 3184 1447.
456 3120 574 3185 Aliam
594 3122 699 3186 etiam
722 3132 846 3185 contra
871 3132 1014 3187 nostros
1033 3123 1244 3188 viennenses
1265 3124 1491 3189 occasionem

262 3228 477 3304 habuerunt;
499 3231 583 3310 quia
607 3229 753 3310 scilicet,
777 3229 1011 3294 confessionis
1030 3240 1065 3294 et
1090 3231 1348 3295 communionis
1376 3248 1495 3296 sacra·

262 3343 380 3400 menta
408 3336 619 3417 quibusdam
646 3338 738 3401 male
766 3336 905 3401 deiide
933 3339 1166 3402 sentientibus
1199 3338 1403 3402 ministrare
1433 3355 1493 3402 vo·

261 3444 366 3507 luerit
383 3441 405 3508 ³.

323 3549 411 3613 1448.
454 3549 624 3630 Religiosi
639 3551 746 3614 etiam
761 3551 896 3616 ordinis
907 3552 967 3618 Sti
987 3552 1163 3619 Dominici
1175 3553 1495 3618 contradictionem

261 3667 384 3723 contra
400 3669 544 3722 nostros
558 3659 713 3738 aliquam
728 3661 959 3725 suscitabant.
976 3661 1046 3727 Sed
1063 3661 1195 3742 Regem
1210 3662 1299 3726 haec
1314 3661 1459 3724 minime
1476 3677 1496 3722 a

301 3937 310 3971 Ι
339 3935 479 3984 Uramarus
497 3937 652 3995 Goyuonlus.
673 3938 738 3986 Vide
755 3953 843 3996 supra,
861 3954 922 3998 pag.
938 3943 971 3996 23,
988 3955 1013 3986 n.
1029 3942 1064 3999 60;
1081 3942 1108 3987 et
1129 3943 1225 3986 Cantas
1242 3943 1276 3986 rie
1298 3941 1355 3986 San
1373 3940 1497 3996 Ignacio,

264 4015 282 4054 t.
293 4020 329 4065 vr,
340 4021 401 4065 pag.
411 4011 452 4054 453
461 4017 487 4055 et
500 4012 545 4056 132.

298 4083 310 4114 ¹
336 4081 417 4126 Multa
427 4083 457 4126 de
467 4081 644 4129 Maximlliano
653 4085 798 4129 lutheranis
814 4085 920 4129 favente
936 4085 1091 4141 Caninioque
1106 4087 1265 4130 adversante
1282 4085 1366 4130 tradit
1382 4083 1496 4128 Baiuras·

258 4163 366 4204 senon.
374 4154 392 4198 i.
404 4165 417 4196 c
428 4187 436 4206 ,
446 4167 511 4210 quae
523 4158 582 4200 huic
593 4159 648 4202 loco
659 4157 811 4209 inservluut;
820 4158 960 4212 praecipue
971 4170 1043 4211 vero,
1053 4165 1071 4203 t.
1081 4169 1098 4214 r,
1110 4169 1169 4214 pag.
1180 4157 1277 4208 5214&st
1286 4157 1385 4201 aarum

297 4225 310 4259 Ι
337 4225 377 4270 lta
387 4231 521 4281 perspicue
531 4229 557 4272 in
571 4239 618 4272 ms.
628 4229 731 4283 iegitur.
741 4230 777 4273 At
792 4229 878 4283 potius
892 4231 1028 4283 legendnm
1039 4236 1107 4275 esset
1123 4231 1268 4275 noluerint.
1283 4230 1368 4274 Primo
1379 4229 1494 4283 quidem,

257 4297 319 4352 qnia
332 4304 531 4344 consentaneum
545 4306 585 4344 est
600 4307 630 4344 ut
648 4300 718 4343 maie
734 4300 768 4343 de
782 4301 837 4354 fide
854 4303 1036 4346 sentientibus
1052 4302 1230 4356 consessionis
1248 4307 1275 4347 at
1297 4301 1496 4348 communionis

255 4372 428 4414 sacramenta
435 4371 546 4424 jesuitae
557 4372 710 4416 viennenses
720 4374 880 4417 ministrare
889 4374 1091 4431 noluerint.-·2)
1100 4375 1167 4427 Quia
1177 4377 1198 4419 si
1209 4376 1372 4420 contrarium
1383 4373 1495 4419 accidia·

257 4446 306 4493 set,
317 4451 366 4485 non
381 4447 421 4487 eat
435 4443 575 4497 putandum
586 4443 691 4488 nimiam
699 4443 853 4498 Jesuitarunr
863 4445 1052 4499 benignitatem
1059 4447 1123 4491 adeo
1135 4448 1266 4502 ingratam
1274 4447 1437 4494 adversariis
1450 4453 1494 4490 no·

159 4515 163 4522 '
257 4513 321 4556 stris
337 4512 425 4565 inisse,
441 4523 469 4558 ut
487 4522 577 4560 contra
592 4515 751 4559 Societatem
766 4528 810 4560 eos
827 4517 995 4562 veliementer
1009 4519 1233 4573 concitasset-it)
1246 4519 1391 4565 Noluerint
1408 4517 1494 4572 magle

258 4594 335 4637 quam
351 4586 467 4629 noluerit
483 4588 671 4641 grammaticae
686 4589 759 4641 leges
777 4587 927 4643 requirunt:
945 4601 995 4633 non
1012 4592 1215 4646 repugnabimus
1232 4598 1329 4647 tamen,
1344 4592 1368 4636 ai
1382 4591 1448 4648 qula,
1464 4599 1492 4636 ut

258 4656 398 4711 alngniatla
406 4669 526 4704 uumerus
537 4660 692 4716 retineatur,
703 4659 836 4705 subaudiri
847 4661 914 4706 velit
925 4661 1051 4707 Conisins
1060 4668 1194 4722 tanquam
1201 4664 1329 4710 orationis
1339 4665 1492 4724 subiectum.
