<?xml version="1.0" encoding="UTF-8"?>
<!DOCTYPE html PUBLIC "-//W3C//DTD XHTML 1.0 Transitional//EN"
    "http://www.w3.org/TR/xhtml1/DTD/xhtml1-transitional.dtd">
<html xmlns="http://www.w3.org/1999/xhtml" xml:lang="en" lang="en">
 <head>
  <title>
</title>
<meta http-equiv="Content-Type" content="text/html;charset=utf-8" />
  <meta name='ocr-system' content='tesseract 3.04.00' />
  <meta name='ocr-capabilities' content='ocr_page ocr_carea ocr_par ocr_line ocrx_word'/>
</head>
<body>
  <div class='ocr_page' id='page_1' title='image "./vitaignatiiloio00polagoog_0748.png"; bbox 0 0 3642 5350; ppageno 0'>
   <div class='ocr_carea' id='block_1_1' title="bbox 369 374 1146 485">
    <p class='ocr_par' dir='ltr' id='par_1_1' title="bbox 369 374 1146 485">
     <span class='ocr_line' id='line_1_1' title="bbox 369 374 1146 485; baseline -0.003 -14"><span class='ocrx_word' id='word_1_1' title='bbox 369 410 426 475; x_wconf 79' lang='lat'><strong>728</strong></span> <span class='ocrx_word' id='word_1_2' title='bbox 829 406 958 472; x_wconf 69' lang='lat' dir='ltr'><strong>ennon.</strong></span> <span class='ocrx_word' id='word_1_3' title='bbox 977 408 1054 473; x_wconf 85' lang='lat' dir='ltr'>Soc.</span> <span class='ocrx_word' id='word_1_4' title='bbox 1075 374 1146 485; x_wconf 77' lang='lat' dir='ltr'><strong>Jns.</strong></span> 
     </span>
    </p>
   </div>
   <div class='ocr_carea' id='block_1_2' title="bbox 347 555 1612 4610">
    <p class='ocr_par' dir='ltr' id='par_1_2' title="bbox 371 555 1604 1070">
     <span class='ocr_line' id='line_1_2' title="bbox 371 555 1602 643; baseline -0.003 -18"><span class='ocrx_word' id='word_1_5' title='bbox 371 557 549 643; x_wconf 84' lang='lat' dir='ltr'><strong>quaedam</strong></span> <span class='ocrx_word' id='word_1_6' title='bbox 561 576 583 623; x_wconf 89' lang='lat' dir='ltr'><strong>a</strong></span> <span class='ocrx_word' id='word_1_7' title='bbox 594 556 633 623; x_wconf 91' lang='lat' dir='ltr'><strong>P.</strong></span> <span class='ocrx_word' id='word_1_8' title='bbox 646 555 807 623; x_wconf 85' lang='lat' dir='ltr'><strong>Carnero</strong></span> <span class='ocrx_word' id='word_1_9' title='bbox 817 557 853 621; x_wconf 92' lang='lat' dir='ltr'><strong>in</strong></span> <span class='ocrx_word' id='word_1_10' title='bbox 864 557 971 621; x_wconf 90' lang='lat' dir='ltr'><strong>rebus</strong></span> <span class='ocrx_word' id='word_1_11' title='bbox 980 557 1224 637; x_wconf 89' lang='lat' dir='ltr'><strong>spiritualibus</strong></span> <span class='ocrx_word' id='word_1_12' title='bbox 1234 557 1420 635; x_wconf 85' lang='lat' dir='ltr'><strong>instructa,</strong></span> <span class='ocrx_word' id='word_1_13' title='bbox 1432 556 1602 621; x_wconf 87' lang='lat' dir='ltr'><strong>acceden·</strong></span> 
     </span>
     <span class='ocr_line' id='line_1_3' title="bbox 371 662 1604 747; baseline -0.004 -14"><span class='ocrx_word' id='word_1_14' title='bbox 371 668 466 733; x_wconf 90' lang='lat' dir='ltr'><strong>tibus</strong></span> <span class='ocrx_word' id='word_1_15' title='bbox 476 665 707 732; x_wconf 92' lang='lat' dir='ltr'><strong>concionibus</strong></span> <span class='ocrx_word' id='word_1_16' title='bbox 718 662 902 746; x_wconf 88' lang='lat' dir='ltr'><strong>cujusdam</strong></span> <span class='ocrx_word' id='word_1_17' title='bbox 913 682 959 728; x_wconf 87' lang='lat' dir='ltr'><strong>ex</strong></span> <span class='ocrx_word' id='word_1_18' title='bbox 969 665 1102 729; x_wconf 90' lang='lat' dir='ltr'><strong>nostris</strong></span> <span class='ocrx_word' id='word_1_19' title='bbox 1112 674 1146 729; x_wconf 93' lang='lat' dir='ltr'><strong>et</strong></span> <span class='ocrx_word' id='word_1_20' title='bbox 1157 664 1351 747; x_wconf 90' lang='lat' dir='ltr'><strong>praedictis</strong></span> <span class='ocrx_word' id='word_1_21' title='bbox 1359 663 1604 745; x_wconf 86' lang='lat' dir='ltr'><strong>spiritualibus</strong></span> 
     </span>
     <span class='ocr_line' id='line_1_4' title="bbox 372 770 1601 855; baseline -0.004 -14"><span class='ocrx_word' id='word_1_22' title='bbox 372 774 564 855; x_wconf 87' lang='lat' dir='ltr'><strong>exercitiis,</strong></span> <span class='ocrx_word' id='word_1_23' title='bbox 581 772 737 837; x_wconf 86' lang='lat' dir='ltr'><strong>advitae</strong></span> <span class='ocrx_word' id='word_1_24' title='bbox 754 772 1046 838; x_wconf 77' lang='lat' dir='ltr'><strong>reformationem</strong></span> <span class='ocrx_word' id='word_1_25' title='bbox 1064 772 1237 837; x_wconf 84' lang='lat' dir='ltr'><strong>moniales</strong></span> <span class='ocrx_word' id='word_1_26' title='bbox 1258 770 1433 837; x_wconf 84' lang='lat' dir='ltr'><strong>adductae</strong></span> <span class='ocrx_word' id='word_1_27' title='bbox 1446 771 1601 852; x_wconf 75' lang='lat' dir='ltr'><strong>fuerunt,</strong></span> 
     </span>
     <span class='ocr_line' id='line_1_5' title="bbox 374 878 1603 963; baseline -0.005 -14"><span class='ocrx_word' id='word_1_28' title='bbox 374 894 410 949; x_wconf 93' lang='lat' dir='ltr'><strong>et</strong></span> <span class='ocrx_word' id='word_1_29' title='bbox 425 898 549 948; x_wconf 90' lang='lat' dir='ltr'><strong>earum</strong></span> <span class='ocrx_word' id='word_1_30' title='bbox 563 896 645 961; x_wconf 84' lang='lat' dir='ltr'><strong>una,</strong></span> <span class='ocrx_word' id='word_1_31' title='bbox 662 898 753 963; x_wconf 90' lang='lat' dir='ltr'><strong>quae</strong></span> <span class='ocrx_word' id='word_1_32' title='bbox 767 881 866 947; x_wconf 90' lang='lat' dir='ltr'><strong>velut</strong></span> <span class='ocrx_word' id='word_1_33' title='bbox 880 889 988 963; x_wconf 89' lang='lat' dir='ltr'><strong>caput</strong></span> <span class='ocrx_word' id='word_1_34' title='bbox 1008 878 1177 946; x_wconf 82' lang='lat' dir='ltr'><strong>factionis</strong></span> <span class='ocrx_word' id='word_1_35' title='bbox 1196 889 1286 960; x_wconf 88' lang='lat' dir='ltr'><strong>erat,</strong></span> <span class='ocrx_word' id='word_1_36' title='bbox 1301 878 1443 961; x_wconf 91' lang='lat' dir='ltr'><strong>publice</strong></span> <span class='ocrx_word' id='word_1_37' title='bbox 1460 880 1506 944; x_wconf 90' lang='lat' dir='ltr'><strong>ab</strong></span> <span class='ocrx_word' id='word_1_38' title='bbox 1524 879 1603 945; x_wconf 88' lang='lat' dir='ltr'><strong>aliis</strong></span> 
     </span>
     <span class='ocr_line' id='line_1_6' title="bbox 373 988 738 1070; baseline -0.016 -14"><span class='ocrx_word' id='word_1_39' title='bbox 373 990 518 1056; x_wconf 86' lang='lat' dir='ltr'><strong>veniam</strong></span> <span class='ocrx_word' id='word_1_40' title='bbox 532 988 738 1070; x_wconf 87' lang='lat' dir='ltr'><strong>postulavit.</strong></span> 
     </span>
    </p>

    <p class='ocr_par' dir='ltr' id='par_1_3' title="bbox 349 1093 1604 1715">
     <span class='ocr_line' id='line_1_7' title="bbox 349 1093 1604 1177; baseline -0.003 -15"><span class='ocrx_word' id='word_1_41' title='bbox 349 1158 355 1169; x_wconf 87' lang='grc'><strong>,</strong></span> <span class='ocrx_word' id='word_1_42' title='bbox 433 1095 524 1163; x_wconf 90' lang='grc'><strong>3150.</strong></span> <span class='ocrx_word' id='word_1_43' title='bbox 568 1095 686 1160; x_wconf 91' lang='lat' dir='ltr'><strong>Etiam</strong></span> <span class='ocrx_word' id='word_1_44' title='bbox 714 1095 782 1177; x_wconf 89' lang='lat' dir='ltr'><strong>ipsi</strong></span> <span class='ocrx_word' id='word_1_45' title='bbox 810 1094 985 1176; x_wconf 86' lang='lat' dir='ltr'><strong>artifices,</strong></span> <span class='ocrx_word' id='word_1_46' title='bbox 1015 1096 1076 1177; x_wconf 92' lang='lat' dir='ltr'><strong>qui</strong></span> <span class='ocrx_word' id='word_1_47' title='bbox 1103 1093 1265 1161; x_wconf 87' lang='lat' dir='ltr'><strong>aedificio</strong></span> <span class='ocrx_word' id='word_1_48' title='bbox 1293 1095 1444 1176; x_wconf 83' lang='lat' dir='ltr'><strong>Collegii</strong></span> <span class='ocrx_word' id='word_1_49' title='bbox 1471 1094 1604 1159; x_wconf 87' lang='lat' dir='ltr'><strong>dabant</strong></span> 
     </span>
     <span class='ocr_line' id='line_1_8' title="bbox 373 1201 1601 1287; baseline -0.002 -17"><span class='ocrx_word' id='word_1_50' title='bbox 373 1221 533 1287; x_wconf 86' lang='lat' dir='ltr'><strong>operam,</strong></span> <span class='ocrx_word' id='word_1_51' title='bbox 549 1219 612 1284; x_wconf 90' lang='lat' dir='ltr'><strong>per</strong></span> <span class='ocrx_word' id='word_1_52' title='bbox 626 1201 887 1267; x_wconf 84' lang='lat' dir='ltr'><strong>consessionem</strong></span> <span class='ocrx_word' id='word_1_53' title='bbox 901 1210 936 1266; x_wconf 94' lang='grc'><strong>51</strong></span> <span class='ocrx_word' id='word_1_54' title='bbox 951 1202 1011 1283; x_wconf 90' lang='lat' dir='ltr'><strong>pia</strong></span> <span class='ocrx_word' id='word_1_55' title='bbox 1024 1202 1200 1284; x_wconf 90' lang='lat' dir='ltr'><strong>colloquia</strong></span> <span class='ocrx_word' id='word_1_56' title='bbox 1214 1202 1459 1285; x_wconf 81' lang='lat' dir='ltr'><strong>proficiebant3</strong></span> <span class='ocrx_word' id='word_1_57' title='bbox 1473 1212 1601 1267; x_wconf 88' lang='lat' dir='ltr'><strong>etcum</strong></span> 
     </span>
     <span class='ocr_line' id='line_1_9' title="bbox 373 1308 1604 1392; baseline -0.002 -17"><span class='ocrx_word' id='word_1_58' title='bbox 373 1312 611 1392; x_wconf 85' lang='lat' dir='ltr'><strong>intelligerent</strong></span> <span class='ocrx_word' id='word_1_59' title='bbox 626 1309 735 1391; x_wconf 92' lang='lat' dir='ltr'><strong>aliqui</strong></span> <span class='ocrx_word' id='word_1_60' title='bbox 748 1308 799 1391; x_wconf 93' lang='lat' dir='ltr'><strong>pii</strong></span> <span class='ocrx_word' id='word_1_61' title='bbox 814 1308 883 1373; x_wconf 88' lang='lat' dir='ltr'><strong>viri</strong></span> <span class='ocrx_word' id='word_1_62' title='bbox 903 1326 982 1389; x_wconf 89' lang='lat' dir='ltr'><strong>eos,</strong></span> <span class='ocrx_word' id='word_1_63' title='bbox 1002 1309 1064 1391; x_wconf 92' lang='lat' dir='ltr'><strong>qui</strong></span> <span class='ocrx_word' id='word_1_64' title='bbox 1084 1310 1121 1374; x_wconf 92' lang='lat' dir='ltr'><strong>in</strong></span> <span class='ocrx_word' id='word_1_65' title='bbox 1140 1308 1303 1375; x_wconf 89' lang='lat' dir='ltr'><strong>custodia</strong></span> <span class='ocrx_word' id='word_1_66' title='bbox 1318 1310 1460 1391; x_wconf 90' lang='lat' dir='ltr'><strong>publica</strong></span> <span class='ocrx_word' id='word_1_67' title='bbox 1474 1308 1604 1373; x_wconf 90' lang='lat' dir='ltr'><strong>detine·</strong></span> 
     </span>
     <span class='ocr_line' id='line_1_10' title="bbox 376 1416 1604 1500; baseline -0.002 -17"><span class='ocrx_word' id='word_1_68' title='bbox 376 1420 518 1495; x_wconf 86' lang='lat' dir='ltr'><strong>bantur,</strong></span> <span class='ocrx_word' id='word_1_69' title='bbox 534 1417 755 1500; x_wconf 88' lang='lat' dir='ltr'><strong>spiritualem</strong></span> <span class='ocrx_word' id='word_1_70' title='bbox 768 1416 887 1481; x_wconf 87' lang='lat' dir='ltr'><strong>cibum</strong></span> <span class='ocrx_word' id='word_1_71' title='bbox 901 1426 1105 1482; x_wconf 88' lang='lat' dir='ltr'><strong>nostrorum</strong></span> <span class='ocrx_word' id='word_1_72' title='bbox 1119 1433 1229 1499; x_wconf 89' lang='lat' dir='ltr'><strong>opera</strong></span> <span class='ocrx_word' id='word_1_73' title='bbox 1244 1416 1443 1499; x_wconf 85' lang='lat' dir='ltr'><strong>accepisse,</strong></span> <span class='ocrx_word' id='word_1_74' title='bbox 1465 1416 1511 1481; x_wconf 87' lang='lat' dir='ltr'><strong>ad</strong></span> <span class='ocrx_word' id='word_1_75' title='bbox 1528 1433 1604 1480; x_wconf 92' lang='lat' dir='ltr'><strong>cor·</strong></span> 
     </span>
     <span class='ocr_line' id='line_1_11' title="bbox 376 1522 1604 1608; baseline -0.002 -17"><span class='ocrx_word' id='word_1_76' title='bbox 376 1528 535 1608; x_wconf 90' lang='lat' dir='ltr'><strong>poralem</strong></span> <span class='ocrx_word' id='word_1_77' title='bbox 561 1524 649 1606; x_wconf 91' lang='lat' dir='ltr'><strong>ipsis</strong></span> <span class='ocrx_word' id='word_1_78' title='bbox 673 1523 915 1605; x_wconf 86' lang='lat' dir='ltr'><strong>praebendum</strong></span> <span class='ocrx_word' id='word_1_79' title='bbox 933 1540 972 1588; x_wconf 89' lang='lat' dir='ltr'><strong>se</strong></span> <span class='ocrx_word' id='word_1_80' title='bbox 996 1524 1109 1589; x_wconf 88' lang='lat' dir='ltr'><strong>teneri</strong></span> <span class='ocrx_word' id='word_1_81' title='bbox 1128 1522 1411 1605; x_wconf 84' lang='lat' dir='ltr'><strong>arbitrabantur,</strong></span> <span class='ocrx_word' id='word_1_82' title='bbox 1438 1533 1474 1588; x_wconf 91' lang='lat' dir='ltr'><strong>et</strong></span> <span class='ocrx_word' id='word_1_83' title='bbox 1497 1523 1548 1589; x_wconf 88' lang='lat' dir='ltr'><strong>ita</strong></span> <span class='ocrx_word' id='word_1_84' title='bbox 1568 1524 1604 1589; x_wconf 93' lang='lat' dir='ltr'><strong>id</strong></span> 
     </span>
     <span class='ocr_line' id='line_1_12' title="bbox 379 1632 643 1715; baseline -0.008 -18"><span class='ocrx_word' id='word_1_85' title='bbox 379 1632 643 1715; x_wconf 84' lang='lat' dir='ltr'><strong>praestiterunt.</strong></span> 
     </span>
    </p>

    <p class='ocr_par' dir='ltr' id='par_1_4' title="bbox 347 1736 1611 3970">
     <span class='ocr_line' id='line_1_13' title="bbox 437 1736 1604 1821; baseline 0 -18"><span class='ocrx_word' id='word_1_86' title='bbox 437 1738 530 1805; x_wconf 88' lang='grc'><strong>3151.</strong></span> <span class='ocrx_word' id='word_1_87' title='bbox 573 1737 715 1803; x_wconf 87' lang='lat' dir='ltr'><strong>Accidit</strong></span> <span class='ocrx_word' id='word_1_88' title='bbox 727 1747 857 1817; x_wconf 86' lang='lat' dir='ltr'><strong>autem,</strong></span> <span class='ocrx_word' id='word_1_89' title='bbox 869 1754 952 1801; x_wconf 91' lang='lat' dir='ltr'><strong>cum</strong></span> <span class='ocrx_word' id='word_1_90' title='bbox 963 1736 1008 1801; x_wconf 87' lang='lat' dir='ltr'><strong>ad</strong></span> <span class='ocrx_word' id='word_1_91' title='bbox 1019 1737 1154 1802; x_wconf 83' lang='lat' dir='ltr'><strong>iontem</strong></span> <span class='ocrx_word' id='word_1_92' title='bbox 1163 1738 1537 1818; x_wconf 72' lang='lat' dir='ltr'><strong>egregiuminmedio</strong></span> <span class='ocrx_word' id='word_1_93' title='bbox 1549 1756 1604 1821; x_wconf 89' lang='lat' dir='ltr'><strong>pe·</strong></span> 
     </span>
     <span class='ocr_line' id='line_1_14' title="bbox 379 1845 1605 1931; baseline -0.002 -19"><span class='ocrx_word' id='word_1_94' title='bbox 379 1847 496 1929; x_wconf 85' lang='lat' dir='ltr'><strong>ristyli</strong></span> <span class='ocrx_word' id='word_1_95' title='bbox 511 1845 893 1931; x_wconf 76' lang='lat' dir='ltr'><strong>collegii-conlectum,</strong></span> <span class='ocrx_word' id='word_1_96' title='bbox 917 1862 1010 1926; x_wconf 89' lang='lat' dir='ltr'><strong>aqua</strong></span> <span class='ocrx_word' id='word_1_97' title='bbox 1024 1862 1089 1926; x_wconf 86' lang='lat' dir='ltr'><strong>per</strong></span> <span class='ocrx_word' id='word_1_98' title='bbox 1109 1845 1284 1926; x_wconf 90' lang='lat' dir='ltr'><strong>quosdam</strong></span> <span class='ocrx_word' id='word_1_99' title='bbox 1303 1845 1502 1911; x_wconf 88' lang='lat' dir='ltr'><strong>conductos</strong></span> <span class='ocrx_word' id='word_1_100' title='bbox 1522 1846 1605 1911; x_wconf 91' lang='lat' dir='ltr'><strong>alibi</strong></span> 
     </span>
     <span class='ocr_line' id='line_1_15' title="bbox 375 1950 1605 2033; baseline -0.001 -13"><span class='ocrx_word' id='word_1_101' title='bbox 375 1954 570 2020; x_wconf 87' lang='lat' dir='ltr'><strong>adserenda</strong></span> <span class='ocrx_word' id='word_1_102' title='bbox 596 1963 708 2033; x_wconf 89' lang='lat' dir='ltr'><strong>esset,</strong></span> <span class='ocrx_word' id='word_1_103' title='bbox 733 1962 781 2032; x_wconf 92' lang='lat' dir='ltr'><strong>ut,</strong></span> <span class='ocrx_word' id='word_1_104' title='bbox 804 1952 850 2017; x_wconf 92' lang='lat' dir='ltr'><strong>ad</strong></span> <span class='ocrx_word' id='word_1_105' title='bbox 868 1951 1026 2017; x_wconf 88' lang='lat' dir='ltr'><strong>radicem</strong></span> <span class='ocrx_word' id='word_1_106' title='bbox 1048 1950 1233 2033; x_wconf 75' lang='lat' dir='ltr'><strong>cuiusdam</strong></span> <span class='ocrx_word' id='word_1_107' title='bbox 1252 1953 1394 2033; x_wconf 88' lang='lat' dir='ltr'><strong>montis,</strong></span> <span class='ocrx_word' id='word_1_108' title='bbox 1415 1971 1462 2018; x_wconf 85' lang='lat' dir='ltr'><strong>ex</strong></span> <span class='ocrx_word' id='word_1_109' title='bbox 1486 1954 1605 2019; x_wconf 88' lang='lat' dir='ltr'><strong>mobili</strong></span> 
     </span>
     <span class='ocr_line' id='line_1_16' title="bbox 375 2059 1604 2142; baseline 0.001 -16"><span class='ocrx_word' id='word_1_110' title='bbox 375 2071 471 2126; x_wconf 90' lang='lat' dir='ltr'><strong>terra</strong></span> <span class='ocrx_word' id='word_1_111' title='bbox 488 2060 652 2139; x_wconf 85' lang='lat' dir='ltr'><strong>confecti,</strong></span> <span class='ocrx_word' id='word_1_112' title='bbox 670 2060 779 2142; x_wconf 87' lang='lat' dir='ltr'><strong>aliqui</strong></span> <span class='ocrx_word' id='word_1_113' title='bbox 794 2078 840 2124; x_wconf 83' lang='lat' dir='ltr'><strong>ex</strong></span> <span class='ocrx_word' id='word_1_114' title='bbox 854 2059 909 2123; x_wconf 90' lang='lat' dir='ltr'><strong>his</strong></span> <span class='ocrx_word' id='word_1_115' title='bbox 925 2059 1120 2125; x_wconf 84' lang='lat' dir='ltr'><strong>artificibus</strong></span> <span class='ocrx_word' id='word_1_116' title='bbox 1134 2059 1268 2125; x_wconf 80' lang='lat' dir='ltr'><strong>fossam</strong></span> <span class='ocrx_word' id='word_1_117' title='bbox 1278 2061 1470 2142; x_wconf 87' lang='lat' dir='ltr'><strong>quamdam</strong></span> <span class='ocrx_word' id='word_1_118' title='bbox 1483 2061 1531 2126; x_wconf 86' lang='lat' dir='ltr'><strong>ad</strong></span> <span class='ocrx_word' id='word_1_119' title='bbox 1544 2061 1604 2127; x_wconf 91' lang='grc'><strong>111-</strong></span> 
     </span>
     <span class='ocr_line' id='line_1_17' title="bbox 347 2156 1605 2251; baseline 0 -18"><span class='ocrx_word' id='word_1_120' title='bbox 347 2156 351 2165; x_wconf 82' lang='grc'><strong>’</strong></span> <span class='ocrx_word' id='word_1_121' title='bbox 374 2167 529 2251; x_wconf 89' lang='lat' dir='ltr'><strong>jusmodi</strong></span> <span class='ocrx_word' id='word_1_122' title='bbox 543 2184 658 2249; x_wconf 88' lang='lat' dir='ltr'><strong>aquae</strong></span> <span class='ocrx_word' id='word_1_123' title='bbox 673 2167 818 2231; x_wconf 91' lang='lat' dir='ltr'><strong>ductum</strong></span> <span class='ocrx_word' id='word_1_124' title='bbox 837 2164 1057 2243; x_wconf 67' lang='lat' dir='ltr'><strong>effodientes</strong></span> <span class='ocrx_word' id='word_1_125' title='bbox 1074 2176 1207 2231; x_wconf 86' lang='lat' dir='ltr'><strong>terram</strong></span> <span class='ocrx_word' id='word_1_126' title='bbox 1226 2185 1273 2231; x_wconf 86' lang='lat' dir='ltr'><strong>ex</strong></span> <span class='ocrx_word' id='word_1_127' title='bbox 1287 2168 1346 2233; x_wconf 92' lang='lat' dir='ltr'><strong>illo</strong></span> <span class='ocrx_word' id='word_1_128' title='bbox 1360 2178 1479 2234; x_wconf 92' lang='lat' dir='ltr'><strong>monte</strong></span> <span class='ocrx_word' id='word_1_129' title='bbox 1498 2187 1605 2251; x_wconf 89' lang='lat' dir='ltr'><strong>supra</strong></span> 
     </span>
     <span class='ocr_line' id='line_1_18' title="bbox 376 2268 1606 2356; baseline 0 -15"><span class='ocrx_word' id='word_1_130' title='bbox 376 2294 415 2342; x_wconf 89' lang='lat' dir='ltr'><strong>se</strong></span> <span class='ocrx_word' id='word_1_131' title='bbox 430 2275 652 2341; x_wconf 89' lang='lat' dir='ltr'><strong>decidentem</strong></span> <span class='ocrx_word' id='word_1_132' title='bbox 672 2268 851 2355; x_wconf 73' lang='lat' dir='ltr'><strong>viderent,</strong></span> <span class='ocrx_word' id='word_1_133' title='bbox 868 2274 1060 2356; x_wconf 86' lang='lat' dir='ltr'><strong>quemdam</strong></span> <span class='ocrx_word' id='word_1_134' title='bbox 1078 2283 1198 2340; x_wconf 88' lang='lat' dir='ltr'><strong>autem</strong></span> <span class='ocrx_word' id='word_1_135' title='bbox 1216 2292 1262 2338; x_wconf 85' lang='lat' dir='ltr'><strong>ex</strong></span> <span class='ocrx_word' id='word_1_136' title='bbox 1280 2276 1336 2339; x_wconf 90' lang='lat' dir='ltr'><strong>his</strong></span> <span class='ocrx_word' id='word_1_137' title='bbox 1354 2276 1408 2340; x_wconf 92' lang='lat' dir='ltr'><strong>sic</strong></span> <span class='ocrx_word' id='word_1_138' title='bbox 1429 2286 1526 2341; x_wconf 90' lang='lat' dir='ltr'><strong>terra</strong></span> <span class='ocrx_word' id='word_1_139' title='bbox 1545 2276 1606 2341; x_wconf 91' lang='lat' dir='ltr'><strong>illa</strong></span> 
     </span>
     <span class='ocr_line' id='line_1_19' title="bbox 378 2380 1607 2464; baseline -0.002 -15"><span class='ocrx_word' id='word_1_140' title='bbox 378 2383 546 2449; x_wconf 90' lang='lat' dir='ltr'><strong>decidens</strong></span> <span class='ocrx_word' id='word_1_141' title='bbox 561 2383 762 2464; x_wconf 88' lang='lat' dir='ltr'><strong>cooperuit,</strong></span> <span class='ocrx_word' id='word_1_142' title='bbox 779 2395 818 2447; x_wconf 90' lang='lat' dir='ltr'><strong>ut</strong></span> <span class='ocrx_word' id='word_1_143' title='bbox 832 2391 913 2447; x_wconf 93' lang='lat' dir='ltr'><strong>octo</strong></span> <span class='ocrx_word' id='word_1_144' title='bbox 929 2383 1057 2463; x_wconf 90' lang='lat' dir='ltr'><strong>palmis</strong></span> <span class='ocrx_word' id='word_1_145' title='bbox 1075 2380 1152 2463; x_wconf 82' lang='lat' dir='ltr'><strong>eJ&#39;us</strong></span> <span class='ocrx_word' id='word_1_146' title='bbox 1166 2392 1274 2463; x_wconf 88' lang='lat' dir='ltr'><strong>caput</strong></span> <span class='ocrx_word' id='word_1_147' title='bbox 1293 2392 1495 2464; x_wconf 78' lang='lat' dir='ltr'><strong>superaret3</strong></span> <span class='ocrx_word' id='word_1_148' title='bbox 1519 2383 1607 2449; x_wconf 88' lang='lat' dir='ltr'><strong>alios</strong></span> 
     </span>
     <span class='ocr_line' id='line_1_20' title="bbox 378 2488 1606 2571; baseline 0 -14"><span class='ocrx_word' id='word_1_149' title='bbox 378 2491 486 2557; x_wconf 90' lang='lat' dir='ltr'><strong>etiam</strong></span> <span class='ocrx_word' id='word_1_150' title='bbox 500 2490 589 2555; x_wconf 91' lang='lat' dir='ltr'><strong>duos</strong></span> <span class='ocrx_word' id='word_1_151' title='bbox 603 2490 754 2571; x_wconf 90' lang='lat' dir='ltr'><strong>operuit,</strong></span> <span class='ocrx_word' id='word_1_152' title='bbox 771 2489 834 2554; x_wconf 90' lang='lat' dir='ltr'><strong>sed</strong></span> <span class='ocrx_word' id='word_1_153' title='bbox 848 2507 921 2555; x_wconf 93' lang='lat' dir='ltr'><strong>non</strong></span> <span class='ocrx_word' id='word_1_154' title='bbox 939 2491 1096 2555; x_wconf 90' lang='lat' dir='ltr'><strong>omnino.</strong></span> <span class='ocrx_word' id='word_1_155' title='bbox 1116 2488 1243 2555; x_wconf 89' lang='lat' dir='ltr'><strong>Statim</strong></span> <span class='ocrx_word' id='word_1_156' title='bbox 1258 2492 1359 2555; x_wconf 90' lang='lat' dir='ltr'><strong>multi</strong></span> <span class='ocrx_word' id='word_1_157' title='bbox 1373 2492 1534 2557; x_wconf 90' lang='lat' dir='ltr'><strong>homines</strong></span> <span class='ocrx_word' id='word_1_158' title='bbox 1548 2493 1606 2557; x_wconf 92' lang='lat' dir='ltr'><strong>ob·</strong></span> 
     </span>
     <span class='ocr_line' id='line_1_21' title="bbox 380 2597 1606 2682; baseline 0 -19"><span class='ocrx_word' id='word_1_159' title='bbox 380 2600 471 2663; x_wconf 89' lang='lat' dir='ltr'><strong>rutis</strong></span> <span class='ocrx_word' id='word_1_160' title='bbox 485 2607 582 2663; x_wconf 84' lang='lat' dir='ltr'><strong>terra</strong></span> <span class='ocrx_word' id='word_1_161' title='bbox 596 2597 786 2663; x_wconf 85' lang='lat' dir='ltr'><strong>subvenire</strong></span> <span class='ocrx_word' id='word_1_162' title='bbox 800 2606 999 2679; x_wconf 87' lang='lat' dir='ltr'><strong>tentarunt;</strong></span> <span class='ocrx_word' id='word_1_163' title='bbox 1015 2597 1177 2663; x_wconf 87' lang='lat' dir='ltr'><strong>sedante</strong></span> <span class='ocrx_word' id='word_1_164' title='bbox 1198 2615 1270 2662; x_wconf 92' lang='lat' dir='ltr'><strong>una</strong></span> <span class='ocrx_word' id='word_1_165' title='bbox 1288 2598 1378 2663; x_wconf 90' lang='lat' dir='ltr'><strong>hora</strong></span> <span class='ocrx_word' id='word_1_166' title='bbox 1396 2608 1606 2682; x_wconf 85' lang='lat' dir='ltr'><strong>consumpta</strong></span> 
     </span>
     <span class='ocr_line' id='line_1_22' title="bbox 379 2706 1608 2789; baseline 0.001 -17"><span class='ocrx_word' id='word_1_167' title='bbox 379 2707 455 2787; x_wconf 86' lang='lat' dir='ltr'><strong>luit,</strong></span> <span class='ocrx_word' id='word_1_168' title='bbox 472 2724 580 2789; x_wconf 89' lang='lat' dir='ltr'><strong>quam</strong></span> <span class='ocrx_word' id='word_1_169' title='bbox 594 2707 636 2787; x_wconf 89' lang='lat' dir='ltr'><strong>is,</strong></span> <span class='ocrx_word' id='word_1_170' title='bbox 652 2706 715 2787; x_wconf 90' lang='lat' dir='ltr'><strong>qui</strong></span> <span class='ocrx_word' id='word_1_171' title='bbox 730 2706 879 2771; x_wconf 88' lang='lat' dir='ltr'><strong>obrutus</strong></span> <span class='ocrx_word' id='word_1_172' title='bbox 893 2706 1020 2786; x_wconf 84' lang='lat' dir='ltr'><strong>suerat,</strong></span> <span class='ocrx_word' id='word_1_173' title='bbox 1039 2706 1157 2784; x_wconf 82' lang='lat' dir='ltr'><strong>detegi</strong></span> <span class='ocrx_word' id='word_1_174' title='bbox 1171 2717 1306 2788; x_wconf 80' lang='lat' dir='ltr'><strong>posset,</strong></span> <span class='ocrx_word' id='word_1_175' title='bbox 1321 2717 1452 2772; x_wconf 88' lang='lat' dir='ltr'><strong>etcum</strong></span> <span class='ocrx_word' id='word_1_176' title='bbox 1466 2708 1608 2774; x_wconf 89' lang='lat' dir='ltr'><strong>tandem</strong></span> 
     </span>
     <span class='ocr_line' id='line_1_23' title="bbox 378 2813 1609 2897; baseline 0.001 -17"><span class='ocrx_word' id='word_1_177' title='bbox 378 2815 504 2881; x_wconf 86' lang='lat' dir='ltr'><strong>fuisset</strong></span> <span class='ocrx_word' id='word_1_178' title='bbox 532 2815 712 2892; x_wconf 86' lang='lat' dir='ltr'><strong>detectus,</strong></span> <span class='ocrx_word' id='word_1_179' title='bbox 743 2821 881 2879; x_wconf 89' lang='lat' dir='ltr'><strong>tantum</strong></span> <span class='ocrx_word' id='word_1_180' title='bbox 910 2823 1028 2878; x_wconf 88' lang='lat' dir='ltr'><strong>terrae</strong></span> <span class='ocrx_word' id='word_1_181' title='bbox 1055 2830 1181 2878; x_wconf 89' lang='lat' dir='ltr'><strong>rursus</strong></span> <span class='ocrx_word' id='word_1_182' title='bbox 1208 2813 1340 2878; x_wconf 90' lang='lat' dir='ltr'><strong>decidit</strong></span> <span class='ocrx_word' id='word_1_183' title='bbox 1367 2818 1476 2880; x_wconf 89' lang='lat' dir='ltr'><strong>semel</strong></span> <span class='ocrx_word' id='word_1_184' title='bbox 1503 2825 1609 2897; x_wconf 87' lang='lat' dir='ltr'><strong>atque</strong></span> 
     </span>
     <span class='ocr_line' id='line_1_24' title="bbox 379 2919 1608 3004; baseline 0 -17"><span class='ocrx_word' id='word_1_185' title='bbox 379 2923 523 3002; x_wconf 88' lang='lat' dir='ltr'><strong>iterum,</strong></span> <span class='ocrx_word' id='word_1_186' title='bbox 544 2932 583 2987; x_wconf 92' lang='lat' dir='ltr'><strong>ut</strong></span> <span class='ocrx_word' id='word_1_187' title='bbox 603 2923 758 3004; x_wconf 89' lang='lat' dir='ltr'><strong>quinque</strong></span> <span class='ocrx_word' id='word_1_188' title='bbox 780 2921 906 3002; x_wconf 92' lang='lat' dir='ltr'><strong>palmis</strong></span> <span class='ocrx_word' id='word_1_189' title='bbox 926 2921 1043 2985; x_wconf 88' lang='lat' dir='ltr'><strong>adhuc</strong></span> <span class='ocrx_word' id='word_1_190' title='bbox 1062 2919 1138 3002; x_wconf 87' lang='lat' dir='ltr'><strong>ejus</strong></span> <span class='ocrx_word' id='word_1_191' title='bbox 1159 2932 1268 3003; x_wconf 91' lang='lat' dir='ltr'><strong>caput</strong></span> <span class='ocrx_word' id='word_1_192' title='bbox 1281 2931 1485 3003; x_wconf 87' lang='lat' dir='ltr'><strong>superaret;</strong></span> <span class='ocrx_word' id='word_1_193' title='bbox 1505 2924 1608 2989; x_wconf 90' lang='lat' dir='ltr'><strong>simul</strong></span> 
     </span>
     <span class='ocr_line' id='line_1_25' title="bbox 380 3027 1608 3112; baseline 0.002 -18"><span class='ocrx_word' id='word_1_194' title='bbox 380 3039 487 3112; x_wconf 90' lang='lat' dir='ltr'><strong>atque</strong></span> <span class='ocrx_word' id='word_1_195' title='bbox 512 3030 625 3095; x_wconf 85' lang='lat' dir='ltr'><strong>nostri</strong></span> <span class='ocrx_word' id='word_1_196' title='bbox 643 3047 719 3094; x_wconf 89' lang='lat' dir='ltr'><strong>rem</strong></span> <span class='ocrx_word' id='word_1_197' title='bbox 741 3030 1008 3105; x_wconf 86' lang='lat' dir='ltr'><strong>intellexerunt,</strong></span> <span class='ocrx_word' id='word_1_198' title='bbox 1033 3029 1156 3094; x_wconf 88' lang='lat' dir='ltr'><strong>statim</strong></span> <span class='ocrx_word' id='word_1_199' title='bbox 1176 3029 1224 3094; x_wconf 89' lang='lat' dir='ltr'><strong>ad</strong></span> <span class='ocrx_word' id='word_1_200' title='bbox 1245 3027 1327 3094; x_wconf 59' lang='lat' dir='ltr'><strong>spa</strong></span> <span class='ocrx_word' id='word_1_201' title='bbox 1346 3041 1608 3096; x_wconf 87' lang='lat' dir='ltr'><strong>sacramentum</strong></span> 
     </span>
     <span class='ocr_line' id='line_1_26' title="bbox 377 3134 1608 3224; baseline 0.001 -23"><span class='ocrx_word' id='word_1_202' title='bbox 377 3154 443 3219; x_wconf 89' lang='lat' dir='ltr'><strong>pro</strong></span> <span class='ocrx_word' id='word_1_203' title='bbox 458 3137 514 3200; x_wconf 89' lang='lat' dir='ltr'><strong>his</strong></span> <span class='ocrx_word' id='word_1_204' title='bbox 527 3136 731 3202; x_wconf 89' lang='lat' dir='ltr'><strong>hominibus</strong></span> <span class='ocrx_word' id='word_1_205' title='bbox 751 3137 888 3201; x_wconf 87' lang='lat' dir='ltr'><strong>oraturi</strong></span> <span class='ocrx_word' id='word_1_206' title='bbox 902 3153 943 3200; x_wconf 90' lang='grc'><strong>55</strong></span> <span class='ocrx_word' id='word_1_207' title='bbox 964 3137 1200 3202; x_wconf 89' lang='lat' dir='ltr'><strong>contulerunt.</strong></span> <span class='ocrx_word' id='word_1_208' title='bbox 1223 3134 1361 3224; x_wconf 83' lang='lat' dir='ltr'><strong>Placuit</strong></span> <span class='ocrx_word' id='word_1_209' title='bbox 1382 3147 1500 3202; x_wconf 90' lang='lat' dir='ltr'><strong>autem</strong></span> <span class='ocrx_word' id='word_1_210' title='bbox 1521 3138 1608 3203; x_wconf 88' lang='lat' dir='ltr'><strong>divi·</strong></span> 
     </span>
     <span class='ocr_line' id='line_1_27' title="bbox 380 3243 1605 3327; baseline 0.001 -18"><span class='ocrx_word' id='word_1_211' title='bbox 380 3261 447 3309; x_wconf 90' lang='lat' dir='ltr'><strong>nae</strong></span> <span class='ocrx_word' id='word_1_212' title='bbox 458 3243 618 3323; x_wconf 88' lang='lat' dir='ltr'><strong>bonitati,</strong></span> <span class='ocrx_word' id='word_1_213' title='bbox 632 3253 670 3309; x_wconf 91' lang='grc'><strong>11</strong></span> <span class='ocrx_word' id='word_1_214' title='bbox 681 3245 797 3309; x_wconf 89' lang='lat' dir='ltr'><strong>nullus</strong></span> <span class='ocrx_word' id='word_1_215' title='bbox 807 3245 951 3309; x_wconf 89' lang='lat' dir='ltr'><strong>illorum</strong></span> <span class='ocrx_word' id='word_1_216' title='bbox 961 3245 1144 3309; x_wconf 90' lang='lat' dir='ltr'><strong>hominum</strong></span> <span class='ocrx_word' id='word_1_217' title='bbox 1153 3244 1325 3323; x_wconf 90' lang='lat' dir='ltr'><strong>interiret,</strong></span> <span class='ocrx_word' id='word_1_218' title='bbox 1338 3252 1374 3310; x_wconf 91' lang='grc'><strong>51</strong></span> <span class='ocrx_word' id='word_1_219' title='bbox 1384 3245 1427 3322; x_wconf 90' lang='grc'><strong>15,</strong></span> <span class='ocrx_word' id='word_1_220' title='bbox 1440 3245 1500 3327; x_wconf 88' lang='lat' dir='ltr'><strong>qui</strong></span> <span class='ocrx_word' id='word_1_221' title='bbox 1511 3255 1605 3310; x_wconf 87' lang='lat' dir='ltr'><strong>terra</strong></span> 
     </span>
     <span class='ocr_line' id='line_1_28' title="bbox 382 3349 1608 3433; baseline 0.001 -17"><span class='ocrx_word' id='word_1_222' title='bbox 382 3362 527 3433; x_wconf 83' lang='lat' dir='ltr'><strong>opertus</strong></span> <span class='ocrx_word' id='word_1_223' title='bbox 539 3349 614 3431; x_wconf 90' lang='lat' dir='ltr'><strong>jam</strong></span> <span class='ocrx_word' id='word_1_224' title='bbox 628 3352 733 3417; x_wconf 89' lang='lat' dir='ltr'><strong>tertio</strong></span> <span class='ocrx_word' id='word_1_225' title='bbox 746 3352 878 3433; x_wconf 83' lang='lat' dir='ltr'><strong>iuerat,</strong></span> <span class='ocrx_word' id='word_1_226' title='bbox 895 3353 991 3417; x_wconf 91' lang='lat' dir='ltr'><strong>nullo</strong></span> <span class='ocrx_word' id='word_1_227' title='bbox 1006 3352 1112 3416; x_wconf 91' lang='lat' dir='ltr'><strong>modo</strong></span> <span class='ocrx_word' id='word_1_228' title='bbox 1123 3353 1242 3416; x_wconf 89' lang='lat' dir='ltr'><strong>laesus</strong></span> <span class='ocrx_word' id='word_1_229' title='bbox 1255 3352 1333 3432; x_wconf 83' lang='lat' dir='ltr'><strong>luit3</strong></span> <span class='ocrx_word' id='word_1_230' title='bbox 1350 3362 1385 3416; x_wconf 91' lang='lat' dir='ltr'><strong>et</strong></span> <span class='ocrx_word' id='word_1_231' title='bbox 1399 3354 1548 3433; x_wconf 86' lang='lat' dir='ltr'><strong>ipsemet</strong></span> <span class='ocrx_word' id='word_1_232' title='bbox 1562 3353 1608 3418; x_wconf 89' lang='lat' dir='ltr'><strong>ad</strong></span> 
     </span>
     <span class='ocr_line' id='line_1_29' title="bbox 382 3457 1610 3541; baseline 0.002 -17"><span class='ocrx_word' id='word_1_233' title='bbox 382 3469 515 3526; x_wconf 87' lang='lat' dir='ltr'><strong>terram</strong></span> <span class='ocrx_word' id='word_1_234' title='bbox 531 3477 552 3524; x_wconf 91' lang='lat' dir='ltr'><strong>a</strong></span> <span class='ocrx_word' id='word_1_235' title='bbox 568 3475 606 3524; x_wconf 88' lang='lat' dir='ltr'><strong>se</strong></span> <span class='ocrx_word' id='word_1_236' title='bbox 622 3459 875 3526; x_wconf 86' lang='lat' dir='ltr'><strong>removendam</strong></span> <span class='ocrx_word' id='word_1_237' title='bbox 889 3459 980 3524; x_wconf 90' lang='lat' dir='ltr'><strong>alios</strong></span> <span class='ocrx_word' id='word_1_238' title='bbox 995 3457 1161 3540; x_wconf 74' lang='lat' dir='ltr'><strong>juvabat,</strong></span> <span class='ocrx_word' id='word_1_239' title='bbox 1181 3460 1276 3541; x_wconf 90' lang='lat' dir='ltr'><strong>quod</strong></span> <span class='ocrx_word' id='word_1_240' title='bbox 1294 3476 1418 3524; x_wconf 87' lang='lat' dir='ltr'><strong>omnes</strong></span> <span class='ocrx_word' id='word_1_241' title='bbox 1436 3461 1610 3527; x_wconf 84' lang='lat' dir='ltr'><strong>miraculo</strong></span> 
     </span>
     <span class='ocr_line' id='line_1_30' title="bbox 382 3563 1611 3648; baseline 0 -16"><span class='ocrx_word' id='word_1_242' title='bbox 382 3567 599 3646; x_wconf 87' lang='lat' dir='ltr'><strong>tribuebant,</strong></span> <span class='ocrx_word' id='word_1_243' title='bbox 615 3584 699 3631; x_wconf 88' lang='lat' dir='ltr'><strong>nam</strong></span> <span class='ocrx_word' id='word_1_244' title='bbox 713 3567 757 3631; x_wconf 94' lang='lat' dir='ltr'><strong>de</strong></span> <span class='ocrx_word' id='word_1_245' title='bbox 771 3563 847 3647; x_wconf 89' lang='lat' dir='ltr'><strong>ejus</strong></span> <span class='ocrx_word' id='word_1_246' title='bbox 863 3567 938 3632; x_wconf 88' lang='lat' dir='ltr'><strong>vita</strong></span> <span class='ocrx_word' id='word_1_247' title='bbox 953 3568 1198 3648; x_wconf 57' lang='lat' dir='ltr'><strong>desperantes</strong></span> <span class='ocrx_word' id='word_1_248' title='bbox 1220 3565 1437 3646; x_wconf 86' lang='lat' dir='ltr'><strong>confratres,</strong></span> <span class='ocrx_word' id='word_1_249' title='bbox 1459 3584 1547 3648; x_wconf 88' lang='lat' dir='ltr'><strong>quos</strong></span> <span class='ocrx_word' id='word_1_250' title='bbox 1567 3567 1611 3632; x_wconf 83' lang='lat' dir='ltr'><strong>de</strong></span> 
     </span>
     <span class='ocr_line' id='line_1_31' title="bbox 381 3672 1609 3755; baseline 0.001 -17"><span class='ocrx_word' id='word_1_251' title='bbox 381 3673 635 3738; x_wconf 79' lang='lat' dir='ltr'><strong>Misericordia</strong></span> <span class='ocrx_word' id='word_1_252' title='bbox 652 3673 661 3705; x_wconf 88' lang='lat'><strong>¹</strong></span> <span class='ocrx_word' id='word_1_253' title='bbox 676 3684 822 3753; x_wconf 86' lang='lat' dir='ltr'><strong>vocant,</strong></span> <span class='ocrx_word' id='word_1_254' title='bbox 838 3683 877 3738; x_wconf 93' lang='lat' dir='ltr'><strong>ut</strong></span> <span class='ocrx_word' id='word_1_255' title='bbox 892 3672 939 3739; x_wconf 88' lang='lat' dir='ltr'><strong>ad</strong></span> <span class='ocrx_word' id='word_1_256' title='bbox 953 3675 1171 3755; x_wconf 90' lang='lat' dir='ltr'><strong>sepulturam</strong></span> <span class='ocrx_word' id='word_1_257' title='bbox 1185 3673 1364 3738; x_wconf 88' lang='lat' dir='ltr'><strong>hominem</strong></span> <span class='ocrx_word' id='word_1_258' title='bbox 1383 3674 1609 3753; x_wconf 88' lang='lat' dir='ltr'><strong>deducerent,</strong></span> 
     </span>
     <span class='ocr_line' id='line_1_32' title="bbox 380 3780 1610 3862; baseline 0.002 -18"><span class='ocrx_word' id='word_1_259' title='bbox 380 3791 637 3845; x_wconf 88' lang='lat' dir='ltr'><strong>evocaverant:</strong></span> <span class='ocrx_word' id='word_1_260' title='bbox 666 3780 885 3846; x_wconf 89' lang='lat' dir='ltr'><strong>orationibus</strong></span> <span class='ocrx_word' id='word_1_261' title='bbox 911 3790 1030 3846; x_wconf 87' lang='lat' dir='ltr'><strong>autem</strong></span> <span class='ocrx_word' id='word_1_262' title='bbox 1053 3790 1256 3846; x_wconf 89' lang='lat' dir='ltr'><strong>nostrorum</strong></span> <span class='ocrx_word' id='word_1_263' title='bbox 1278 3781 1388 3862; x_wconf 87' lang='lat' dir='ltr'><strong>aliqui</strong></span> <span class='ocrx_word' id='word_1_264' title='bbox 1410 3781 1610 3846; x_wconf 87' lang='lat' dir='ltr'><strong>tribuebant</strong></span> 
     </span>
     <span class='ocr_line' id='line_1_33' title="bbox 378 3887 1256 3970; baseline 0 -18"><span class='ocrx_word' id='word_1_265' title='bbox 378 3905 481 3970; x_wconf 87' lang='lat' dir='ltr'><strong>quae,</strong></span> <span class='ocrx_word' id='word_1_266' title='bbox 498 3905 563 3969; x_wconf 90' lang='lat' dir='ltr'><strong>pro</strong></span> <span class='ocrx_word' id='word_1_267' title='bbox 576 3904 643 3953; x_wconf 88' lang='lat' dir='ltr'><strong>sua</strong></span> <span class='ocrx_word' id='word_1_268' title='bbox 659 3889 827 3969; x_wconf 86' lang='lat' dir='ltr'><strong>bonitate,</strong></span> <span class='ocrx_word' id='word_1_269' title='bbox 844 3888 967 3954; x_wconf 87' lang='lat' dir='ltr'><strong>divina</strong></span> <span class='ocrx_word' id='word_1_270' title='bbox 982 3889 1097 3969; x_wconf 86' lang='lat' dir='ltr'><strong>pietas</strong></span> <span class='ocrx_word' id='word_1_271' title='bbox 1111 3887 1256 3954; x_wconf 86' lang='lat' dir='ltr'><strong>lecerat.</strong></span> 
     </span>
    </p>

    <p class='ocr_par' dir='ltr' id='par_1_5' title="bbox 380 3994 1612 4610">
     <span class='ocr_line' id='line_1_34' title="bbox 441 3994 1611 4077; baseline 0 -17"><span class='ocrx_word' id='word_1_272' title='bbox 441 3994 534 4060; x_wconf 89' lang='grc'><strong>3152.</strong></span> <span class='ocrx_word' id='word_1_273' title='bbox 578 3995 681 4077; x_wconf 90' lang='lat' dir='ltr'><strong>Quod</strong></span> <span class='ocrx_word' id='word_1_274' title='bbox 702 3997 747 4061; x_wconf 93' lang='lat' dir='ltr'><strong>ad</strong></span> <span class='ocrx_word' id='word_1_275' title='bbox 761 3997 879 4062; x_wconf 89' lang='lat' dir='ltr'><strong>studia</strong></span> <span class='ocrx_word' id='word_1_276' title='bbox 894 3997 1091 4061; x_wconf 88' lang='lat' dir='ltr'><strong>litterarum</strong></span> <span class='ocrx_word' id='word_1_277' title='bbox 1106 3996 1247 4076; x_wconf 90' lang='lat' dir='ltr'><strong>attinet,</strong></span> <span class='ocrx_word' id='word_1_278' title='bbox 1264 3995 1432 4061; x_wconf 90' lang='lat' dir='ltr'><strong>Calendis</strong></span> <span class='ocrx_word' id='word_1_279' title='bbox 1446 3995 1611 4062; x_wconf 87' lang='lat' dir='ltr'><strong>Octobris</strong></span> 
     </span>
     <span class='ocr_line' id='line_1_35' title="bbox 383 4102 1611 4186; baseline 0.001 -19"><span class='ocrx_word' id='word_1_280' title='bbox 383 4102 467 4168; x_wconf 91' lang='lat' dir='ltr'><strong>anni</strong></span> <span class='ocrx_word' id='word_1_281' title='bbox 484 4102 574 4180; x_wconf 89' lang='grc'><strong>1555,</strong></span> <span class='ocrx_word' id='word_1_282' title='bbox 594 4104 808 4186; x_wconf 90' lang='lat' dir='ltr'><strong>principium</strong></span> <span class='ocrx_word' id='word_1_283' title='bbox 822 4105 1022 4169; x_wconf 90' lang='lat' dir='ltr'><strong>studiorum</strong></span> <span class='ocrx_word' id='word_1_284' title='bbox 1044 4104 1081 4168; x_wconf 91' lang='lat' dir='ltr'><strong>in</strong></span> <span class='ocrx_word' id='word_1_285' title='bbox 1100 4103 1273 4185; x_wconf 87' lang='lat' dir='ltr'><strong>peristylo</strong></span> <span class='ocrx_word' id='word_1_286' title='bbox 1288 4103 1438 4184; x_wconf 86' lang='lat' dir='ltr'><strong>Collegii</strong></span> <span class='ocrx_word' id='word_1_287' title='bbox 1456 4104 1611 4168; x_wconf 87' lang='lat' dir='ltr'><strong>celebra·</strong></span> 
     </span>
     <span class='ocr_line' id='line_1_36' title="bbox 382 4210 1611 4291; baseline 0 -15"><span class='ocrx_word' id='word_1_288' title='bbox 382 4219 457 4276; x_wconf 88' lang='grc'><strong>11111</strong></span> <span class='ocrx_word' id='word_1_289' title='bbox 477 4221 547 4290; x_wconf 86' lang='grc'><strong>551;</strong></span> <span class='ocrx_word' id='word_1_290' title='bbox 569 4211 629 4276; x_wconf 91' lang='lat' dir='ltr'><strong>ubi</strong></span> <span class='ocrx_word' id='word_1_291' title='bbox 650 4231 695 4276; x_wconf 88' lang='lat' dir='ltr'><strong>ex</strong></span> <span class='ocrx_word' id='word_1_292' title='bbox 719 4229 816 4278; x_wconf 88' lang='lat' dir='ltr'><strong>more</strong></span> <span class='ocrx_word' id='word_1_293' title='bbox 842 4212 990 4276; x_wconf 88' lang='lat' dir='ltr'><strong>Parisiis</strong></span> <span class='ocrx_word' id='word_1_294' title='bbox 1012 4210 1269 4290; x_wconf 83' lang='lat' dir='ltr'><strong>Portugalliam</strong></span> <span class='ocrx_word' id='word_1_295' title='bbox 1289 4211 1454 4291; x_wconf 88' lang='lat' dir='ltr'><strong>deducto,</strong></span> <span class='ocrx_word' id='word_1_296' title='bbox 1480 4212 1611 4277; x_wconf 91' lang='lat' dir='ltr'><strong>multae</strong></span> 
     </span>
     <span class='ocr_line' id='line_1_37' title="bbox 382 4317 1612 4399; baseline 0.002 -17"><span class='ocrx_word' id='word_1_297' title='bbox 382 4317 562 4382; x_wconf 87' lang='lat' dir='ltr'><strong>orationes</strong></span> <span class='ocrx_word' id='word_1_298' title='bbox 577 4328 612 4383; x_wconf 91' lang='lat' dir='ltr'><strong>et</strong></span> <span class='ocrx_word' id='word_1_299' title='bbox 627 4320 798 4399; x_wconf 88' lang='lat' dir='ltr'><strong>carmina,</strong></span> <span class='ocrx_word' id='word_1_300' title='bbox 815 4321 927 4384; x_wconf 88' lang='lat' dir='ltr'><strong>variis</strong></span> <span class='ocrx_word' id='word_1_301' title='bbox 942 4319 1121 4384; x_wconf 89' lang='lat' dir='ltr'><strong>coloribus</strong></span> <span class='ocrx_word' id='word_1_302' title='bbox 1131 4330 1167 4384; x_wconf 91' lang='lat' dir='ltr'><strong>et</strong></span> <span class='ocrx_word' id='word_1_303' title='bbox 1178 4319 1307 4384; x_wconf 87' lang='lat' dir='ltr'><strong>litteris</strong></span> <span class='ocrx_word' id='word_1_304' title='bbox 1318 4328 1458 4399; x_wconf 88' lang='lat' dir='ltr'><strong>omata,</strong></span> <span class='ocrx_word' id='word_1_305' title='bbox 1471 4319 1612 4399; x_wconf 86' lang='lat' dir='ltr'><strong>parieti·</strong></span> 
     </span>
     <span class='ocr_line' id='line_1_38' title="bbox 382 4425 1612 4507; baseline 0.003 -21"><span class='ocrx_word' id='word_1_306' title='bbox 382 4425 446 4488; x_wconf 85' lang='lat' dir='ltr'><strong>bus</strong></span> <span class='ocrx_word' id='word_1_307' title='bbox 468 4435 571 4490; x_wconf 84' lang='lat' dir='ltr'><strong>erant</strong></span> <span class='ocrx_word' id='word_1_308' title='bbox 593 4425 711 4505; x_wconf 88' lang='lat' dir='ltr'><strong>affixa,</strong></span> <span class='ocrx_word' id='word_1_309' title='bbox 731 4442 822 4507; x_wconf 88' lang='lat' dir='ltr'><strong>quae</strong></span> <span class='ocrx_word' id='word_1_310' title='bbox 843 4426 883 4491; x_wconf 92' lang='grc' dir='ltr'><strong>Β.</strong></span> <span class='ocrx_word' id='word_1_311' title='bbox 905 4425 1068 4504; x_wconf 83' lang='lat' dir='ltr'><strong>Virginis</strong></span> <span class='ocrx_word' id='word_1_312' title='bbox 1087 4436 1122 4490; x_wconf 86' lang='lat' dir='ltr'><strong>et</strong></span> <span class='ocrx_word' id='word_1_313' title='bbox 1145 4426 1296 4491; x_wconf 91' lang='lat' dir='ltr'><strong>aliorum</strong></span> <span class='ocrx_word' id='word_1_314' title='bbox 1311 4437 1528 4507; x_wconf 89' lang='lat' dir='ltr'><strong>sanctorum,</strong></span> <span class='ocrx_word' id='word_1_315' title='bbox 1554 4428 1612 4491; x_wconf 87' lang='lat' dir='ltr'><strong>vel</strong></span> 
     </span>
     <span class='ocr_line' id='line_1_39' title="bbox 380 4532 1368 4610; baseline 0.003 -16"><span class='ocrx_word' id='word_1_316' title='bbox 380 4532 564 4610; x_wconf 89' lang='lat' dir='ltr'><strong>virtutum,</strong></span> <span class='ocrx_word' id='word_1_317' title='bbox 582 4533 639 4596; x_wconf 90' lang='lat' dir='ltr'><strong>vel</strong></span> <span class='ocrx_word' id='word_1_318' title='bbox 654 4532 856 4597; x_wconf 86' lang='lat' dir='ltr'><strong>Cardinalis</strong></span> <span class='ocrx_word' id='word_1_319' title='bbox 872 4533 980 4597; x_wconf 92' lang='lat' dir='ltr'><strong>ctiam</strong></span> <span class='ocrx_word' id='word_1_320' title='bbox 991 4533 1116 4598; x_wconf 89' lang='lat' dir='ltr'><strong>laudes</strong></span> <span class='ocrx_word' id='word_1_321' title='bbox 1127 4534 1368 4598; x_wconf 88' lang='lat' dir='ltr'><strong>continebant.</strong></span> 
     </span>
    </p>
   </div>
   <div class='ocr_carea' id='block_1_3' title="bbox 420 4664 1196 4723">
    <p class='ocr_par' dir='ltr' id='par_1_6' title="bbox 420 4664 1196 4723">
     <span class='ocr_line' id='line_1_40' title="bbox 420 4664 1196 4723; baseline 0 -12"><span class='ocrx_word' id='word_1_322' title='bbox 420 4665 429 4700; x_wconf 75' lang='grc' dir='ltr'>Ι</span> <span class='ocrx_word' id='word_1_323' title='bbox 457 4665 526 4711; x_wconf 85' lang='lat' dir='ltr'><strong>Vide</strong></span> <span class='ocrx_word' id='word_1_324' title='bbox 536 4677 622 4722; x_wconf 71' lang='lat' dir='ltr'><strong>supra,</strong></span> <span class='ocrx_word' id='word_1_325' title='bbox 635 4673 654 4712; x_wconf 90' lang='lat' dir='ltr'><strong>t.</strong></span> <span class='ocrx_word' id='word_1_326' title='bbox 664 4679 690 4722; x_wconf 77' lang='lat' dir='ltr'><strong>v,</strong></span> <span class='ocrx_word' id='word_1_327' title='bbox 701 4677 762 4723; x_wconf 69' lang='lat' dir='ltr'><strong>paz.</strong></span> <span class='ocrx_word' id='word_1_328' title='bbox 771 4667 820 4723; x_wconf 86' lang='grc'><strong>575,</strong></span> <span class='ocrx_word' id='word_1_329' title='bbox 832 4678 857 4712; x_wconf 88' lang='lat' dir='ltr'><strong>n.</strong></span> <span class='ocrx_word' id='word_1_330' title='bbox 870 4664 1028 4722; x_wconf 66' lang='grc'><strong>1586511151.</strong></span> <span class='ocrx_word' id='word_1_331' title='bbox 1039 4667 1088 4722; x_wconf 80' lang='grc'><strong>571,</strong></span> <span class='ocrx_word' id='word_1_332' title='bbox 1099 4677 1124 4711; x_wconf 85' lang='lat' dir='ltr'><strong>n.</strong></span> <span class='ocrx_word' id='word_1_333' title='bbox 1136 4666 1196 4711; x_wconf 78' lang='grc'><strong>1589.</strong></span> 
     </span>
    </p>
   </div>
   <div class='ocr_carea' id='block_1_4' title="bbox 0 0 1838 5348">
    <p class='ocr_par' dir='ltr' id='par_1_7' title="bbox 0 0 1838 5348">
     <span class='ocr_line' id='line_1_41' title="bbox 0 0 1838 5348; baseline 0 0"><span class='ocrx_word' id='word_1_334' title='bbox 0 0 1838 5348; x_wconf 95' lang='lat' dir='ltr'><strong> </strong></span> 
     </span>
    </p>
   </div>
  </div>
 </body>
</html>
