3642 5350
358 425 414 496 688
816 421 944 492 Canon.
965 419 1040 490 Soc.
1060 420 1130 504 Jns.

361 578 510 645 docebat
529 577 565 642 in
586 574 721 641 crebris
743 574 1025 640 confessionibus
1043 574 1193 655 aliisque
1208 574 1395 640 charitatis
1410 574 1586 657 operibus

360 705 451 769 quae
465 703 571 768 saepe
586 684 718 749 nostris
732 701 812 747 sese
830 681 1030 747 exercenda
1046 681 1253 746 offerebant.

419 793 511 858 2971.
553 791 727 856 Doctrina
745 791 853 856 etiam
874 790 1069 854 christiana
1089 787 1255 870 profestis·
1274 789 1398 854 diebus
1417 808 1489 855 non
1513 809 1584 856 uno

348 893 496 966 'tantum
509 901 599 979 loco,
615 898 677 962 sed
693 896 889 979 perutiliter
904 897 941 960 in
955 895 1116 960 custodia
1131 895 1272 977 publica
1287 897 1366 976 (ubi
1380 915 1459 962 eam
1474 901 1583 964 maxi·

359 1026 415 1073 me
430 1007 668 1073 necessariam
682 1022 761 1069 esse
774 1003 978 1082 constabat)
993 1002 1196 1068 docebatur.
1213 1002 1316 1069 Servi
1330 1005 1437 1069 etiam
1452 1006 1584 1072 aethio·

360 1131 606 1197 pes,quoru1n
629 1111 767 1193 Hispali
790 1127 944 1191 magnus
968 1118 1022 1174 est
1046 1127 1225 1189 numerus,
1248 1111 1285 1174 in
1311 1112 1464 1193 quodam
1488 1113 1585 1178 urbis

359 1223 490 1304 templo
504 1223 540 1286 in
555 1218 678 1286 eadem
693 1219 856 1283 doctrina
877 1218 1154 1282 instruebantur.
1171 1216 1243 1282 Alii
1263 1219 1370 1284 etiam
1390 1229 1491 1284 extra
1513 1237 1585 1285 mu·

358 1349 418 1396 ros
433 1329 540 1409 urbiS,
557 1327 714 1408 ejusdem
728 1327 871 1406 generis
884 1325 966 1404 viri,
981 1325 1040 1406 qui
1051 1325 1088 1388 in
1101 1325 1267 1406 operibus
1279 1326 1491 1407 quibusdam
1501 1327 1584 1394 deti·

360 1438 545 1518 nebantur,
560 1453 626 1500 nec
641 1433 686 1498 ad
705 1434 873 1514 templum
887 1432 1011 1497 venire
1026 1433 1334 1514 permittebantur,
1347 1454 1369 1499 a
1385 1437 1515 1501 nostris
1527 1435 1586 1500 do-

359 1546 511 1610 ctrinam
524 1543 649 1607 salutis
668 1551 835 1606 aeternae
856 1539 1062 1620 audiebant;
1079 1541 1243 1620 quamvis
1263 1551 1297 1605 et
1318 1543 1377 1607 alii
1396 1560 1439 1608 eo
1458 1560 1583 1608 conve·

358 1655 490 1730 nirent,
506 1649 731 1715 tintinnabuli
749 1649 852 1730 pulsu
870 1666 917 1712 ex
935 1649 1054 1713 littore
1067 1647 1221 1712 fluminis
1236 1657 1271 1713 et
1284 1651 1364 1715 aliis
1378 1651 1465 1716 locis
1480 1652 1582 1716 colle·

359 1762 417 1826 cti.
436 1760 516 1824 Alia
531 1759 639 1823 etiam
653 1758 732 1820 loca
743 1756 901 1833 invisere
917 1756 1077 1820 solebant
1092 1757 1216 1835 nostri,
1233 1757 1279 1821 ad
1294 1775 1384 1840 quae
1398 1757 1583 1824 multitudo

359 1869 542 1933 hominum
554 1864 774 1946 perditorum
795 1872 830 1928 et
844 1864 904 1945 qui
918 1863 1016 1927 vitiis
1031 1872 1134 1928 erant
1149 1864 1304 1946 obnoxii,
1325 1865 1361 1930 in
1376 1884 1508 1950 magna
1522 1869 1582 1934 illa

359 1977 503 2042 civitate
528 1973 689 2037 solebant
713 1971 906 2051 confluere;
934 1980 968 2035 et
993 1971 1185 2036 conciones
1207 1989 1317 2054 prope
1342 1991 1524 2056 cauponas
1547 1988 1582 2043 et

359 2091 481 2164 portas
506 2081 663 2144 civitatis
686 2089 789 2143 extra
810 2095 932 2144 muros
948 2097 969 2142 a
984 2079 1115 2143 nostris
1135 2079 1373 2161 habebantur;
1389 2083 1447 2147 ubi
1467 2083 1582 2165 hujus·

360 2190 455 2254 modi
468 2189 650 2252 hominum
665 2195 812 2267 peccata
828 2186 1190 2269 reprehendebantur;
1203 2195 1237 2251 et
1249 2188 1285 2250 in
1299 2188 1354 2252 his
1366 2199 1400 2253 et
1412 2191 1584 2257 similibus

359 2297 500 2379 pietatis
514 2293 754 2360 functionibus
774 2311 796 2357 a
811 2295 963 2376 prandio
978 2295 1091 2358 nostri
1107 2295 1386 2374 occupabantur.

418 2404 510 2468 2972.
553 2401 660 2466 Domi
696 2402 804 2466 etiam
837 2401 1025 2466 dominicis
1056 2401 1200 2481 diebus,
1231 2411 1311 2484 post
1344 2408 1584 2486 vespertinum

359 2513 526 2590 officium,
554 2509 770 2577 christianae
795 2507 980 2574 doctrinae
1004 2526 1122 2574 sermo
1144 2509 1357 2591 habebatur,
1373 2529 1480 2592 quam
1504 2533 1584 2582 cum

357 2636 489 2701 magna
514 2617 622 2683 animi
646 2619 889 2683 consolatione
914 2618 1121 2698 audiebant,
1149 2617 1184 2681 hi
1214 2620 1424 2699 praesertim
1451 2624 1509 2705 qui
1528 2641 1583 2689 sa·

359 2737 542 2794 eramenta
567 2726 793 2808 frequentare
806 2727 985 2804 solebant,
1007 2742 1157 2807 quorum
1176 2744 1247 2789 non
1262 2728 1412 2807 exiguus
1427 2741 1504 2795 erat
1522 2750 1582 2797 nu·

359 2854 489 2902 merus.

418 2942 509 3009 2973.
554 2942 688 3007 Diebus
704 2941 895 3024 operariis,
920 2940 1054 3005 relictis
1076 2941 1111 3003 in
1134 2940 1292 3023 Colleglo
1313 2945 1584 3027 quibusdamad

359 3071 413 3131 ca,
441 3069 531 3133 quae
556 3067 745 3115 occurrere
769 3057 948 3130 poterant,
975 3048 1204 3129 praestanda,
1227 3051 1324 3115 foras
1345 3054 1582 3120 mittebantur:

360 3160 486 3240 reliqui
499 3160 554 3222 bis
575 3159 611 3222 in
629 3157 862 3236 hebdomada,
890 3158 926 3221 hi
952 3156 997 3220 ad
1022 3156 1199 3237 hospitale
1225 3157 1291 3222 sibi
1316 3163 1584 3243 praescriptum,

358 3268 408 3331 illi
424 3265 470 3331 ad
485 3264 685 3330 custodiam
696 3265 887 3346 publicam,
904 3265 963 3328 ubi
979 3273 1208 3345 aegrotantes
1227 3266 1284 3329 vel
1300 3266 1449 3333 afflictos
1464 3286 1584 3335 conso·

357 3375 532 3451 labantur,
560 3372 793 3438 christianam
819 3372 1021 3436 doctrinam
1045 3371 1258 3453 edocebant,
1275 3382 1309 3437 et
1334 3375 1498 3457 inmodo,
1518 3395 1587 3459 quo

360 3481 437 3546 Deo
451 3481 626 3545 inservire
647 3479 836 3560 deberent,
857 3478 1105 3557 instituebant,
1128 3476 1327 3562 ibidemque
1343 3483 1482 3564 aliquos
1495 3482 1585 3550 desi·

357 3588 527 3669 gnabant,
545 3589 605 3670 qui
619 3588 709 3651 alios
723 3586 767 3650 de
785 3586 984 3651 manifestis
1004 3586 1117 3668 culpis
1137 3586 1295 3652 modeste
1316 3597 1351 3653 et
1374 3607 1455 3655 cum
1474 3592 1585 3657 chari-

358 3705 431 3761 tate
451 3694 813 3774 commonefacerent,
839 3702 874 3758 et
899 3692 1122 3776 potissimum
1145 3693 1181 3757 in
1205 3694 1318 3759 abusu
1334 3715 1426 3762 vane
1444 3697 1586 3778 jnrandi

358 3822 486 3868 nomen
510 3802 672 3881 Domini,
699 3804 790 3866 etin
815 3801 892 3865 dies
917 3800 1177 3865 emendatiores
1200 3804 1428 3883 apparebant.
1456 3804 1584 3874 Secum

357 3912 464 3976 etiam
478 3910 575 3975 filum
590 3920 624 3974 et
650 3928 737 3975 acus
762 3910 809 3974 ad
829 3890 1040 3974 reficiendas
1065 3917 1184 3972 vestes
1210 3926 1332 3976 eorum
1357 3912 1533 3993 ferebant,
1551 3926 1585 3980 et

356 4018 510 4099 forcipes
539 4019 585 4083 ad
612 4015 915 4099 praescindendos
943 4032 1092 4095 ungues.
1129 4006 1378 4084 Emundabant
1411 4023 1584 4103 cubicula,

356 4126 559 4209 purgabant
573 4136 692 4191 vestes
707 4136 742 4191 et
756 4128 879 4205 lectoS,
893 4134 929 4189 et
941 4124 1010 4187 alia
1021 4123 1057 4187 id
1070 4139 1183 4203 genus
1195 4125 1381 4192 charitatis
1395 4137 1430 4193 et
1444 4130 1587 4213 pietatis

357 4252 467 4316 opera
481 4234 705 4299 exercebant.

415 4342 507 4405 2974.
550 4340 730 4408 Interdum
759 4343 867 4407 etiam
898 4339 943 4405 ad
977 4340 1139 4422 privatas
1168 4344 1430 4421 aegrotantium
1462 4346 1588 4413 domos

356 4449 618 4529 evocabantur;
635 4459 805 4514 eteorum
826 4448 1070 4513 confessiones
1085 4446 1219 4528 audire,
1242 4459 1276 4514 et
1291 4468 1364 4530 eos,
1381 4452 1502 4535 quiex
1518 4455 1586 4520 hac

355 4556 429 4621 vita
444 4555 673 4638 decedebant,
690 4574 731 4621 eo
746 4556 949 4622 intransitu
967 4552 1106 4635 juvare,
1128 4572 1208 4620 cum
1228 4556 1535 4627 circumstantium
1550 4574 1585 4629 et

356 4664 489 4729 auxilio
503 4672 538 4727 et
553 4665 809 4743 consolatione,
822 4668 996 4734 solebant.
