3642 5350
783 454 939 517 Almus
1056 431 1058 434 ’
1415 450 1469 514 837

296 602 388 670 3574.
431 606 629 671 Ecclesiam
654 604 790 670 invenit
814 602 852 668 P.
880 602 1096 669 Franciscus
1120 600 1323 681 Rodrlguez
1350 600 1468 665 conle-

239 721 334 778 ctam
348 722 383 778 et
397 712 510 778 tribus
525 712 696 779 altaribus
710 720 885 792 ornatam,
899 726 992 793 quae
1003 726 1088 776 suos
1098 709 1257 792 porticus
1268 709 1306 774 iu
1316 708 1468 775 circuitu

239 820 328 885 satls
341 820 456 886 bonos
469 820 633 899 habebat;
649 836 760 902 prope
774 828 852 883 erat
867 817 1108 883 eremitorium
1127 817 1313 898 exiguum,
1328 815 1389 881 via
1406 833 1469 897 pu·

239 926 332 993 blica
345 926 566 1007 intermedia,
583 927 647 992 sub
662 927 763 992 titulo
777 926 816 991 B.
837 924 1008 1007 Virginis,
1023 924 1118 1006 quod
1132 924 1170 989 Ρ.
1185 922 1319 989 Paulus
1332 924 1440 989 italus
1457 922 1466 957 ¹

240 1032 502 1115 aedificaverat,
527 1044 566 1099 ut
585 1033 635 1099 ibi
653 1032 784 1099 Missae
809 1033 1011 1097 dicerentur
1030 1040 1067 1096 et
1086 1031 1250 1096 doctrina
1270 1030 1467 1096 christiana

239 1150 497 1225 proponeretur
514 1140 614 1207 lestis
633 1140 767 1220 diebus,
789 1140 884 1221 quod
901 1138 1053 1205 ecclesia
1071 1146 1196 1203 nostra
1209 1136 1466 1204 multitudinem

239 1246 514 1314 christianorum
529 1264 658 1331 capere
673 1265 745 1312 non
759 1255 890 1329 posset.
910 1245 1030 1310 Bonas
1049 1245 1157 1310 etiam
1176 1245 1314 1328 aliquas
1332 1244 1467 1310 babita-

239 1354 365 1437 tiones,
381 1355 464 1420 licet
477 1371 624 1437 paucas,
639 1355 676 1420 in
691 1353 850 1435 Collegio
863 1352 1011 1434 invenit;
1027 1352 1091 1419 sed
1104 1354 1195 1419 situs
1209 1352 1297 1417 satis
1306 1361 1386 1416 erat
1395 1368 1467 1417 am·

239 1462 318 1544 plus
333 1462 379 1528 ad
394 1462 483 1528 alias
497 1462 657 1545 (praeter
670 1460 941 1545 quatuordecim
957 1460 1122 1527 cubicula
1135 1469 1171 1526 et
1185 1459 1358 1544 quasdam
1377 1458 1468 1524 alias

239 1568 414 1651 officinas,
430 1586 520 1652 quae
535 1568 743 1635 aedificatae
753 1568 827 1652 J'am
841 1568 960 1649 erant)
975 1567 1243 1635 construendas.
1264 1566 1468 1633 claustrum

240 1676 394 1743 habebat
406 1678 552 1743 inferius
566 1677 792 1761 quadratum,
807 1676 865 1743 cui
879 1676 1027 1742 totidem
1045 1676 1209 1759 superius
1230 1674 1467 1741 deambulato-

240 1784 295 1850 ria
310 1786 583 1868 respondebant.

299 1890 390 1958 3575.
434 1891 622 1975 Segregatl
635 1904 737 1960 eraut
752 1893 823 1959 allo
838 1894 875 1959 in
888 1894 968 1958 loco
982 1892 1101 1974 pueri,
1118 1892 1246 1975 quibus
1265 1890 1303 1956 P.
1323 1890 1466 1971 Paulus,

241 2008 279 2065 ut
293 1998 424 2067 Rector
442 2018 577 2083 eorum,
601 2018 683 2067 cum
702 2002 781 2067 aliis
799 2000 968 2067 fratribus
986 2009 1162 2084 praeerat.
1186 1996 1258 2064 Sed
1276 1998 1365 2063 haee
1381 2014 1466 2080 pars

241 2106 368 2173 domus
381 2108 419 2173 iu
433 2104 562 2193 [usum]
577 2110 793 2210 novitiorum
811 2106 998 2174 societatis
1011 2106 1252 2173 convertenda
1267 2105 1465 2184 videbatur,

240 2224 276 2279 et
289 2214 360 2281 alia
374 2215 500 2281 domus
514 2216 702 2300 conjuncta
717 2217 763 2283 ad
776 2216 1041 2299 praedictorum
1055 2232 1246 2298 puerorum
1259 2230 1364 2279 usum
1373 2228 1467 2278 com·

240 2323 411 2405 paranda.

298 2428 390 2495 3576.
432 2431 595 2498 Habebat
608 2442 644 2498 et
658 2431 856 2515 Collegium
870 2432 1013 2497 hortum
1027 2431 1115 2497 satis
1134 2446 1318 2511 magnum,
1335 2427 1466 2493 arbori·

239 2537 305 2602 bus
320 2539 439 2604 multis
453 2540 640 2621 consitum,
656 2557 738 2606 cum
753 2540 890 2605 duobus
903 2538 1116 2605 eremitoriis
1129 2538 1176 2603 ad
1190 2535 1364 2621 quosdam
1381 2551 1467 2601 usus

239 2644 421 2712 institutis.
447 2646 611 2713 Alterum
636 2646 732 2715 Divo
756 2646 988 2732 Hieronymo,
1016 2647 1167 2713 alterum
1190 2643 1285 2711 Divo
1311 2642 1467 2710 Antonio

241 2763 320 2819 erat
334 2753 552 2836 dedicatum
568 2765 604 2820 et
616 2764 713 2822 totus
726 2755 784 2822 hle
799 2757 888 2823 situs
906 2772 1032 2838 parum
1047 2753 1200 2820 salubris
1214 2762 1307 2832 erut,
1330 2768 1397 2817 nec
1416 2762 1464 2817 ta·

240 2877 323 2927 men
338 2860 413 2943 jam
431 2863 618 2930 videbatur
635 2864 766 2930 mutari
784 2881 900 2946 posse.
923 2862 1038 2946 Prope
1059 2861 1255 2944 Collegium
1277 2859 1369 2926 alius
1388 2868 1467 2924 erat

240 2969 330 3035 situs
343 2966 564 3052 conjunctus,
580 2988 693 3054 nuper
707 2982 951 3054 comparatus,
967 2971 1027 3036 ubi
1044 2979 1118 3035 tres
1132 2971 1266 3034 classes
1285 2968 1332 3032 ad
1348 2983 1465 3050 gram·

240 3078 407 3145 maticam
420 3079 618 3146 docendam
628 3079 768 3145 fuerant
778 3079 959 3146 institutae
969 3088 1005 3145 et
1015 3080 1107 3144 aliae
1117 3077 1277 3143 construi
1287 3085 1463 3159 poteraut.

296 3185 388 3253 3577.
431 3183 667 3270 Septuaginta
682 3197 718 3252 et
738 3187 874 3254 duabus
891 3187 1005 3253 leucis
1022 3202 1150 3251 versus
1168 3185 1370 3268 aquilonem
1388 3193 1465 3250 erat

236 3291 365 3358 civitas
379 3302 414 3359 et
429 3311 496 3359 arx
509 3294 666 3376 Bazainl,
682 3295 743 3360 ubl
759 3293 957 3377 Collegium
975 3295 1021 3360 ab
1040 3295 1164 3359 eodem
1177 3292 1277 3373 Rege
1292 3289 1466 3376 [dotatum

236 3397 326 3484 erat]
341 3401 436 3466 mille
456 3410 492 3467 et
504 3403 709 3485 quingentis
723 3412 758 3468 et
772 3403 1011 3485 quadraginta
1029 3411 1182 3484 quatuor
1200 3399 1339 3465 ducaos
1357 3397 1466 3463 annui

236 3506 383 3589 reditus,
399 3525 549 3592 quorum
563 3510 680 3577 medla
695 3527 780 3595 pars
801 3510 945 3591 nostris,
966 3511 1080 3575 altera
1100 3506 1274 3574 'cuidam
1294 3507 1463 3588 religioso

238 3615 374 3714 ordinis
394 3613 454 3682 Sl*
473 3615 676 3697 Francisci,
701 3617 795 3683 bono
814 3633 858 3681 ac
879 3617 973 3683 fideli
992 3617 1174 3699 operario,
1197 3615 1244 3681 ud
1265 3614 1464 3680 animarum

239 3721 394 3789 fidelium
407 3726 660 3800 numerabatur
675 3723 736 3809 [et]
752 3726 798 3791 ad
812 3740 1006 3808 puerorum
1019 3723 1314 3789 instituendorum
1328 3729 1464 3786 susten-

240 3831 421 3898 tationem.

298 3939 390 4007 3578.
434 3939 527 4024 Quid
541 3942 587 4007 sit
601 3942 758 4008 additum
778 3942 847 4008 hoc
866 3960 974 4025 anno,
989 3943 1152 4025 superius
1166 3941 1336 4019 diximus;
1352 3936 1463 4003 Colle·

237 4045 336 4129 glum
349 4048 458 4114 etlam
472 4047 658 4130 Chaulani,
675 4050 803 4133 dequo
818 4052 982 4132 superius
996 4059 1116 4116 actum
1129 4047 1206 4114 est³
1217 4048 1369 4112 similem
1380 4045 1464 4112 obli·

236 4155 418 4237 gerlonem
432 4155 597 4238 habebat,
613 4173 696 4223 cum
709 4158 882 4223 reditibus
894 4175 961 4223 suo
976 4160 1057 4224 loco
1071 4157 1187 4222 dictis.

293 4262 385 4328 3579.
429 4262 577 4330 Cochini
592 4266 678 4331 nulli
696 4273 799 4332 erant
812 4264 946 4331 reditus
960 4263 1119 4348 Collegio
1135 4275 1258 4330 nostro
1279 4262 1461 4346 applicati,

234 4371 326 4438 sicut
340 4388 406 4437 nec
421 4372 499 4437 aliis
513 4371 550 4436 iu
568 4373 751 4454 praedicta
769 4372 889 4438 Indiae
908 4369 1109 4453 Provincia,
1131 4382 1274 4454 praeter
1291 4374 1462 4454 pauculos

278 4577 288 4611 ¹
315 4575 344 4624 P.
356 4575 576 4624 Pauluscmm.

257 4651 260 4660 ¹
277 4648 289 4682 Ι
313 4647 360 4696 lla.
371 4657 484 4704 mmm
494 4651 614 4696 modim
621 4655 731 4708 partem
741 4623 1001 4706 autumaverunt...
1011 4657 1061 4698 ete.

277 4717 291 4754 ⁸
316 4719 426 4780 Snpraa
436 4731 460 4768 n.
470 4719 533 4769 aar&
