3642 5350
776 468 843 532 Aa.
863 469 934 531 1556
1414 460 1470 535 263

242 616 363 697 quenti
377 613 661 697 Quadragesima
676 618 985 683 concronaretur
963 613 973 649 ¹
1003 615 1059 682 De
1070 634 1110 681 re
1125 615 1262 698 eadem,
1278 633 1363 683 cum
1374 625 1469 685 esset

242 723 397 805 Tybnre,
412 732 451 788 ut
465 722 656 805 diximus',
671 721 757 790 Dux
774 726 968 806 scripserat
982 733 1018 789 et
1032 724 1173 791 demum
1186 724 1223 841 id
1241 724 1469 807 impetratum

243 840 297 897 est
309 828 420 907 bona
418 847 500 897 cum
514 832 621 896 venia
634 830 770 898 Summi
784 830 975 897 Pontificls.
1044 836 1047 843 '
1181 834 1185 843 '

307 937 395 1002 1017.
437 936 560 1004 Mense
577 938 767 1004 Decembri
787 938 972 1021 Neapolim
987 939 1159 1021 pervenit,
1176 948 1210 1006 et
1224 941 1288 1006 vix
1302 881 1372 1007 dici
1390 958 1469 1025 pos·

243 1055 298 1111 set
315 1055 449 1128 quanto
463 1062 544 1111 cum
562 1046 706 1128 gaudio,
727 1064 799 1111 non
817 1048 933 1112 solum
947 1064 969 1111 a
983 1048 1126 1128 nostris,
1143 1048 1206 1113 sed
1224 1048 1332 1125 etiam
1350 1048 1397 1114 ab
1411 1064 1469 1115 ex·

243 1156 366 1236 ternis,
381 1172 424 1221 ac
439 1155 632 1237 praecipua
646 1154 838 1234 nobilitate,
854 1155 960 1220 fuerit
978 1164 1166 1237 exceptus;
1183 1156 1354 1239 optabant
1374 1156 1469 1223 enim

243 1263 460 1344 magnopere
473 1262 588 1345 ipsum
603 1263 874 1327 concionantem
893 1261 1030 1340 audire,
1046 1270 1081 1327 et
1095 1263 1217 1327 statim
1231 1262 1469 1344 significatum

243 1368 276 1433 ei
299 1367 365 1434 fuit
388 1378 597 1450 suggestum
621 1368 682 1435 sn
706 1370 855 1453 Joannis
880 1368 1026 1451 majoris
1051 1367 1063 1401 ⁸
1086 1370 1300 1436 anobilibus
1325 1368 1470 1435 Sedium

242 1483 368 1558 portus
382 1477 447 1556 (sic
461 1487 594 1543 vocant
608 1487 747 1559 partem
762 1477 953 1559 quamdam
968 1476 1162 1542 nobilitatis
1176 1475 1252 1557 ejus
1265 1476 1364 1543 urbis
1382 1474 1419 1559 ⁴),
1435 1478 1469 1542 ei

243 1583 351 1649 fuisse
376 1584 422 1649 ad
446 1585 766 1667 Quadragesimam
791 1594 996 1667 sequentem
1022 1585 1287 1661 decretumEt
1312 1583 1469 1667 suscepit

243 1693 466 1774 provinciam
486 1693 616 1758 ibidem
635 1693 881 1759 concionandi.
903 1692 974 1759 Sed
993 1692 1070 1774 lpso
1085 1692 1142 1757 die
1161 1692 1220 1757 S.²¹
1241 1690 1413 1774 Stephani
1433 1692 1469 1757 in

244 1800 344 1881 regio
358 1801 491 1883 palatio
505 1816 628 1865 coram
642 1800 744 1865 Duce
760 1818 803 1866 ac
817 1800 972 1866 Ducissa
991 1800 1105 1865 Albae
1128 1799 1311 1883 hispanice
1330 1799 1469 1865 concio·

244 1916 440 1988 natusest,
460 1907 519 1971 ubi
541 1908 670 1973 mirum
690 1908 890 1972 auditorum
910 1906 1066 1973 studium
1090 1907 1127 1971 in
1147 1924 1227 1972 eum
1246 1917 1470 1989 perspectum

245 2023 309 2094 est,
326 2032 476 2097 quorum
489 2015 554 2081 fuit
569 2015 807 2097 amplissimus
826 2032 1027 2080 consessus.

306 2121 394 2187 1018.
437 2122 518 2204 Ipso
530 2132 649 2187 autem
661 2122 717 2187 die
729 2121 1019 2189 Circumcisionis
1029 2123 1202 2203 sequenti,
1213 2137 1336 2187 coram
1350 2120 1469 2188 Cardi·

244 2230 325 2295 nale
336 2229 380 2294 de
390 2232 425 2293 la
435 2230 557 2295 Cueva
568 2238 604 2294 et
615 2229 826 2311 quibusdam
836 2230 1024 2312 Episcopis
1035 2240 1069 2295 et
1081 2230 1160 2295 aliis
1170 2231 1352 2311 utriusque
1363 2247 1472 2296 sexus

244 2338 351 2401 claris
365 2338 578 2417 hominibus,
593 2335 788 2402 secundam
802 2337 926 2402 habuit
942 2338 1166 2419 concionem
1183 2346 1219 2402 et
1234 2346 1308 2402 tam
1322 2338 1471 2427 celebris

244 2454 321 2509 erat
345 2443 421 2525 eJ'us
444 2444 541 2509 sama
565 2443 725 2526 Neapoli,
746 2453 797 2524 nt,
818 2444 1006 2509 alludendo
1027 2446 1219 2511 adnomen
1241 2443 1469 2525 Salmeronis,

245 2554 393 2617 alterum
408 2550 635 2617 Salomonem
649 2550 828 2617 dicerent·

306 2658 395 2726 1019.
437 2660 519 2726 Fuit
534 2668 653 2726 autem
672 2668 958 2743 peropportunus
974 2660 1048 2742 ejus
1069 2659 1244 2726 adventus
1259 2660 1305 2726 ad
1321 2677 1378 2725 res
1393 2657 1469 2724 Col·

244 2768 328 2850 legii
342 2769 583 2847 stabiliendas,
594 2779 629 2832 et
640 2769 676 2835 in
687 2768 871 2834 meliorem
881 2777 1013 2834 statum
1028 2768 1252 2850 redigendaS,
1264 2776 1301 2832 et
1313 2767 1359 2832 ad
1375 2784 1471 2848 sepe·

245 2876 381 2941 liendos
399 2876 644 2941 oblocutorum
659 2893 831 2956 rumores;
852 2877 1017 2958 quamvis
1035 2876 1129 2942 enim
1151 2876 1211 2940 alii
1231 2875 1470 2954 conciderent,

246 2984 307 3047 alii
321 2983 467 3048 subinde
481 2983 740 3048 excitabantur.
760 2983 806 3047 Et
823 3001 869 3047 ex
888 2983 1063 3064 Hispania
1082 2982 1303 3048 intellexerat
1318 2981 1473 3047 Ducissa

246 3089 359 3156 Albae
373 3090 553 3155 decretum
567 3088 765 3154 Doctorum
785 3091 1051 3172 parisiensium,
1073 3107 1141 3172 quo
1161 3087 1351 3155 Societatis
1371 3089 1472 3154 insti·

245 3207 357 3262 tutum
371 3195 588 3263 damnabant
602 3195 624 3272 ⁸;
642 3206 676 3261 et
691 3197 841 3262 libenter
852 3215 873 3260 a
885 3197 1039 3262 Ducissa
1051 3197 1087 3261 id
1101 3198 1318 3263 intellectum
1334 3213 1412 3261 esse
1423 3195 1474 3262 di·

246 3306 402 3385 cebatur,
424 3315 459 3369 et
478 3313 603 3386 aperte
621 3302 761 3369 dicebat
780 3303 974 3370 Ductorem
989 3304 1217 3369 Melchiorem
1233 3303 1384 3384 Canum,
1399 3312 1473 3368 tam

244 3423 407 3478 sanctum
421 3412 489 3476 Dei
504 3428 649 3477 servum
663 3421 805 3494 tamque
820 3412 978 3492 doctum,
996 3429 1075 3476 eam
1097 3412 1277 3477 hortatum
1298 3425 1378 3476 esse
1391 3419 1430 3475 ut
1452 3427 1473 3474 a

245 3521 378 3587 nostris
394 3521 483 3585 bene
497 3529 653 3585 caveret.
674 3519 719 3584 Et
738 3519 945 3585 incurabilis
964 3519 1152 3585 videbatur
1171 3519 1346 3584 Ducissae
1367 3519 1475 3600 plaga

245 3629 282 3692 in
296 3629 365 3692 hac
379 3636 494 3710 parte.

310 3734 398 3800 1020.
441 3733 580 3800 Invenit
604 3744 735 3800 statum
755 3734 904 3815 Collegii
924 3736 1102 3800 internum
1123 3732 1367 3800 P.·Salmeron
1386 3734 1486 3798 satis
1507 3820 1511 3828 Ι

247 3845 394 3922 bonum,
419 3850 608 3924 postquam
632 3841 775 3922 Rector,
802 3841 1033 3906 concionibus
1058 3842 1208 3922 relictis,
1224 3840 1475 3921 gubernationi

175 3983 180 3992 ›
248 3950 396 4031 Collegii
409 3959 445 4015 et
466 3949 747 4017 confessionibus
765 3960 995 4015 externorum
1017 3949 1125 4016 dabat
1145 3965 1290 4032 operam
1303 3945 1328 4014 ⁸.
1349 3949 1474 4016 Lecto·

286 4229 295 4263 ⁸
325 4227 393 4273 Vide
402 4237 491 4283 snpra,
502 4235 522 4273 t.
534 4239 560 4283 v,
570 4239 630 4283 pag.
641 4229 688 4283 171,
700 4227 747 4280 171,
756 4239 780 4273 n.
790 4227 832 4272 502
841 4231 868 4272 ct
876 4238 949 4284 seqq.

285 4299 298 4332 ²
325 4298 394 4354 Dux,
404 4299 513 4356 scillcet,
524 4301 619 4344 Albae:
626 4299 694 4344 Vide
703 4309 792 4355 snpra,
799 4305 819 4344 t.
827 4311 854 4355 v,
864 4309 926 4355 pag.
937 4298 1073 4356 177,ιι.109;
1083 4305 1110 4344 et
1118 4299 1144 4345 in
1151 4299 1199 4345 hoc
1208 4305 1227 4344 t.
1235 4309 1270 4354 tv,
1278 4309 1341 4356 pag.
1349 4299 1384 4356 61,
1394 4311 1419 4346 ιι.
1428 4299 1474 4345 itt.

283 4371 296 4404 ⁸
322 4369 391 4416 Vide
400 4381 489 4426 snpra,
499 4379 565 4428 nm,
573 4382 633 4428 pag.
643 4371 691 4428 171,
700 4377 788 4416 annm.
797 4371 818 4426 b,
827 4377 853 4416 et
863 4369 904 4416 De
915 4370 1058 4424 Sisennae,
1073 4371 1253 4417 Descrimone
1268 4371 1314 4417 dei
1328 4371 1420 4428 inoliti
1433 4383 1476 4418 u·

244 4445 287 4489 cri
293 4443 324 4488 dt
332 4443 441 4500 Neapoli,
450 4443 494 4489 iol.
506 4443 541 4489 19.

285 4516 297 4550 ⁸
323 4511 391 4560 Vide
401 4525 490 4572 snpra,
501 4521 520 4561 t.
530 4525 566 4569 ιιι,
576 4526 636 4571 pag.
647 4515 695 4572 ¹⁷9,
706 4519 793 4560 annot.
804 4514 815 4559 1
827 4514 861 4561 nd
872 4526 896 4561 n.
904 4515 957 4560 176.

285 4586 300 4620 ⁸
323 4585 391 4632 Vide
401 4588 557 4642 praesertim
566 4597 655 4644 snpra,
666 4594 687 4632 t.
696 4597 733 4642 ιν,
743 4597 805 4642 pag.
814 4586 864 4643 ,
874 4597 900 4631 n.
909 4586 959 4632 7⁰3.
1182 4614 1184 4622 ·

246 4671 253 4680 ·
286 4655 299 4690 ⁸
325 4658 362 4705 Ut
371 4658 410 4705 lta
418 4669 447 4706 κ
456 4663 570 4716 gereret,
580 4655 727 4705 admonitus
738 4659 820 4705 Romu
831 4659 918 4704 inerat
929 4659 958 4703 P.
968 4656 1174 4714 christophorus
1184 4659 1216 4704 de
1230 4657 1361 4715 blandam
1376 4664 1403 4706 et
1416 4671 1474 4708 cnm
1498 4659 1500 4666 ⁴

246 4731 396 4779 noastatlm
404 4731 755 4790 perfecte,qnodadmonltna
763 4730 858 4786 iuerat,
868 4737 1047 4788 exequeretur,
1056 4731 1160 4787 scripsit
1168 4731 1201 4787 el,
1210 4742 1243 4778 ex
1253 4743 1329 4787 com„
1337 4731 1473 4782 Polemo
