3642 5350
749 423 813 485 Au.
835 422 904 484 1556
1389 424 1443 485 717

209 587 317 654 quam
333 570 487 636 maxime
501 572 764 647 commovebat,
780 578 814 635 et
829 580 1028 651 opportune
1047 569 1254 651 admodum,
1272 588 1353 637 cum
1374 572 1442 637 sibi

211 678 353 743 destitui
370 678 572 744 riderentur
586 678 852 758 concionatore,
868 678 1073 759 praedictus
1087 676 1157 742 St·
1168 677 1262 743 Cruz
1275 680 1439 745 accessit.

269 784 361 850 3104.
403 783 694 851 confessionibus
722 783 907 849 audiendis
939 792 974 847 et
998 783 1078 848 aliis
1102 786 1248 866 pietatis
1275 787 1442 867 operibus

212 893 319 957 etiam
341 892 473 958 nostris
491 908 557 974 pro
577 909 676 956 more
701 908 766 957 suo
791 890 980 955 vacabant.
1002 890 1096 955 Inter
1119 892 1190 957 alia
1213 901 1331 958 autem
1352 894 1442 958 duos

211 1000 400 1081 primarios
413 998 664 1065 Universitatis
683 999 844 1077 lectoreS,
861 997 921 1079 qui
936 998 1073 1063 ratione
1088 998 1184 1063 sedis
1197 1000 1441 1081 praeeminen-

211 1106 311 1172 tioris
325 1107 372 1171 ad
387 1116 528 1172 mutuas
542 1103 688 1186 injurias
703 1113 957 1188 pervenerant,
973 1105 1069 1187 quod
1082 1124 1125 1170 eo
1139 1105 1285 1187 majoris
1300 1107 1441 1174 offendi·

212 1213 282 1278 culi
302 1230 413 1279 causa
436 1223 530 1294 erat,
551 1230 620 1295 quo
639 1213 708 1295 ipsi
726 1214 763 1278 in
786 1211 960 1293 dignitate
978 1211 1107 1294 majori
1120 1223 1223 1278 erant
1246 1216 1439 1297 constituti;

209 1336 360 1402 cumque
384 1320 463 1385 duri
488 1319 678 1385 admodum
703 1328 822 1384 essent
842 1328 876 1384 et
896 1320 1075 1399 obstinati,
1101 1319 1191 1385 adeo
1217 1330 1255 1386 ut
1279 1323 1370 1387 alter
1394 1341 1441 1387 ex

207 1445 320 1509 regno
334 1430 440 1493 vellet
455 1428 632 1509 recedere,
649 1427 677 1492 si
694 1429 845 1492 alterum
860 1444 906 1491 ex
920 1444 986 1491 sua
1000 1426 1171 1492 cathedra
1181 1445 1254 1493 non
1265 1427 1438 1511 ejecisset;

208 1532 247 1599 Ρ.
263 1536 353 1615 Leo,
373 1534 520 1615 Rector,
541 1552 635 1599 nunc
657 1535 782 1614 istum,
803 1551 898 1598 nunc
921 1535 1020 1598 illum
1042 1536 1275 1616 conveniens,
1296 1535 1440 1602 adeam

207 1641 436 1707 concordiam
451 1641 603 1723 reduxit,
620 1650 658 1706 ut
672 1650 859 1722 utrumque
875 1640 912 1705 in
926 1642 1116 1707 ecclesiam
1129 1651 1290 1707 nostram
1300 1642 1346 1707 ad
1359 1660 1440 1725 pec·

208 1760 289 1813 cata
318 1748 517 1815 confitenda
546 1749 756 1815 adduceret:
786 1747 990 1830 quodcum
1015 1749 1173 1814 maxima
1193 1749 1440 1816 aedificatione

209 1857 319 1937 urbis,
335 1868 370 1923 et
385 1857 575 1940 praecipue
589 1856 897 1937 scholasticorum,
912 1854 1077 1921 effectum
1091 1865 1157 1921 est.
1296 1861 1299 1866 ’

267 1962 359 2028 31115.
401 1962 570 2045 Ejusdem
591 1963 765 2029 industria
790 1980 833 2027 ac
858 1962 1042 2044 diligentia
1056 1964 1258 2028 haereticus
1282 1965 1437 2047 quidam,
1490 2048 1495 2056 Ι

209 2070 270 2152 qui
283 2071 329 2137 ad
343 2071 519 2136 zizaniam
534 2070 780 2137 seminandam
795 2070 1062 2135 Conimbricam
1082 2080 1242 2152 venerat,
1260 2072 1327 2137 luit
1346 2089 1438 2139 com·

206 2178 415 2259 prehensus.
431 2176 591 2243 Venerat
604 2176 663 2242 ille
678 2176 821 2243 domum
836 2185 1011 2258 nostram,
1026 2187 1063 2242 et
1075 2178 1298 2259 praedictum
1312 2178 1437 2245 Recto·

206 2301 284 2350 rem
297 2284 414 2349 fuerat
428 2286 616 2365 allocutus,
639 2285 711 2367 qui,
728 2301 810 2349 cum
828 2284 951 2349 nescio
967 2284 1052 2366 quid
1064 2283 1254 2365 ofiecisset,
1270 2287 1387 2351 emisit
1401 2287 1437 2351 in

206 2392 330 2458 habitu
345 2392 616 2474 peregrinorum
630 2391 802 2475 quosdam
824 2408 870 2455 ex
890 2393 1042 2472 nostris,
1059 2409 1149 2474 quos
1167 2408 1289 2458 secum
1303 2394 1340 2458 in
1353 2393 1436 2459 Por·

204 2500 390 2580 tugalliam
404 2499 442 2563 P.
459 2499 665 2565 Ludovicus
678 2498 883 2579 reduxerat,
900 2499 962 2581 qui
972 2483 1152 2563 hominem
1162 2499 1261 2565 illum
1275 2500 1436 2565 dissimu-

204 2606 320 2670 lanter
333 2607 609 2690 alloquerentur;
624 2606 711 2671 etin
724 2606 839 2689 primo
854 2604 915 2669 illo
927 2622 1122 2689 congressu
1133 2606 1250 2690 coepit
1260 2607 1320 2673 ille
1332 2625 1438 2675 suum

204 2731 381 2779 venenum
395 2713 616 2795 depromere,
632 2722 667 2778 et
682 2713 732 2779 ita
745 2713 944 2796 Episcopus
955 2732 978 2779 a
988 2713 1027 2779 Ρ.
1038 2714 1159 2780 Leone
1170 2714 1385 2798 admonitae,
1398 2718 1435 2782 in

206 2837 389 2886 carcerem
404 2822 502 2890 illum
516 2818 669 2901 conjecit
684 2817 705 2886 ¹.

263 2927 356 2993 3106.
402 2928 555 2994 Demum
583 2937 754 3011 quantum
782 2930 1036 3011 occupationes
1067 2929 1266 2996 studiorum
1293 2932 1435 3013 permit·

204 3036 340 3118 tebant,
357 3036 542 3101 audiendis
557 3035 855 3116 confessionibuS,
872 3037 1104 3118 pacificandis
1124 3038 1376 3104 dissidentibus
1398 3048 1434 3104 et

199 3141 367 3223 juvandis
381 3143 530 3208 infirmis
549 3161 593 3208 ac
613 3144 780 3224 perituris
798 3145 912 3208 nostri
933 3145 1128 3226 vacabant;
1144 3154 1180 3209 et
1200 3162 1282 3210 cum
1304 3146 1434 3212 civitas

202 3251 336 3330 optime
358 3250 401 3316 de
420 3250 599 3316 Societate
624 3261 718 3315 esset
743 3249 883 3332 affecta,
910 3251 1076 3316 libenter·
1086 3252 1278 3318 admodum
1303 3255 1340 3319 in
1364 3254 1432 3334 his,

201 3373 291 3438 quae
317 3357 363 3422 ad
387 3360 540 3423 salutern
564 3359 764 3424 animarum
789 3375 936 3423 suarum
963 3359 1198 3441 pertinebant,
1230 3370 1433 3427 nostrorum

201 3482 311 3547 opera
324 3482 457 3547 magno
470 3482 552 3530 cum
566 3466 684 3530 fructu
698 3465 900 3545 utebantur,
918 3482 984 3530 nec
999 3474 1136 3530 tantum
1155 3467 1192 3531 in
1207 3467 1359 3548 Collegii
1378 3486 1433 3534 ec·

202 3573 322 3653 clesia,
340 3573 403 3638 sed
416 3589 481 3654 per
495 3581 608 3638 totam
622 3573 745 3638 urbem
761 3571 1004 3637 confessiones
1015 3574 1261 3654 audiebantur,
1278 3592 1344 3640 nec
1359 3594 1432 3640 ces-

202 3680 331 3745 sabant
345 3680 453 3762 aliqui
468 3681 528 3744 diu
543 3691 720 3762 noctuque
740 3679 786 3744 ad
807 3688 951 3744 nostros
970 3680 1207 3746 accersendos
1228 3682 1363 3778 venire,
1386 3681 1432 3746 ad

181 3786 185 3793 '
201 3787 400 3869 periculose
414 3787 677 3868 aegrotantium
691 3786 972 3852 consolationem
986 3797 1021 3852 et
1035 3788 1218 3869 auxilium;
1232 3790 1296 3854 sed
1310 3807 1432 3854 eorum

201 3895 320 3976 etiam,
333 3895 394 3976 qui
405 3895 441 3960 in
452 3894 623 3960 custodiis
634 3893 895 3974 detinebantur,
909 3895 1206 3976 quemadmodum
1217 3897 1321 3960 annis
1332 3915 1430 3979 prae·

201 4002 326 4083 teritis,
344 4005 394 4067 ita
409 4011 444 4067 et
458 4001 526 4067 hoc
540 4003 663 4067 habita
678 4019 765 4066 cura
779 4001 846 4066 fuit
859 4019 994 4084 eorum,
1010 4012 1046 4067 et
1059 4012 1098 4067 ut
1113 4003 1300 4085 aliquoties
1312 4004 1431 4085 singu·

199 4109 244 4172 lis
260 4109 363 4174 annis
385 4109 638 4176 confiterentur
653 4117 688 4172 et
707 4108 1025 4190 communicarent,
1047 4127 1110 4175 eos
1130 4109 1371 4192 adducebant,
1395 4122 1431 4176 et

198 4217 304 4298 longe
316 4214 390 4297 jam
403 4217 545 4282 facilius
559 4233 665 4297 quam
679 4217 778 4298 prius
793 4216 838 4280 ad
861 4217 1120 4286 consulendum
1135 4234 1222 4283 suae
1241 4218 1348 4284 saluti
1361 4220 1430 4301 spi-

197 4323 316 4390 rituali
330 4324 611 4401 adducebantur,
636 4333 670 4388 et
686 4340 768 4388 cum
782 4324 902 4404 plures
917 4335 1037 4389 essent
1051 4342 1158 4407 quam
1174 4326 1427 4407 quadraginta,

198 4449 320 4497 omnes
341 4433 410 4498 hac
432 4441 567 4499 aestate
592 4430 746 4497 confessi
768 4441 869 4511 sunt;
894 4440 930 4496 et
954 4431 1200 4498 admirabatur
1224 4434 1429 4515 praelectus

239 4679 249 4714 ¹
276 4679 397 4726 Litterae
406 4678 638 4734 Quadnmestm,
646 4684 666 4724 t.
677 4688 714 4735 ιν,
724 4689 785 4734 pag.
798 4677 837 4722 ru
847 4682 873 4722 et
883 4675 934 4722 217.
