3642 5350
334 373 389 434 678
787 370 916 432 Canon.
937 369 1014 430 Soc.
1036 369 1105 442 Jss.

334 520 482 584 tualium
497 518 746 584 exercitiorum
761 515 1046 598 consequebatur
1062 512 1081 592 ’ς
1099 515 1189 580 inter
1205 530 1295 596 quos
1308 531 1380 578 non
1394 513 1501 594 pauci
1515 514 1562 578 ad

334 625 549 690 Societatem
563 626 720 690 animum
735 624 963 706 applicabant
977 621 1000 682 ⁸.

394 732 485 796 2919.
529 731 568 796 In
583 731 808 796 monasteriis
823 732 930 794 etiam
944 729 1142 810 spiritualia
1158 728 1333 811 colloquia
1348 739 1383 793 et
1397 730 1434 792 in
1445 737 1560 794 custo·

336 840 403 908 diis
427 839 577 920 publicis
603 839 793 903 conciones
817 837 1054 915 habebantur,
1076 845 1111 900 et
1130 836 1224 918 quod
1250 854 1319 900 non
1346 836 1465 916 exigui
1491 853 1561 900 mo·

334 948 442 1013 menti
468 945 683 1011 censendum
699 954 775 1010 erat
800 945 884 1026 quia
903 945 1007 1008 valde
1030 961 1167 1023 rarum,
1191 944 1298 1008 etiam
1328 944 1498 1025 neophyti
1517 961 1562 1007 ex

336 1055 529 1132 saracenis,
546 1070 698 1134 quorum
714 1052 895 1117 Granatae
910 1053 1020 1116 multa
1032 1061 1134 1116 erant
1150 1050 1275 1131 millia,
1300 1051 1345 1115 ad
1363 1068 1561 1116 sacramen-

337 1171 412 1226 tum
424 1160 660 1224 confessionis
675 1159 903 1222 accedebant.

395 1267 486 1332 2920.
529 1265 587 1331 Ad
613 1267 804 1345 religiones
828 1266 936 1330 etiam
964 1267 1125 1329 virorum
1154 1273 1188 1329 et
1217 1265 1428 1352 feminarum
1458 1264 1565 1345 aliqui

336 1376 584 1453 movebantur,
612 1382 646 1437 et
671 1391 733 1437 eas
758 1372 1056 1454 ingrediebantur.
1087 1371 1197 1436 Multo
1223 1381 1341 1437 autem
1369 1374 1488 1454 plures
1520 1371 1566 1436 ad

337 1483 433 1546 vitae
447 1483 677 1546 mutationem
692 1482 728 1544 in
743 1481 869 1544 melius
884 1463 1142 1544 excitabantur.

396 1589 486 1652 2921.
530 1586 602 1653 Sub
618 1587 722 1652 finem
742 1587 953 1666 Novembris
972 1587 1104 1650 mensis
1123 1588 1305 1668 praeteriti
1323 1588 1407 1651 anni
1426 1587 1564 1651 concio-

338 1706 444 1760 natus
469 1705 522 1759 est
542 1694 672 1776 [Pater]
692 1695 845 1759 Basilius
863 1695 899 1757 in
922 1694 1045 1758 sunere
1065 1692 1224 1774 Reginae
1243 1694 1424 1774 isabellae,
1447 1693 1564 1758 Ferdi-

338 1803 447 1867 nandi
473 1801 634 1884 [uxoris],
662 1803 719 1867 cui
744 1801 903 1866 interfuit
927 1799 1229 1882 Archiepiscopus
1253 1817 1333 1865 curn
1359 1810 1484 1865 senatu
1509 1803 1567 1864 vel

338 1910 552 1974 cancellaria
567 1909 662 1988 (nam
678 1910 859 1974 Granatae
870 1917 1016 1972 senatus
1028 1908 1086 1972 hic
1098 1909 1247 1972 habetur
1262 1908 1308 1973 ad
1319 1925 1448 1973 causas
1460 1908 1568 1972 totius

338 2018 504 2082 Baeticae
520 2016 748 2094 decidendas)
764 2015 786 2080 ³.

397 2124 488 2187 2922.
532 2122 669 2188 Aderat
683 2132 719 2188 et
733 2123 893 2203 i'raeses,
909 2124 1109 2205 Episcopus
1124 2123 1315 2189 Abulensis
1337 2127 1359 2204 ⁸,
1372 2132 1407 2188 et
1421 2123 1494 2188 fere
1509 2140 1568 2188 no-

338 2230 500 2296 bilissimi
514 2232 643 2312 quique
658 2231 808 2310 insignis
823 2229 899 2310 ejus
920 2231 1030 2310 urbiS,
1048 2232 1219 2311 religiosi,
1244 2231 1401 2310 theologi
1420 2248 1464 2295 ac
1481 2227 1570 2312 juris

339 2339 457 2420 periti,
469 2348 504 2403 et
518 2346 590 2402 tam
604 2337 709 2402 avide
720 2338 814 2401 hunc
826 2336 969 2402 Patrem
981 2338 1171 2402 audiebant
1183 2347 1233 2419 ut,
1248 2339 1278 2403 si
1291 2339 1347 2402 bis
1360 2349 1421 2402 aut
1432 2346 1486 2402 ter
1502 2338 1568 2401 sin·

339 2446 433 2527 gulis
452 2446 577 2510 diebus
596 2454 690 2510 esset
710 2445 958 2525 concionatus,
980 2445 1042 2509 vix
1062 2449 1205 2527 explere
1228 2463 1333 2527 posse
1354 2444 1570 2510 audientium

339 2552 552 2618 desiderium
572 2553 765 2631 videretur;
788 2553 851 2617 sed
876 2571 922 2616 ex
946 2553 1130 2633 praedicta
1155 2554 1326 2617 concione
1352 2551 1387 2617 in
1412 2551 1571 2633 exequiis

339 2660 543 2743 praedictae
558 2659 717 2741 Reginae
732 2671 767 2725 et
783 2661 907 2740 altera,
925 2660 1091 2743 quamde
1107 2658 1241 2741 judicio
1255 2659 1393 2741 habuit,
1414 2659 1567 2725 fructum

338 2768 516 2847 insignem
529 2770 661 2849 retulit3
677 2779 712 2832 et
728 2768 915 2847 interdum,
933 2786 1004 2833 non
1019 2770 1152 2850 templa
1172 2771 1286 2833 solum
1307 2767 1369 2833 sed
1388 2768 1469 2832 viae
1486 2768 1568 2831 vici·

340 2894 407 2940 nae
422 2876 644 2941 auditoribus
660 2886 762 2940 erant
775 2876 913 2957 plenae,
931 2886 968 2941 ut
979 2877 1038 2941 vel
1052 2878 1183 2958 templa
1195 2894 1274 2941 esse
1285 2876 1441 2941 maxima
1454 2875 1568 2976 [opor-

340 2982 449 3065 teret]
470 2984 506 3048 in
526 2986 654 3065 quibus
672 2984 962 3061 concionaretur,
983 2986 1043 3049 vel
1063 2985 1099 3048 in
1119 2985 1246 3066 plateis
1265 2993 1358 3049 esset
1377 2985 1411 3049 ei
1430 2985 1567 3050 concio·

341 3090 510 3155 nandum.
1275 3162 1276 3168 ἵ

400 3198 492 3262 2923.
536 3198 691 3264 Studiosi
717 3209 836 3264 autem
855 3199 930 3281 eJ'us
949 3200 1202 3265 Universitatis
1220 3200 1362 3281 plurimi
1382 3200 1474 3263 inter
1493 3194 1570 3278 ejus

341 3305 522 3370 auditores
537 3315 649 3387 erant;
667 3316 702 3371 et
717 3307 779 3371 vix
795 3309 865 3371 ulla
880 3308 965 3371 urbs
979 3307 1015 3371 in
1030 3306 1204 3387 Hispania
1218 3315 1306 3386 erat,
1328 3323 1418 3388 quae
1434 3315 1570 3371 tantum

342 3410 531 3477 Societatis
547 3412 711 3478 affectum
726 3414 937 3478 ostenderet.

400 3519 492 3583 2924.
535 3520 607 3585 Sub
626 3521 732 3585 finem
751 3523 835 3585 anni
855 3522 1038 3603 praeteriti
1057 3523 1161 3604 pauci
1181 3522 1298 3587 adhuc
1318 3533 1420 3587 erant
1435 3522 1568 3587 confes·

341 3628 438 3707 sarii,
454 3636 488 3691 et
503 3628 553 3691 ita
567 3627 777 3693 satisfacere
792 3626 981 3693 confluenti
997 3628 1211 3692 multitudini
1226 3646 1299 3692 non
1314 3638 1494 3711 poterant;
1511 3631 1571 3695 tri·

343 3736 407 3798 bus
431 3744 550 3799 tamen
575 3734 699 3799 diebus
724 3736 830 3817 paulo
856 3744 940 3799 ante
959 3733 1055 3809 ¹festa
1076 3735 1258 3815 Natalitia,
1280 3754 1360 3801 cum
1377 3737 1570 3817 jubilaeum

342 3841 523 3905 Granatae
542 3842 759 3923 publicatum
779 3850 889 3918 esset,
912 3842 1073 3907 ducentis
1095 3844 1334 3923 poenitentiae
1354 3854 1389 3908 et
1403 3844 1571 3909 Euchari-

381 4119 390 4153 ἱ
418 4118 466 4163 his.
477 4121 718 4174 consequebantur.

382 4190 395 4223 ¹
421 4190 461 4235 De
477 4190 506 4236 P.
522 4192 619 4237 Basilio
633 4194 715 4237 Avila
731 4194 813 4248 deque
830 4195 908 4238 rebus
922 4204 969 4247 per
983 4194 1067 4239 socios
1078 4194 1144 4239 actis
1159 4192 1294 4239 Granatae
1307 4196 1389 4239 multa
1402 4194 1499 4241 habent
1518 4194 1573 4240 Lit-

342 4269 418 4307 terae
427 4263 659 4316 Quadrimestres,
668 4272 687 4310 t.
698 4276 734 4315 tv,
744 4277 804 4320 pag.
813 4265 861 4319 223,
872 4267 913 4309 526
923 4273 949 4310 et
963 4267 1012 4320 6213
1025 4278 1074 4321 qno
1084 4274 1215 4323 postremo
1226 4267 1252 4310 in
1262 4268 1319 4311 loeo
1330 4268 1384 4311 dier
1394 4268 1479 4313 obitus
1494 4268 1573 4322 ipsius

344 4334 438 4387 Patris,
455 4336 481 4379 l7
496 4335 617 4380 Octobris
631 4338 707 4392 hujus
721 4338 781 4380 annl
795 4336 847 4381 1556
860 4349 893 4380 ex
904 4336 1078 4391 Saurrvalisz,
1089 4338 1213 4382 Historia
1229 4350 1276 4383 ms.
1292 4338 1326 4383 de
1342 4340 1370 4383 ia
1385 4338 1530 4385 Provincia
1540 4340 1573 4385 de

343 4406 504 4459 Anaaiucia,
513 4408 557 4451 lib.
568 4418 720 4462 rt,eap.v11,
731 4418 756 4451 n.
766 4407 800 4461 to,
812 4410 947 4453 statuitur.
958 4408 1025 4453 Vide
1036 4410 1112 4463 inira,
1124 4421 1150 4454 n.
1159 4408 1222 4457 2961.

385 4478 396 4507 ³
424 4478 495 4523 Haec
506 4480 613 4523 tradunt
624 4479 745 4524 Litterae
755 4480 987 4534 Quadrimestres,
998 4489 1016 4526 t.
1028 4492 1067 4535 tu,
1077 4494 1137 4536 pag.
1148 4482 1189 4525 713
1198 4488 1225 4527 et
1234 4494 1280 4539 seq
1294 4515 1298 4533 .
1308 4494 1373 4538 quas
1383 4484 1441 4529 vide
1452 4484 1495 4530 als.

383 4552 395 4583 ⁴
422 4550 536 4595 Didacns
546 4552 577 4595 de
588 4552 675 4596 Alava
686 4557 713 4595 ct
723 4551 856 4613 ¹anulvel,
867 4552 978 4598 Praeses
988 4554 1055 4608 regii
1066 4554 1204 4598 tribunalia
1218 4556 1395 4609 granatensis,
1407 4556 1438 4600 de
1449 4566 1499 4612 quo
1509 4556 1572 4601 tlibi

344 4623 463 4667 diximus.
