3642 5350
795 430 859 489 Au.
881 429 951 489 1556
1427 421 1483 485 503

250 571 463 638 detrimento
477 576 636 640 lusorum
651 586 685 642 et
700 578 851 642 aliorum
871 577 915 642 ab
937 576 990 640 eis
1005 574 1248 658 pendentium,
1269 571 1481 636 exerceban-

252 688 321 744 tur:
337 679 371 744 e't
386 684 493 763 plaga
508 683 598 748 haec
613 685 666 750 sic
680 685 869 767 desperata
890 693 985 761 erat,
1009 692 1048 747 ut
1065 681 1134 747 Dei
1148 681 1258 744 solius
1276 697 1343 759 ope
1363 677 1483 741 curari

252 803 357 868 posse
371 790 562 866 videretur;
580 793 643 856 sed
657 803 859 857 nostrorum
875 809 984 873 opera
1003 787 1203 868 huiusmodi
1222 785 1347 851 domus
1366 785 1481 848 occlu-

254 912 328 975 sae,
344 909 387 959 ac
397 897 472 960 ludi
483 899 612 963 sublati
622 899 775 980 luerunt,
788 919 833 964 ex
845 898 972 981 quibus
984 899 1171 961 innumera
1181 901 1412 976 peccatorum
1422 908 1481 971 ge·

254 1017 340 1066 nera
356 1004 572 1086 oriebantur3
589 1017 624 1072 et
643 1006 737 1088 quod
751 1026 814 1088 per
833 1009 951 1089 ipsum
963 1005 1171 1084 Pro-regem
1185 983 1225 1066 et'
1233 999 1389 1065 civitatis
1409 1015 1481 1062 ma·

252 1109 425 1188 gistratus
440 1112 589 1177 obtineri
604 1132 675 1179 non
690 1123 854 1195 potuerat
870 1113 891 1194 ¹,
907 1112 1057 1194 eoquod
1070 1113 1208 1176 lusores
1221 1107 1424 1190 pernobiles
1437 1120 1482 1168 ac

253 1215 383 1281 divites
398 1229 525 1299 essent,
543 1238 607 1302 per
620 1221 737 1286 Patris
751 1222 917 1286 Ramirez
927 1221 1121 1284 conciones
1131 1217 1309 1281 Dominus
1320 1213 1480 1294 perfecit.

253 1323 297 1388 Et
312 1324 364 1388 sic
378 1326 518 1391 illorum
533 1328 639 1392 animi
655 1330 823 1393 commoti
836 1329 991 1405 fuerunt,
1015 1336 1053 1392 ut
1067 1344 1138 1390 non
1151 1327 1267 1389 solum
1286 1321 1389 1386 ludos
1403 1319 1478 1384 reli-

254 1432 404 1511 querint,
422 1433 483 1498 sed
498 1434 701 1517 frequentes
716 1437 761 1501 ad
780 1445 942 1501 nostrum
960 1434 1170 1514 Collegium,
1187 1443 1226 1496 ut
1245 1431 1394 1494 verbum
1413 1426 1483 1492 Dei

254 1537 426 1619 audirent,
443 1558 521 1606 sese
535 1543 748 1608 conferrent.
765 1543 856 1609 Nam
870 1545 964 1608 idem
985 1541 1021 1606 P.
1044 1540 1210 1605 Ramirez
1224 1536 1381 1620 quotidie
1401 1551 1482 1600 con-

252 1644 476 1727 cionabatur,
498 1659 532 1713 et
551 1661 589 1714 ut
609 1652 644 1715 in
659 1652 795 1732 coeptis
809 1652 1053 1732 persisterent,
1073 1657 1109 1712 et
1127 1656 1166 1711 ut
1181 1646 1227 1710 ad
1241 1644 1420 1708 anteriora
1440 1659 1481 1705 se

252 1753 482 1820 extenderent
507 1766 542 1822 et
567 1759 761 1823 otiosorum
786 1758 1023 1822 detractiones
1044 1773 1087 1818 ac
1112 1753 1309 1818 derisiones
1328 1751 1479 1814 libenter

254 1876 320 1940 pro
335 1859 465 1928 Christi
480 1867 621 1931 nomine
635 1865 778 1946 ferrent,
794 1867 1014 1931 hortabatur.

314 1967 405 2032 2173.
448 1970 736 2054 Frequentabant
751 1974 787 2037 hi
799 1981 1025 2038 sacramenta
1038 1969 1270 2036 consessionis
1282 1977 1317 2033 et
1328 1983 1481 2032 commu·

253 2077 382 2156 nioniS,
399 2086 433 2142 et
447 2080 637 2161 inpietatis
652 2082 818 2163 operibus
833 2099 871 2144 se
886 2081 1113 2158 exercebant,
1130 2089 1165 2142 et
1178 2075 1320 2141 famulis
1334 2075 1409 2139 suis
1422 2073 1483 2138 sti·

254 2185 328 2264 pati
347 2202 543 2266 pauperum
563 2188 753 2270 hospitalia
770 2188 976 2265 visitabant,
997 2197 1033 2251 et
1052 2187 1089 2250 in
1107 2185 1160 2250 eis
1173 2202 1281 2265 saepe
1298 2189 1482 2264 pernocta·

254 2292 349 2370 bant,
367 2302 402 2356 et
416 2293 640 2359 sacerdotem
661 2294 860 2376 quemdam,
881 2294 1087 2373 theologum
1105 2293 1337 2370 saecularem,
1360 2305 1483 2352 secum

255 2398 488 2477 adducebant,
502 2410 551 2478 ut,
565 2403 710 2484 siquem
722 2421 767 2466 ex
783 2402 1052 2482 aegrotantibus
1063 2401 1168 2464 morti
1179 2399 1336 2462 vicinum
1349 2395 1485 2460 inveni-

254 2514 344 2585 rent,
361 2507 406 2569 ad
420 2511 608 2573 transitum
624 2509 660 2572 in
673 2510 855 2574 meliorem
868 2511 980 2573 vitam
992 2508 1169 2589 iuvarent.
1186 2504 1289 2586 Quod
1301 2504 1331 2567 si
1342 2502 1482 2584 quibus·

254 2613 337 2679 dam
361 2615 524 2680 noctibus
546 2617 582 2680 hi
601 2617 737 2682 nobiles
758 2617 794 2681 in
816 2617 983 2698 hospltali
1002 2614 1160 2681 mansuri
1179 2630 1252 2677 non
1270 2619 1401 2686 essent,
1421 2609 1484 2672 alii

254 2724 374 2786 statim
390 2724 549 2788 aderant.
566 2723 625 2789 Sic
640 2724 733 2789 enim
748 2726 840 2789 inter
854 2742 917 2787 eos
932 2723 1163 2788 constitutum
1176 2721 1304 2797 fuerat,
1321 2730 1359 2783 ut
1374 2718 1411 2781 hi
1426 2718 1484 2780 vel

254 2829 306 2893 illi
319 2831 511 2911 pervigiles
525 2841 639 2896 totam
653 2842 793 2897 noctem
808 2833 855 2896 ibi
871 2833 1068 2911 exigerent.

314 2937 405 3002 2174.
450 2937 542 3002 Olim
557 2939 697 3021 quidem
713 2940 942 3003 observatum
955 2938 992 3002 id
1002 2936 1129 3017 fuerat,
1145 2937 1208 3001 sed
1224 2952 1304 2999 cum
1316 2934 1351 2997 in
1364 2934 1484 2997 desue-

256 3044 411 3109 tudinem
426 3062 485 3109 res
499 3047 655 3116 abiisset.
672 3063 759 3111 cura
774 3056 976 3111 nostrorum
990 3045 1056 3110 suit
1069 3052 1294 3119 renovatum;
1310 3058 1393 3104 nam
1407 3056 1483 3121 per·

255 3154 496 3217 necessarium
513 3154 549 3217 id
564 3154 761 3233 videbatur,
779 3171 859 3217 cum
879 3153 1058 3217 accideret
1077 3150 1269 3233 aliquando
1286 3167 1358 3213 una
1379 3156 1485 3211 nocte

254 3269 328 3323 tres
343 3270 404 3323 aut
419 3270 581 3341 quatuor,
598 3262 738 3325 nemine
753 3262 987 3341 inspectante,
1003 3261 1116 3324 vitam
1129 3258 1241 3322 finire.

313 3367 406 3431 2175.
449 3366 546 3431 Idem
561 3369 667 3432 etiam
683 3368 751 3432 viri
766 3368 912 3446 nobiles,
929 3387 950 3431 a
965 3368 1098 3431 nostris
1113 3365 1271 3445 excitati,
1292 3366 1485 3443 eleemosy-

256 3492 339 3539 nam
354 3475 510 3539 ostiatim
524 3476 560 3539 in
575 3493 771 3556 pauperum
786 3475 921 3539 victum
933 3486 968 3538 et
979 3474 1147 3539 vestitum
1159 3473 1297 3554 publice
1310 3470 1486 3535 mendica·

256 3584 353 3662 bant,
367 3600 458 3663 quae
469 3600 526 3647 res
537 3582 763 3647 admirationi
775 3583 913 3646 civibus
924 3593 1013 3660 erat,
1027 3600 1109 3645 cum
1119 3581 1291 3659 homineS,
1304 3578 1486 3642 nobilitate

257 3700 292 3753 et
307 3689 440 3754 divitiis
454 3690 644 3771 aliquando
655 3691 778 3769 elatos,
791 3698 936 3770 repente
948 3700 1021 3753 tarn
1032 3689 1208 3752 humanos
1219 3697 1254 3751 et
1265 3686 1416 3750 humiles
1427 3701 1486 3764 ap·

257 3796 420 3877 paruisse
434 3806 630 3861 cernerent.

318 3904 409 3968 2176.
452 3905 561 3969 iidem
576 3905 668 3969 inter
682 3923 721 3969 se
735 3906 929 3970 convenire
944 3905 1111 3969 volebant
1122 3913 1157 3967 et
1172 3899 1488 3981 congregationem

258 4012 515 4093 quinquaginta
540 4012 723 4076 hominum
748 4011 943 4092 conficere,
974 4013 1033 4093 qui
1057 4011 1208 4091 singulis
1233 4008 1490 4084 annisviginti

258 4135 421 4183 nummos
436 4136 564 4183 aureos
579 4119 711 4198 singuli
726 4120 762 4183 in
777 4120 932 4184 medium
947 4118 1166 4197 conferrent,
1178 4136 1224 4181 ex
1238 4116 1364 4197 quibus
1379 4113 1490 4195 aliqui

256 4225 391 4290 reditus
406 4226 452 4289 ad
474 4224 774 4306 adolescentulas,
800 4226 1008 4307 parentibus
1023 4226 1185 4304 orbataS,
1206 4225 1242 4288 in
1262 4222 1491 4287 matrimonio

255 4332 484 4397 collocandas
508 4343 720 4398 emerentur.
747 4334 957 4415 Complures
983 4334 1076 4397 enim
1091 4331 1308 4412 hujusmodi,
1329 4338 1493 4409 egestate

256 4456 466 4521 oppressae,
482 4440 580 4504 vitiis
604 4458 643 4503 se
662 4441 868 4519 tradebant;
890 4441 1103 4521 ubicumque
1124 4448 1244 4503 autern
1264 4438 1303 4503 P.
1324 4436 1490 4501 Ramirez

300 4607 307 4640 ¹
336 4608 444 4653 Pro-rex
455 4614 513 4653 erat
524 4608 700 4654 Bernardlnus
711 4610 742 4654 de
753 4609 886 4654 Cardenas
895 4616 922 4653 et
932 4608 1058 4663 Pacheco,
1069 4608 1094 4653 11
1102 4606 1245 4663 Maquedae
1253 4606 1313 4652 Dux
1320 4613 1347 4650 et
1354 4604 1491 4650 Marchlol

258 4678 289 4723 de
300 4678 388 4724 Eiche.
399 4680 465 4725 Vide
476 4692 563 4735 supra,
574 4688 593 4725 t.
605 4692 630 4734 ν,
641 4692 701 4736 pag.
711 4682 760 4735 861,
772 4694 796 4725 n.
806 4682 854 4735 98⁴,
867 4688 956 4725 annot.
968 4682 991 4725 1.
