3642 5350
778 413 841 474 Au.
864 413 934 474 1556
1421 414 1480 474 533

234 576 341 625 suam
355 576 418 624 eos
437 559 589 640 invenit;
610 559 736 624 Patres
756 559 893 624 scilicet
913 560 1138 642 Alphonsum
1159 559 1309 639 Roman,
1327 559 1477 626 Santan·

233 668 302 731 der
316 675 350 731 et
368 665 501 747 Pignas
522 665 542 731 ¹:
564 667 601 730 in
621 666 748 748 quibus
768 676 908 730 tantum
927 667 1182 732 consolationis
1197 675 1233 730 et
1251 667 1475 731 constantiae

233 774 274 837 in
289 773 594 853 persecutionibus
609 774 756 852 invenit,
772 781 812 837 ut
828 772 1067 838 aedificationi
1081 789 1235 853 magnae
1250 783 1284 837 et
1300 773 1476 839 confusio·

239 880 277 944 ni
292 879 360 945 sibi
375 878 486 944 luisse
499 879 674 944 lateretur
687 885 711 940 ¹.

298 985 391 1052 2307.
436 986 610 1068 Quamvis
625 994 756 1066 autem,
773 987 834 1067 qui
848 988 941 1050 male
961 987 1190 1068 interpretari
1209 1004 1267 1050 res
1286 985 1477 1051 Societatis

235 1095 333 1158 soliti
352 1103 470 1172 erant,
493 1112 539 1158 ex
556 1093 627 1158 hac
647 1094 854 1158 reductione
874 1105 949 1158 tam
971 1094 1101 1159 celebri
1123 1111 1256 1158 novam
1269 1093 1476 1168 ,obmurmu-

233 1199 341 1266 randi
366 1201 593 1266 occasionem
617 1200 714 1264 nacti
735 1201 884 1281 luerint3
906 1201 974 1266 Dei
996 1201 1222 1282 providentia
1235 1201 1373 1265 sactum
1392 1218 1474 1264 esse

236 1308 275 1372 P.
289 1307 399 1389 Rojas
413 1308 592 1373 censebat:
611 1307 656 1372 ad
671 1309 936 1390 reparationem
952 1306 1127 1390 [scilicet],
1144 1309 1228 1372 boni
1242 1308 1398 1372 nominis
1412 1306 1473 1372 So·

231 1415 376 1480 cietatis
390 1415 443 1479 sic
458 1415 567 1480 luisse
584 1415 786 1479 ordinatum
808 1417 989 1480 censebat.

296 1521 386 1586 2308.
430 1522 554 1586 Invisit
569 1522 663 1586 idem
673 1521 780 1586 Pater
795 1524 925 1588 multos
940 1540 985 1586 ex
999 1523 1125 1586 amicis
1134 1523 1301 1603 antiquis,
1316 1539 1406 1602 quos
1418 1541 1472 1586 so·

233 1628 326 1693 lidos
342 1629 446 1693 valde
461 1639 496 1694 et
509 1630 602 1693 inter
616 1629 919 1694 contradictiones
933 1629 969 1693 in
989 1630 1116 1710 spiritu
1135 1628 1331 1711 profecisse
1350 1631 1475 1712 depre-

236 1736 368 1800 hendit.
384 1735 516 1818 Aliqui,
534 1737 594 1817 qui
609 1737 781 1800 contrarii
796 1735 1010 1800 videbantur
1028 1736 1152 1812 fuisse,
1176 1755 1215 1800 se
1236 1737 1470 1801 excusabant.

233 1843 309 1906 Alii
323 1844 430 1906 etiam
445 1843 624 1923 negabant
639 1843 831 1923 quicquam
845 1860 884 1907 se
899 1853 1026 1907 contra
1041 1841 1258 1907 Societatem
1281 1843 1410 1923 egisse.

297 1948 387 2013 2309.
431 1948 580 2013 Pro-rex
594 1960 630 2013 et
645 1950 876 2031 Inquisitores
890 1950 1084 2030 praeterita
1099 1967 1208 2031 aegre
1229 1948 1418 2014 admodum
1434 1967 1474 2013 se

237 2056 358 2120 tulisse
372 2054 632 2136 significabant;
650 2066 683 2120 et
698 2058 735 2120 in
750 2065 934 2136 posterum
946 2056 1109 2120 savorem
1124 2058 1161 2121 in
1175 2058 1338 2121 omnibus
1352 2056 1473 2120 offere·

235 2163 333 2227 bant.
355 2163 676 2244 Archiepiscopum
697 2172 752 2226 ter
767 2163 900 2248 invisit,
927 2164 989 2244 qui
1013 2165 1209 2228 excusabat
1235 2183 1274 2227 se
1300 2173 1472 2245 quantum

236 2278 388 2349 poterat,
412 2280 448 2332 et
466 2271 621 2350 negabat
641 2289 661 2333 a
684 2287 723 2334 se
748 2270 939 2350 quicquam
963 2282 1089 2334 contra
1108 2269 1323 2335 Societatem
1350 2281 1471 2335 actum

236 2375 357 2454 tuisse,
375 2377 481 2457 (quod
495 2387 615 2440 tamen
630 2378 732 2441 aliter
752 2394 791 2440 se
813 2377 956 2456 habere,
977 2386 1012 2440 et
1033 2377 1228 2441 fomentum
1249 2377 1468 2442 adversariis

231 2485 351 2563 ipsum
366 2483 517 2560 dedisse,
535 2484 623 2548 satis
637 2485 770 2548 nostris
790 2483 1001 2563 constabat).
1026 2483 1066 2547 In
1087 2494 1268 2565 posterum
1288 2495 1408 2548 autem
1430 2503 1469 2548 se

231 2607 299 2670 pro
313 2589 447 2671 justitia
462 2589 651 2655 Societatis
665 2591 842 2654 fautorem
857 2591 933 2655 lore
945 2591 1185 2672 promittebat.

295 2698 385 2763 2310.
431 2698 525 2763 Satis
540 2696 660 2763 tamen
674 2696 893 2779 intelligebat
910 2698 947 2761 P.
963 2698 1072 2779 Rojas
1091 2698 1159 2761 boc
1179 2700 1278 2762 illum
1297 2716 1336 2763 se
1356 2698 1470 2763 lactu·

235 2825 313 2871 rum
329 2807 412 2871 dum
427 2804 598 2886 Princeps
611 2798 752 2889 Joarina
768 2806 801 2869 in
818 2806 1003 2869 evocando
1018 2803 1064 2868 ad
1079 2806 1217 2869 curiam
1237 2806 1349 2885 ipsius
1364 2805 1469 2870 Vica-

230 2914 287 2979 rio
300 2924 579 3001 perseverasset;
596 2912 681 2976 nihil
696 2913 790 2977 enim
806 2910 947 2995 [magis]
964 2921 1025 2976 aut
1044 2911 1191 2992 perinde
1210 2913 1327 2993 ipsum
1345 2912 1472 2977 Archi·

229 3023 438 3103 episcopum
454 3030 515 3085 aut
530 3021 716 3085 Vicarium
728 3030 895 3101 torquere
907 3029 1058 3101 poterat,
1072 3030 1107 3083 et
1119 3020 1203 3100 quia
1215 3038 1287 3083 non
1299 3021 1412 3084 solum
1424 3021 1469 3084 ab

229 3128 320 3192 urbe
340 3129 403 3192 sed
425 3128 471 3191 ab
493 3129 622 3192 animis
644 3129 753 3191 etiarn
779 3130 972 3191 multorum
995 3126 1158 3192 Societas
1184 3126 1317 3207 reiecta
1342 3128 1470 3206 luerat3

227 3236 313 3299 licet
327 3244 468 3298 nostros
484 3235 519 3297 in
535 3235 660 3297 urbem
675 3235 835 3316 recipere
851 3244 885 3297 et
900 3234 1044 3315 quidem
1059 3234 1253 3298 honorifice
1266 3235 1383 3298 coacti
1397 3234 1471 3297 fue·

228 3344 314 3418 rint,
340 3348 379 3403 ut
402 3339 447 3403 ad
468 3340 752 3405 benevolentiam
774 3340 919 3404 eosdem
940 3342 978 3405 in
997 3341 1071 3404 suis
1086 3342 1214 3405 animis
1229 3339 1469 3421 admitterent,
1536 3392 1540 3398 .

232 3447 436 3529 perdifficile
451 3456 538 3527 erat,
555 3458 630 3511 tarn
644 3447 927 3530 Archiepiscopo
951 3458 986 3512 et
1008 3448 1169 3526 Vicario,
1185 3464 1294 3529 quam
1315 3449 1470 3527 clericis,

233 3556 444 3635 praesertim
463 3555 740 3633 parochialibus
761 3556 820 3636 qui
845 3556 954 3619 etiam
971 3566 1059 3649 'post
1082 3556 1236 3619 reditum
1263 3565 1468 3619 nostrorum

231 3661 439 3742 coniurasse
454 3672 580 3725 contra
595 3679 658 3724 eos
673 3661 895 3726 videbantur.
911 3662 956 3725 Et
966 3663 1125 3742 religiosi
1138 3680 1210 3727 non
1221 3662 1348 3742 minus,
1360 3664 1469 3726 immo

231 3768 329 3832 sorte
343 3769 472 3848 magis,
488 3767 617 3831 infensi
632 3769 763 3833 nostris
778 3779 892 3833 erant.

292 3874 383 3939 2311.
428 3873 530 3938 Plebs
550 3884 678 3953 autem,
702 3894 723 3938 a
745 3876 884 3941 clericis
905 3884 940 3940 et
964 3876 1143 3957 religiosis
1166 3884 1345 3940 commota
1368 3874 1471 3939 salsis

230 3982 561 4062 informationibuS,
600 3998 683 4047 suas
718 3983 903 4063 opiniones
931 3993 1057 4048 contra
1083 3983 1299 4048 Societatem
1328 3983 1373 4045 ab
1401 3983 1472 4047 illis

231 4090 379 4153 haustas
392 4089 604 4169 retinebant,
621 4101 656 4154 et
671 4089 821 4170 injuriae
837 4092 915 4156 loco
932 4093 1022 4155 alter
1037 4094 1202 4171 alterum,
1219 4090 1399 4169 zgm'stam
1414 4091 1472 4153 vel

225 4196 465 4275 agnationum
479 4197 669 4261 vocabant.
687 4197 732 4261 Et
747 4207 889 4261 nostros
904 4199 1013 4263 etiam
1034 4214 1099 4279 per
1121 4198 1221 4261 vicos
1243 4205 1472 4261 transeuntes

230 4303 358 4368 eodem
372 4304 525 4383 nomine,
542 4304 718 4369 irrisionis
731 4307 863 4383 gratia,
885 4306 1158 4387 compellabant.

275 4508 283 4541 ¹
313 4507 363 4551 PP.
375 4508 525 4561 Alpbonsus
536 4508 644 4564 Roman,
655 4510 698 4565 qni
708 4510 794 4553 domui
804 4516 936 4566 praeerat,
952 4510 1101 4555 Lndovlcua
1118 4509 1267 4555 Santander
1283 4517 1310 4554 et
1328 4510 1473 4555 balthasar

238 4578 325 4623 Piliae.
334 4578 401 4623 Vide
412 4578 534 4624 Litterae
544 4579 650 4633 Quadri
652 4585 777 4633 mestus,
787 4587 805 4627 t.
816 4593 852 4634 tv,
861 4594 923 4637 pag.
933 4582 981 4627 289.

279 4650 290 4681 ¹
320 4647 367 4693 Ma.
378 4648 518 4705 fateatur.
