3642 5350
702 438 705 445 ⁴
777 372 840 433 Au.
863 370 933 433 1556
992 396 997 405 ¹
1415 373 1468 442 119

237 518 506 582 benevolentiae
521 528 556 582 et
567 520 681 583 bonae
693 518 967 583 existimationis
977 527 1263 600 praeceptorum,
1275 520 1367 585 inter
1377 536 1466 600 quos

237 642 315 688 esse
330 635 497 707 coeperat
512 628 548 689 in
563 626 722 705 Collegio
737 626 880 689 Marcus
895 626 1087 690 Valdesius
1102 626 1125 704 '‚
1141 626 1187 691 ad
1197 628 1334 694 litteras
1344 628 1466 691 huma·

236 732 354 795 niores
379 741 414 796 et
439 734 576 813 poesim
601 732 798 795 docendam
822 731 981 810 idoneus;
1013 743 1048 797 et
1074 734 1240 814 quamvis
1267 734 1495 815 frequentia

237 838 533 904 scholasticorum
546 839 773 903 admirationi
789 856 881 903 esset
896 839 1120 919 quibusdam,
1136 840 1253 921 magis
1266 840 1464 923 Episcopus

236 946 431 1010 mirabatur
450 956 485 1010 et
506 946 739 1026 frequentiam
761 956 795 1010 et
816 947 1036 1011 nobilitatem
1056 964 1190 1029 eorum,
1212 948 1272 1029 qui
1291 948 1337 1011 ad
1355 950 1464 1013 eccle·

235 1054 337 1132 siam,
364 1054 410 1117 ad
432 1062 656 1118 sacramenta
674 1054 900 1134 suscipienda
922 1063 957 1117 et
977 1055 1127 1118 verbum
1144 1054 1211 1119 Dei
1237 1054 1469 1134 audiendum„

234 1162 399 1241 quamvis
414 1179 456 1225 ea
471 1161 795 1225 incommodissima
810 1174 916 1241 esset,
931 1161 1166 1239 confluebant.
1291 1234 1295 1241 ‚
1344 1232 1348 1238 ,

293 1266 365 1331 433.
407 1267 467 1331 Ad
489 1268 685 1332 orationem
708 1268 815 1332 etiam
834 1269 985 1333 libenter
1011 1286 1054 1331 eo
1079 1268 1279 1348 veniebant,
1305 1278 1344 1332 ut
1365 1270 1464 1333 cetui

234 1376 347 1456 potuit
361 1377 426 1439 sub
440 1375 546 1439 finem
559 1376 652 1458 julii,
670 1393 750 1439 cum
763 1377 876 1440 oratio
890 1376 1129 1457 quadraginta
1144 1376 1323 1455 horarum,
1340 1377 1387 1441 ad
1401 1377 1463 1440 mi·

232 1482 464 1547 sericordiam
489 1481 556 1545 Dei
580 1483 840 1562 implorandam
863 1483 899 1547 in
918 1484 974 1545 his
1001 1482 1172 1547 bellorum
1196 1484 1402 1548 tumultibus
1426 1493 1462 1547 et

233 1590 312 1653 aliis
325 1589 476 1670 publicis
491 1589 763 1669 calamitatibus,
779 1590 844 1653 fuit
860 1592 1034 1655 instituta.

292 1696 364 1759 434.
406 1698 519 1763 Extra
531 1700 714 1763 Perusium
727 1699 834 1762 etiarn
846 1696 1020 1761 Dominus
1032 1696 1175 1761 Marcus
1185 1697 1362 1761 Antonius
1374 1696 1461 1763 Ora·

234 1805 336 1868 dinus
347 1804 358 1835 ¹
370 1805 409 1868 P.
424 1804 646 1870 Everardum
661 1806 707 1869 ad
722 1805 897 1886 quaedam
912 1804 1056 1883 loca,'in
1075 1804 1201 1886 quibus
1211 1822 1277 1868 sua
1290 1804 1469 1880 beneficia

233 1912 403 1993 habebat,
420 1912 583 1993 deduxit,
600 1914 662 1977 ubi
674 1914 795 1995 populi
816 1912 1036 1993 spiritualem
1054 1910 1252 1993 profectum
1273 1912 1460 1993 diligenter

234 2021 382 2085 curavit.

290 2128 360 2191 435.
405 2128 578 2209 Quamvis
592 2139 711 2193 aestus
725 2128 880 2192 ferveret
893 2126 988 2210 Julio
1008 2136 1042 2191 et
1061 2127 1227 2206 Augusto
1249 2144 1380 2207 mense,
1398 2146 1458 2191 no·

230 2235 294 2299 stri
309 2254 330 2299 a
345 2236 465 2299 labore
481 2253 545 2298 suo
564 2236 601 2298 in
620 2236 750 2299 scholis
770 2236 914 2299 minime
928 2234 1117 2313 vacabant,
1134 2234 1230 2315 quod
1251 2234 1473 2315 parentibus

226 2341 397 2421 juvenum
421 2360 574 2423 magnae
600 2343 856 2407 aedificationis
885 2353 971 2422 erat.
1004 2342 1158 2405 Tantum
1188 2340 1374 2406 duodecim
1396 2351 1470 2411 aut.

132 2444 138 2457 '
229 2450 429 2529 quindecim
444 2451 519 2514 dies
534 2459 692 2531 tempore
707 2450 906 2513 vindemiae
926 2450 1097 2513 lectiones
1111 2449 1411 2526 intermittebant..

286 2556 358 2620 436.
400 2557 682 2623 Confraternitas
700 2556 875 2638 quaedam
897 2566 973 2620 erat
993 2557 1140 2636 Perusii,
1163 2556 1207 2620 de
1225 2574 1295 2637 qua
1319 2556 1451 2637 mentio

228 2665 467 2746 superioribus
491 2666 593 2730 annis
617 2666 713 2730 sacta
738 2675 792 2730 est
806 2662 829 2745 ³,
850 2683 952 2745 quae,
969 2665 1060 2730 inter
1080 2665 1150 2727 alia
1165 2663 1306 2745 pietatis
1328 2681 1450 2746 opera,

227 2773 359 2836 scholis
372 2773 568 2838 litterarum
584 2773 833 2838 humaniorum
852 2790 976 2836 curam
997 2782 1079 2836 ante
1098 2781 1301 2836 nostrorum
1319 2772 1451 2836 adven·

226 2889 301 2943 tum
314 2880 538 2960 impendebat
553 2890 587 2943 et
602 2881 755 2961 quinque
771 2881 1036 2960 ludimagistros
1055 2879 1290 2944 mediocribus
1311 2879 1450 2959 quibus·
1466 2952 1468 2956 ⁸

226 2986 308 3050 dam
329 2987 513 3069 stipendiis
537 2988 664 3063 alebat,
686 2998 720 3050 et
746 2989 907 3069 quamvis
927 2997 1008 3067 post
1032 2987 1224 3050 adventum
1249 2996 1452 3076 nostrorum

226 3095 367 3158 scholae
382 3096 480 3176 ipsae
495 3097 531 3158 in
546 3112 648 3158 usum
663 3095 812 3174 Collegii
827 3104 1021 3169 cesserunt,
1039 3095 1265 3158 nihilominus
1285 3095 1382 3174 ipsos
1402 3095 1451 3157 lu-

225 3202 452 3283 dimagistros
472 3203 554 3266 alibi
577 3203 850 3265 confraternitas
873 3202 1034 3278 tenebat,
1054 3211 1149 3264 etex
1169 3219 1211 3264 ea
1233 3201 1376 3282 quidam
1391 3219 1451 3265 no·

225 3309 308 3371 stris
322 3309 479 3390 impense
494 3309 674 3388 favebant,
691 3309 750 3371 alii
765 3325 836 3371 non
850 3309 966 3389 minus
982 3307 1275 3372 adversabantur.
1463 3379 1467 3391 ⁸

282 3415 352 3480 437.
396 3417 595 3498 Episcopus
617 3433 715 3496 ergo,
743 3417 802 3498 qui
828 3416 973 3496 optabat
995 3416 1040 3478 ab
1064 3417 1132 3478 hac
1158 3415 1451 3496 confraternitate

223 3525 337 3587 nostri
358 3524 505 3604 Collegii
524 3524 747 3587 sustentandi
769 3539 892 3585 curam
913 3522 1056 3602 suscipi,
1079 3541 1151 3602 eos,
1172 3525 1233 3602 qui
1251 3509 1469 3587 adversarii

222 3632 443 3709 videbantur,
460 3651 505 3695 ex
520 3633 599 3695 albo
615 3631 835 3695 confratrum
848 3630 1033 3712 expunxit,
1050 3639 1085 3696 et
1106 3632 1206 3708 alios,
1227 3615 1317 3711 quos
1335 3631 1448 3694 fauto-

224 3755 280 3801 res
295 3739 370 3802 fore
385 3739 563 3820 sperabat,
580 3740 771 3803 substituit.
1008 3811 1013 3819 ,
1461 3803 1466 3819 ,

279 3845 350 3910 438.
393 3846 440 3911 Η1
455 3855 572 3910 autem
587 3847 635 3910 illi
651 3857 763 3924 erant,
780 3847 823 3909 de
839 3847 964 3927 quibus
979 3847 1141 3927 superius
1154 3847 1308 3910 diximus
1325 3843 1447 3927 {quod

223 3971 343 4017 omnes
369 3955 510 4017 scholas
534 3955 730 4018 litterarum
758 3953 1006 4017 humaniorum
1026 3953 1071 4016 ad
1097 3951 1311 4020 Societatem
1331 3964 1445 4017 trans·

223 4060 315 4124 ferre
330 4061 511 4142 optabant,
527 4071 562 4124 et
580 4061 644 4125 sub
667 4071 874 4124 autumnum
894 4062 983 4125 duos
1003 4079 1048 4124 ex
1067 4061 1136 4124 illis
1154 4060 1446 4140 praeceptoribus

224 4168 440 4248 dimiserunt;
458 4171 550 4232 iuter
564 4186 653 4250 quos
668 4185 759 4231 unus
774 4170 893 4248 legere
909 4178 944 4232 et
964 4166 1119 4231 scribere
1131 4176 1165 4231 et
1187 4168 1328 4248 praxim
1340 4167 1446 4232 arith·

223 4323 432 4338 ---·..-.—-.

261 4410 268 4440 ¹
298 4410 364 4455 Vide
376 4421 463 4465 supra,
474 4421 535 4465 pag.
547 4409 594 4460 11⁵,
604 4423 628 4454 n.
639 4410 688 4454 417.

258 4485 269 4516 ²
297 4483 419 4527 Vicarius
429 4483 558 4537 Episcopi.
570 4481 636 4525 Vide
647 4494 734 4536 supra.
744 4489 762 4527 t.
774 4497 800 4534 v.
810 4494 870 4538 pag.
882 4483 917 4536 69,
928 4495 952 4526 u.
965 4482 1010 4534 1565
1019 4489 1045 4526 et
1057 4484 1138 4528 inhoc
1153 4491 1172 4527 t.
1187 4493 1224 4538 vr,
1238 4493 1297 4539 pag.
1308 4483 1356 4537 tta,
1364 4496 1388 4528 n.
1397 4482 1447 4548 tot·

257 4553 268 4585 ἱ
299 4553 435 4616 Videlicet,
446 4559 465 4598 t.
477 4563 512 4600 ιιι.
521 4565 581 4608 pag.
592 4553 619 4596 45
629 4561 655 4596 et
665 4552 700 4608 46,
711 4566 752 4597 nn.
763 4555 796 4608 82,
807 4555 835 4597 83
845 4561 871 4598 et
881 4555 917 4598 84.

262 4627 273 4658 ⁴
300 4625 365 4680 Pap.
377 4625 423 4678 tta,
434 4636 458 4668 n.
468 4624 516 4680 405,
527 4633 552 4668 et
561 4636 620 4680 pag.
634 4625 680 4678 114,
692 4637 715 4670 n.
726 4627 773 4670 414.
