3642 5350
352 344 411 413 Ι168
815 350 950 413 Cuabrt.=
964 350 1041 412 Soc.
1066 350 1137 425 jas.

351 487 685 582 dendi'cupiditate',
709 490 804 581 quod
829 494 1056 563 corraserant
1085 505 1159 563 tota
1187 492 1421 575 hebdomada,
1453 491 1580 563 diebus

351 606 452 673 iestis
465 606 619 672 ludendo
633 606 866 689 dissipabant.
1501 621 1504 628 ’

355 752 356 755 =
402 706 484 779 616.
525 712 617 779 Huic
627 706 831 795 'pernicioso
844 722 881 779 et
895 712 1095 780 inveterato
1113 710 1241 779 morbo
1260 709 1371 795 aliqui
1385 731 1431 777 ex
1450 713 1582 779 nostris

353 822 525 887 fratribus
546 822 741 887 remedium
767 822 936 887 adhibere
959 822 1153 903 cupientes,
1175 833 1240 901 per
1265 820 1364 887 varia
1383 820 1483 885 urbis
1502 814 1582 885 loca

355 922 479 997 diebus
491 928 592 995 lestis
607 948 630 994 a
643 929 794 1013 prandio
808 930 882 995 bini
896 925 1154 1010 discurrebant,
1169 937 1205 993 at
1224 929 1400 993 aleatores
1413 927 1583 993 aerariis

225 1101 234 1118 ,
353 1037 446 1103 ludis
469 1046 664 1119 occupatos
688 1038 927 1105 admonebant
950 1056 994 1102 ae
1015 1034 1332 1119 reprehendebant3
1359 1044 1394 1100 et
1415 1033 1582 1117 quamuis

355 1136 554 1211 maledictis
568 1136 745 1211 interdum
759 1162 803 1211 ac
817 1138 991 1211 conviciis
1003 1144 1240 1224 afficerentur,
1255 1160 1328 1208 non
1347 1152 1467 1208 tamen
1476 1143 1582 1207 'omit-

356 1253 476 1318 tebant
490 1252 676 1318 charitatis
690 1252 855 1333 officium,
870 1262 905 1318 et
919 1252 1040 1333 gladio
1053 1252 1153 1317 verbi
1168 1251 1237 1316 Dei
1250 1247 1358 1333 'saepe
1379 1246 1582 1330 hujusmodi

355 1360 515 1426 homines
533 1359 580 1424 ad
600 1358 800 1444 hujusmodi
826 1361 930 1425 ludos
954 1361 1140 1425 inchoatos
1163 1358 1583 1442 interrumpendoscom·

255 1458 259 1467 ’
353 1466 542 1549 pellebaut3
558 1476 594 1533 et
603 1460 750 1534 domum
760 1469 960 1547 redeuutes,
972 1466 1173 1547 hujusmodi
1184 1468 1382 1531 aleatorum
1396 1475 1582 1531 catervam

329 1610 330 1613 π
353 1591 475 1641 secum
496 1575 728 1655 adducebant,
752 1576 812 1642 ubi
832 1588 894 1639 eos
915 1570 961 1640 ad
982 1574 1244 1639 confessionem
1269 1574 1516 1653 hortabantur,
1546 1585 1582 1639 et

357 1674 745 1766 quam'vituperandus
766 1676 859 1747 esset
884 1699 1007 1747 eorum
1031 1685 1068 1747 iu
1092 1678 1244 1747 ludendo
1268 1681 1402 1745 abusus
1423 1682 1583 1746 ostende·

357 1790 453 1869 bant,
477 1798 512 1855 et
530 1790 659 1873 singuli
679 1790 815 1873 aliquos
829 1808 876 1855 ex
899 1790 951 1855 eis
974 1790 1163 1871 eligebant,
1190 1789 1317 1872 quibus
1334 1789 1432 1855 viam
1451 1789 1583 1855 Christi

356 1898 546 1979 aperirent.
561 1896 636 1963 Nec
649 1898 686 1962 id
699 1897 844 1979 frustra,
864 1915 948 1963 nam
966 1897 1122 1979 plurimi,
1144 1897 1303 1962 moribus
1316 1896 1353 1960 in
1367 1896 1493 1963 melius
1510 1913 1584 1961 mu·

279 2064 281 2071 .
357 2000 452 2085 tatis,
468 2004 581 2068 vitam
595 2002 797 2071 christianis
811 1997 1199 2087 dignam'instituerunt
1216 2012 1263 2083 et,
1279 2000 1416 2069 diurms
1430 2004 1582 2085 negotiis

358 2111 547 2193 expeditis,
571 2111 636 2177 sub
657 2127 845 2195 vesperam
866 2112 913 2177 ad
931 2111 1128 2194 Collegium
1145 2120 1306 2176 nostrum
1319 2111 1523 2190 veniebant,
1542 2120 1585 2177 ut

358 2210 813 2300 christianam'doctrinam,
825 2218 926 2300 cuius
936 2218 1080 2284 omuino
1090 2219 1208 2300 ignari
1222 2226 1336 2299 erant,
1349 2217 1584 2284 addiscerent.

358 2326 431 2392 Alii
444 2320 564 2405 ¹autem
577 2320 629 2391 'ex
647 2326 704 2391 his
724 2327 915 2403 lusoribus,
936 2336 1081 2392 nostros
1097 2326 1267 2406 timendo,
1290 2324 1421 2391 aludis
1436 2325 1586 2390 abstine·

355 2434 454 2513 bant,
469 2426 506 2500 et
519 2432 642 2499 videre
656 2442 733 2499 erat
747 2435 837 2515 loca,
852 2433 952 2516 prius
964 2432 1164 2515 hujusmodi
1174 2432 1376 2501 hominibus
1386 2432 1586 2499 ludentibus

360 2540 502 2622 referta,
519 2541 564 2605 ab
580 2541 650 2606 illis
663 2538 863 2607 hominibus
877 2542 1018 2607 deserta
1032 2558 1123 2622 esse;
1142 2550 1178 2606 et
1192 2540 1223 2605 si
1237 2540 1345 2623 aliqui
1359 2550 1479 2607 tamen
1492 2540 1587 2607 lude·

358 2647 457 2728 bant,
474 2665 556 2714 cum
570 2650 683 2714 nostri
698 2647 744 2714 ad
757 2666 820 2715 eos
834 2648 1057 2730 accederent,
1074 2649 1156 2714 iude
1170 2648 1364 2730 fugiebant.

419 2755 492 2820 617.
534 2757 580 2822 Et
593 2757 675 2839 quia
694 2774 767 2824 non
788 2766 925 2822 tantum
944 2757 1012 2822 hoc
1033 2756 1191 2823 infimum
1214 2773 1328 2838 genus
1347 2756 1528 2823 hominum
1550 2759 1585 2847 iu

236 2883 238 2888 ’
355 2863 440 2930 ludo
457 2865 666 2947 peccabant,
689 2863 796 2930 immo
817 2873 852 2930 et
870 2865 931 2929 alii
950 2883 996 2930 ex
1021 2865 1236 2947 primoribus
1257 2866 1411 2947 civibus,
1434 2881 1587 2948 quorum

357 2972 559 3053 exemplum
575 2973 634 3038 isti
648 2971 775 3055 plebeji
789 2973 922 3040 nostris
943 2971 1166 3054 objiciebant;
1189 2990 1297 3056 saepe
1316 2973 1411 3039 enim
1424 2974 1462 3038 in
1475 2973 1587 3056 publi*

359 3080 414 3146 cis
428 3079 639 3162 quibusdam
652 3081 753 3162 locis,
769 3099 859 3165 quas
873 3081 997 3162 logias
1018 3082 1210 3162 vocabant,
1231 3091 1267 3147 et
1288 3082 1357 3164 ipsi
1377 3080 1588 3147 ludis'vaca·

357 3188 456 3268 bant;
472 3187 627 3269 experiri
640 3189 830 3254 voluerunt
844 3189 880 3253 hi
894 3189 1020 3255 Patres
1034 3205 1080 3254 an
1094 3199 1130 3255 et
1144 3190 1196 3254 illi
1215 3191 1262 3256 ab
1282 3187 1485 3271 hujusmodi
1499 3189 1588 3253 vitio

359 3304 506 3377 possent
525 3297 700 3378 revocari;
725 3305 759 3360 et
779 3298 945 3379 quamvis
963 3297 1103 3362 difficile
1116 3299 1223 3362 initio
1243 3297 1437 3376 videretur,
1457 3295 1525 3361 Dei
1538 3305 1587 3360 tae

357 3420 440 3468 men
454 3402 575 3484 gratia
590 3401 795 3483 adiuvante,
810 3403 967 3469 fructum
982 3405 1135 3488 aliquem
1145 3423 1242 3470 suae
1251 3405 1456 3485 diligentiae
1470 3413 1505 3469 et
1519 3404 1589 3486 pie·

358 3511 445 3576 tatis
474 3509 588 3575 nostri
615 3512 856 3592 reportabant;
886 3511 995 3594 aliqui
1022 3514 1117 3578 enim
1143 3504 1188 3578 ex
1217 3511 1418 3594 hujusmodi
1453 3511 1589 3578 civibus

358 3617 481 3683 ludum
495 3617 753 3699 relinquebant,
771 3619 831 3684 alii
850 3618 1000 3684 libenter
1018 3620 1167 3686 verbum
1188 3619 1268 3701 Dei,
1291 3619 1386 3703 quod
1405 3609 1589 3686 eisdem'in

360 3723 448 3790 locis
468 3743 490 3790 a
509 3725 640 3791 nostris
659 3727 932 3808 proponebatur,
952 3727 1154 3804 audiebant;
1175 3737 1211 3794 et
1232 3728 1322 3793 haec
1341 3730 1431 3794 cura
1455 3718 1589 3793 nostro·

363 3849 443 3899 runt
457 3833 503 3897 ab
517 3831 678 3898 omnibus
690 3849 906 3915 magnopere
920 3836 1148 3916 probabatur,
1164 3846 1200 3902 et
1211 3836 1434 3919 potissimum
1449 3837 1493 3901 ab
1510 3837 1587 3918 ipso

360 3939 461 4006 Duce
475 3949 510 4005 et
525 3948 600 4006 tota
614 3941 700 4005 urbe
714 3939 889 4023 frequenti
902 3959 1065 4008 sermone
1079 3943 1116 4008 id
1131 3944 1460 4010 circumferebatur.
1518 3936 1522 3940 ’

422 4046 496 4112 618.
538 4047 577 4112 Iu
592 4047 819 4130 hospitalium
833 4051 1114 4116 consolationem
1125 4059 1160 4116 et
1171 4042 1591 4137 infirmorum'spirituale

367 4155 538 4220 auxilium
551 4164 586 4220 et
600 4155 864 4221 exhortationes
883 4165 919 4221 et
939 4155 1129 4224 familiaria
1148 4160 1325 4242 colloquia
1345 4159 1477 4226 utiliter
1492 4178 1514 4226 a
1528 4176 1590 4225 no·

369 4263 454 4327 stris
468 4261 701 4329 habebantur.

426 4369 497 4435 619.
540 4369 630 4435 Cum
644 4380 763 4438 autem
777 4381 901 4453 portus
921 4373 979 4438 ille
999 4374 1250 4440 celeberrimus
1270 4376 1328 4453 sit,
1348 4375 1532 4459 facilisque
1555 4377 1592 4442 in

363 4477 576 4564 Hispaniam
591 4479 771 4560 transitus,
788 4481 888 4548 multi
902 4481 1056 4564 quotidie
1072 4484 1214 4566 hispani
1225 4483 1271 4550 ad
1284 4484 1483 4581 Collegium
1493 4478 1591 4552 acc'e·

364 4587 506 4672 debant,
533 4587 569 4656 iu
594 4587 700 4658 rebus
723 4588 975 4676 spiritualibus,
999 4599 1036 4660 ot
1061 4592 1237 4662 interdum
1267 4593 1303 4662 iu
1331 4593 1401 4678 his,
1431 4610 1522 4681 quoe
1544 4593 1591 4662 ad
