3642 5350
344 427 400 488 tao
810 426 938 489 Cueor.
958 426 1036 488 Soc.
1056 428 1127 502 Jus.

344 590 465 636 merae
477 581 727 653 computorum
740 572 866 637 suisset
880 582 1136 652 computatum,
1154 590 1227 637 non
1242 573 1435 655 acquievit;
1459 583 1496 637 et
1512 583 1582 638 ter·

343 679 394 744 tio
409 680 455 744 ad
466 678 602 760 Regem
615 680 682 744 suit
696 679 916 744 redeundum
930 697 995 761 per
1004 679 1199 744 Dominum
1210 674 1254 745 d'c
1264 680 1397 761 Monte,
1412 682 1469 744 cui
1480 699 1582 763 prae·

343 786 438 867 cepit
470 786 569 867 Rex,
603 796 643 851 ut
670 788 820 868 ipsemet
847 788 1009 866 veniret,
1039 805 1083 850 ac
1112 788 1212 868 regio
1240 788 1385 852 nomine
1413 805 1582 853 camerae

344 892 561 974 significavit
585 895 680 959 hanc
699 912 779 957 esse
797 895 1020 959 voluntatem
1039 894 1166 975 Regis
1188 904 1227 958 ut
1250 896 1499 959 restitueretur
1517 894 1583 959 So·

344 1002 465 1065 cietati
478 1000 616 1081 justitia
631 1002 707 1065 sive
719 1000 919 1082 jurisdictio
934 1001 1131 1082 praedicta,
1146 1010 1215 1065 etc.
1630 1000 1637 1010 '

397 1108 495 1175 Ι2093.
538 1108 732 1190 Postquam
746 1119 865 1173 autem
880 1109 1024 1173 omnino
1039 1109 1150 1172 libera
1164 1110 1225 1173 illa
1245 1110 1383 1187 fuisset,
1404 1120 1440 1173 et
1461 1108 1580 1173 Socie-

342 1217 409 1279 tati
423 1216 568 1295 tradita,
584 1227 629 1294 et,
648 1226 685 1280 ut
699 1216 769 1295 ipsi
785 1225 928 1295 vocant,
945 1216 1128 1295 amortita3
1144 1224 1230 1279 tunc
1244 1217 1288 1280 de
1304 1219 1583 1281 commutatione

344 1340 427 1387 cum
443 1323 652 1404 episcopatu
668 1325 937 1388 claremontano
951 1323 1131 1402 agendum
1146 1333 1240 1403 erat,
1262 1323 1364 1404 cujus
1384 1332 1462 1387 erat
1477 1340 1581 1404 prae-

343 1430 439 1493 dicta
453 1429 578 1494 domus
593 1429 811 1510 parisiensis;
828 1439 863 1493 et
877 1448 921 1494 ea
934 1447 1020 1511 pars
1034 1428 1235 1510 hujusmodi
1250 1431 1426 1494 bonorum
1446 1432 1484 1494 in
1504 1429 1583 1509 ejus

342 1538 639 1617 permutationem
655 1537 772 1601 danda
787 1546 876 1617 erat,
893 1537 938 1601 de
952 1554 1022 1618 qua
1036 1539 1289 1601 convenissent
1299 1537 1403 1619 juxta
1415 1539 1579 1602 aestima·

344 1644 477 1708 tionem
493 1646 700 1725 peritorum.

403 1750 494 1814 2094.
543 1752 609 1815 l7.²
623 1751 840 1833 Septembris
863 1751 977 1815 bonus
997 1750 1187 1816 Societatis
1206 1753 1355 1831 amicus,
1371 1762 1408 1816 et
1426 1753 1583 1833 insignis

344 1858 477 1939 pietate
498 1876 542 1922 ac
563 1858 728 1923 doctrina
752 1858 997 1938 concionator,
1017 1857 1081 1921 Dr.
1100 1858 1310 1938 Picumnus,
1331 1860 1378 1923 ad
1396 1860 1581 1923 meliorem

344 1967 457 2028 vitam
471 1964 618 2028 Parisiis
632 1965 802 2045 migravit
817 1963 839 2044 ¹3
855 1974 889 2028 et
904 1982 987 2028 cum
1000 1967 1107 2046 paulo
1119 1975 1199 2047 post
1214 1974 1383 2046 ageretur
1397 1967 1441 2030 de
1454 1974 1578 2030 ventu·

343 2072 395 2135 ris
420 2073 466 2136 ad
492 2071 814 2151 Congregationem
839 2082 1000 2136 nostram
1020 2075 1237 2153 generalem,
1254 2072 1293 2136 P.
1308 2072 1526 2137 Paschasius
1539 2090 1581 2136 sc

343 2178 544 2243 accinctum
559 2179 605 2243 ad
620 2180 686 2243 iter
701 2180 882 2259 offerebat;
898 2180 961 2243 sed
975 2198 1047 2244 non
1061 2180 1130 2243 boc
1146 2198 1239 2244 anno
1254 2180 1388 2244 factum
1409 2181 1581 2261 oportuit,

343 2294 378 2349 et
392 2286 534 2349 interim
549 2303 607 2349 res
626 2285 775 2366 Collegii
794 2286 1042 2367 Bigliomensis
1062 2304 1172 2367 opera
1186 2286 1224 2350 P.
1245 2287 1430 2366 Baptistae
1450 2286 1582 2351 Violae

344 2392 469 2456 melius
484 2394 653 2457 constitui
667 2404 843 2474 poterant,
860 2394 920 2475 qui
934 2395 1032 2458 solus
1047 2394 1083 2456 in
1098 2392 1215 2458 Gallia
1230 2411 1312 2457 cum
1325 2394 1363 2458 P.
1380 2392 1579 2458 Paschasio

342 2500 480 2579 venire,
497 2509 535 2563 ut
550 2500 746 2581 professus,
762 2509 913 2582 poterat.

402 2606 494 2671 2095.
538 2607 692 2671 Tantum
726 2617 847 2671 autem
878 2606 1137 2672 aedificationis
1168 2607 1345 2690 Episcopo
1379 2607 1580 2687 Collegium

343 2715 429 2780 illud
440 2717 657 2796 praestabat,
672 2725 710 2780 ut
722 2716 892 2779 scriberet
903 2715 960 2779 ille
972 2715 1011 2778 P.
1023 2714 1230 2794 Paschasio,
1243 2732 1283 2779 se
1291 2715 1366 2797 jam
1377 2717 1497 2795 reipsa
1508 2715 1578 2778 sru-

342 2831 439 2887 ctum
464 2823 563 2886 illum
587 2832 622 2886 et
648 2822 930 2886 aedificationem
954 2822 1003 2886 ibi
1028 2823 1194 2903 experiri,
1215 2822 1260 2886 de
1285 2841 1353 2904 quo
1380 2825 1425 2886 ab
1450 2822 1581 2886 eodem

341 2929 380 2993 P.
397 2929 592 2992 Paschasio
608 2938 690 2993 ante
705 2938 910 2993 nostrorum
926 2929 1119 2993 adventum
1133 2931 1243 2993 multa
1259 2930 1440 3010 audierat;
1456 2939 1492 2992 et
1504 2927 1578 3008 iam

341 3053 380 3116 P.
413 3054 541 3118 Violae
568 3045 623 3158 -Ξ-
650 3055 856 3119 francorum
884 3055 931 3118 ad
960 3053 1241 3119 aedificationem
1269 3053 1418 3134 Collegii
1451 3055 1583 3134 promi-

342 3197 455 3252 serat.

345 3285 346 3290 ’
401 3295 494 3360 2096.
537 3297 619 3361 Fuit
634 3301 741 3363 etiam
763 3299 832 3362 boc
853 3309 1023 3362 autumno
1042 3297 1170 3362 litteris
1189 3297 1228 3360 P.
1250 3296 1436 3360 Paschasii
1449 3297 1580 3359 intelle·

341 3412 438 3466 ctum
462 3415 621 3484 nostrOS,
647 3405 707 3486 qui
733 3405 887 3469 Tomaci
912 3407 1168 3484 versabantur,
1195 3421 1266 3467 uno
1292 3414 1455 3483 excepto,
1479 3413 1583 3483 peste

341 3510 502 3591 periisse,
518 3530 625 3592 quam
639 3513 828 3576 visitandis
847 3522 883 3576 et
902 3512 1129 3577 consolandis
1151 3512 1219 3590 eis,
1243 3512 1303 3591 qui
1323 3519 1422 3590 peste
1441 3509 1580 3573 labora-

341 3617 439 3698 bant,
456 3635 520 3698 per
535 3618 780 3683 consessiones
790 3631 826 3684 et
841 3620 912 3682 alia
923 3618 1066 3700 pietatis
1077 3617 1274 3682 ministeria
1286 3617 1469 3680 consecuti
1481 3626 1580 3694 sunt,

340 3742 386 3788 ne
401 3743 463 3788 eos
479 3727 695 3805 desererent,
713 3728 774 3808 qui
788 3728 834 3790 ab
849 3727 930 3791 aliis
944 3726 1076 3790 deserti
1095 3734 1197 3788 erant
1211 3723 1235 3787 ⁸.

401 3833 447 3896 Et
475 3833 563 3898 haec
592 3835 636 3898 de
665 3833 824 3915 Collegio
853 3833 1064 3912 Parisiensi,
1090 3850 1134 3897 ac
1163 3834 1241 3913 ipso
1267 3829 1484 3895 Provinciali
1508 3831 1580 3894 sint

341 3939 449 4002 dicta.
464 3939 545 4022 Jam
559 3941 603 4005 de
618 3941 848 4022 Bigliomensi
862 3940 1038 4022 quaedam
1053 3956 1214 4003 seorsum
1230 3938 1380 4002 dicenda
1395 3947 1489 4001 sunt.

382 4181 391 4214 ¹
420 4181 503 4236 Saepe
514 4183 545 4226 de
555 4184 661 4228 doctore
677 4183 820 4228 Franclsco
836 4184 956 4237 Picardo,
968 4182 1108 4227 Societatis
1123 4180 1209 4225 emico
1218 4186 1245 4225 et
1255 4188 1374 4236 petrono,
1394 4181 1492 4226 dictum
1502 4186 1543 4224 eet
1554 4180 1582 4224 ln

341 4253 439 4296 nostris
449 4253 625 4299 Mortuuasrre.
636 4255 711 4306 Vide,
725 4263 754 4300 ut
769 4257 823 4299 ella
839 4255 990 4298 omittamus
1004 4255 1070 4305 loca,
1085 4251 1226 4307 Epistulae
1236 4251 1349 4306 Mixtae,
1359 4259 1378 4296 t.
1392 4263 1411 4307 r,
1426 4263 1487 4307 pag.
1498 4251 1534 4307 64,
1543 4251 1583 4304 69,

339 4323 388 4375 58&
400 4332 426 4368 et
436 4335 525 4380 supra,
541 4333 561 4370 t.
573 4339 600 4380 v,
610 4337 672 4382 pag.
681 4326 730 4378 335,
741 4339 766 4370 n.
779 4327 827 4379 89⁸,
838 4326 886 4380 899,
898 4333 989 4370 annot.
1001 4327 1021 4370 l.

382 4397 393 4427 ¹
421 4395 537 4442 Narrate
548 4399 677 4443 sociorum
688 4398 783 4443 funere
793 4399 873 4442 hebes
882 4409 971 4452 snpra,
979 4409 1003 4441 n.
1013 4396 1141 4441 tuti-tota
