3642 5350
772 426 837 489 Art.
857 426 929 490 1555
1412 425 1468 489 829

233 573 427 659 postulavit
454 590 493 639 se
517 571 668 641 admitti.
694 572 774 639 Non
802 582 880 639 erat
905 576 943 639 in
970 573 1130 657 Collegio
1154 573 1201 641 Ρ..
1219 574 1399 640 Antonius
1423 575 1468 639 de

234 681 417 764 Quadros,
439 681 574 747 electus
594 678 830 747 Provincialis
849 681 965 763 primo
986 681 1045 747 die
1058 679 1165 762 hujus
1183 681 1283 758 anni,
1298 694 1339 746 ut
1355 681 1393 747 in
1413 698 1468 747 sn·

236 788 434 871 perioribus
448 788 580 854 dictum
595 796 649 855 est
664 788 687 869 ’ς
701 805 786 853 nam
806 802 974 868 egressus
986 788 1105 854 iuerat
1119 804 1182 870 per
1198 787 1345 853 fluvium
1358 788 1397 855 in
1410 806 1468 853 oc·

237 912 382 962 cursum
394 904 608 977 nostrorum,
624 914 671 962 ex
684 893 904 977 Portugallia
919 894 1154 976 venientium
1174 904 1212 960 et
1225 894 1276 959 ita
1288 894 1466 961 admissus

235 1002 317 1084 suit,
333 1015 372 1068 ut
390 1002 534 1068 nuntius
548 1002 674 1067 domus
688 1000 749 1067 §.²¹
767 1000 880 1066 Rochi
898 998 1200 1083 Ulyssiponensis.
1222 999 1366 1083 Postea,
1383 1018 1465 1068 cum

235 1110 447 1177 auctoritate
459 1108 498 1175 P.
514 1108 644 1191 Ignatii
659 1107 709 1192 [P.
724 1108 930 1175 Gonzalvus
944 1108 989 1175 de
1003 1106 1181 1191 Sylveira]
1203 1109 1241 1173 in
1260 1107 1468 1175 Provincia·

235 1220 305 1284 lem
318 1218 439 1284 Indiae
453 1218 583 1284 missus
598 1225 703 1295 esset,
720 1215 759 1282 Ρ.
774 1216 923 1282 Antonii
937 1215 981 1282 de
995 1215 1161 1298 Quadros
1175 1214 1329 1281 officium
1347 1216 1385 1281 in
1406 1216 1466 1283 ad·

234 1323 468 1391 ministranda
481 1322 672 1389 Provincia
695 1323 867 1404 cessavit,
883 1339 966 1389 cum
979 1324 1085 1405 paulo
1106 1325 1259 1407 amplius
1279 1340 1388 1406 quam
1401 1342 1467 1390 sex

234 1450 374 1499 menses
389 1433 522 1497 electus
536 1450 557 1497 a
570 1431 857 1513 congregatione
867 1430 1082 1512 provinciali
1092 1430 1177 1496 illud
1188 1432 1370 1513 gessisset
1381 1449 1466 1498 nam

234 1550 372 1607 tantum
387 1557 497 1622 usque
509 1540 555 1605 ad
565 1556 700 1604 novum
709 1538 982 1621 Provincialem,
997 1537 1198 1605 aGenerali
1208 1538 1366 1620 missum,
1379 1540 1465 1605 illud

235 1648 398 1729 officium,
412 1646 635 1713 aProvincia
647 1656 845 1729 acceptum,
862 1647 1076 1726 continuari,
1088 1644 1191 1727 juxta
1201 1647 1357 1712 Litteras
1370 1646 1464 1729 Apo·

235 1756 381 1822 stolicas
395 1764 431 1821 et
445 1754 723 1821 Constitutiones
737 1764 891 1834 nostras,
904 1754 1026 1819 debuit
1040 1752 1064 1818 ¹.

295 1861 388 1929 3550.
431 1860 520 1929 Cum
534 1862 705 1927 inviseret
718 1860 839 1927 Indiae
853 1860 1137 1927 Gubernatorem
1150 1859 1182 1942 ⁸,
1198 1861 1297 1928 Goae
1311 1861 1466 1928 residen-

240 1980 324 2052 tem,
339 1970 440 2053 regio
455 1968 560 2036 modo
575 1978 610 2035 et
625 1976 786 2034 amanter
800 1969 844 2033 ab
859 1985 901 2033 eo
917 1978 1087 2051 acceptus
1100 1982 1170 2050 est;
1186 1978 1317 2035 etcum
1336 1969 1466 2035 milites

237 2078 563 2144 animadverterent
590 2076 684 2159 quod
715 2076 810 2157 apud
839 2076 1061 2158 praedictum
1089 2075 1373 2143 Gubernatorem
1400 2094 1464 2142 seu

235 2185 443 2267 Pro-regem
457 2184 613 2267 gratiam
627 2193 662 2249 et
677 2184 926 2249 auctoritatem
937 2184 1095 2265 haberet,
1108 2184 1328 2266 supplicibus
1337 2184 1465 2249 libellis

234 2310 379 2359 suorum
392 2293 617 2374 negotiorum
629 2308 711 2356 eum
726 2290 939 2373 onerabant3
954 2299 990 2356 et
1008 2308 1051 2357 eo
1071 2291 1199 2373 officio,
1214 2309 1286 2373 quo
1300 2292 1415 2357 nostri
1428 2293 1466 2356 in

236 2397 457 2481 Portugallia
471 2398 615 2463 minime
625 2398 693 2463 sibi
707 2396 876 2463 utendum
887 2414 966 2463 esse
976 2396 1164 2479 ducebant,
1177 2398 1214 2464 in
1225 2397 1324 2463 India
1332 2407 1463 2477 tamen,

234 2518 380 2591 propter
397 2506 557 2587 regionis
579 2502 657 2586 ejus
681 2504 987 2586 consuetudinem,
1012 2521 1181 2571 recusare
1204 2506 1349 2571 minime
1368 2519 1464 2587 pote·

234 2624 327 2698 rant;
344 2624 378 2682 et
393 2631 465 2681 non
479 2613 610 2695 exigua
624 2612 706 2679 inde
720 2612 908 2680 commoda
923 2611 969 2679 ad
984 2612 1053 2679 Dei
1067 2612 1274 2696 obsequium
1291 2621 1326 2679 et
1340 2615 1463 2680 multo-

233 2742 312 2790 rum
328 2721 610 2789 aedificationem
623 2730 706 2786 sunt
720 2730 929 2799 consecuta;
945 2723 1079 2786 mrrltae
1092 2722 1188 2786 enim
1201 2722 1460 2803 eleemosynae,

234 2849 256 2896 a
271 2831 517 2896 Gubematore
531 2830 754 2912 impetratae,
770 2828 1012 2909 indigentibus
1025 2829 1233 2894 distributae
1247 2840 1341 2909 sunt,
1354 2847 1462 2912 paces

234 2939 368 3022 aliquot
390 2938 620 3019 conciliatae,
642 2937 724 3002 odia
743 2938 905 3020 antiqua,
927 2953 1019 3020 quae
1033 2939 1126 3002 altas
1144 2946 1293 3018 egerant
1307 2938 1459 3019 radices,

232 3047 401 3127 extincta;
415 3043 650 3129 quarumdam
663 3045 771 3111 etiam
780 3061 978 3127 poenarum
988 3042 1262 3127 infligendarum
1271 3046 1459 3127 relaxatio,

231 3171 323 3237 quae
348 3154 394 3220 ad
422 3152 623 3219 animarum
650 3153 801 3218 salutern
825 3163 1043 3219 momentum
1070 3152 1236 3218 habitura
1261 3153 1458 3233 videbatur,

231 3260 297 3327 suit
317 3261 472 3326 obtenta.

289 3368 382 3435 3551.
425 3366 579 3432 Demum
593 3366 835 3448 Gubernator,
856 3366 894 3431 P.
920 3365 1157 3434 Provincialis
1172 3385 1293 3450 opera,
1315 3369 1458 3452 multos,

230 3476 291 3558 qui
306 3475 342 3541 id
357 3474 596 3554 merebantur,
613 3471 768 3554 adjuvit,
784 3482 820 3538 et
840 3491 902 3538 eos
920 3473 1152 3540 beneficentia
1165 3487 1377 3558 prosecutus
1391 3489 1458 3543 est.

156 3595 164 3622 ⁸
230 3583 321 3649 Cum
335 3591 453 3648 autem
467 3581 696 3647 Gubernator
711 3580 921 3662 Bazainum,
937 3592 977 3646 ut
990 3583 1155 3665 superius
1169 3583 1339 3664 diximus,
1354 3586 1459 3667 profi·

230 3690 423 3756 cisceretur
437 3687 460 3771 ⁸,
476 3699 512 3754 et
526 3705 608 3754 eum
621 3687 856 3753 Provincialis
874 3689 1115 3770 comitaretur,
1131 3690 1169 3755 in
1185 3690 1260 3754 D.¹¹¹
1273 3690 1459 3761 Francisci

230 3797 486 3878 Mascaregnas
499 3795 624 3862 biremi
638 3803 775 3876 vectus,
792 3795 852 3877 qui
866 3795 1104 3862 amicissimus
1118 3805 1208 3879 erat,
1221 3799 1460 3880 quandocum-

230 3921 299 3988 que
321 3905 390 3987 ipsi
415 3903 603 3970 videbatur
618 3901 654 3967 in
674 3901 772 3968 littus
790 3903 1057 3987 egrediebatur,
1079 3913 1114 3970 et
1133 3907 1297 3987 quamvis
1317 3907 1461 3989 provin·

228 4013 306 4079 ciae
330 4028 584 4078 saracenorum
602 4019 739 4092 essent,
762 4010 954 4092 aliquando
973 4011 1010 4075 in
1034 4012 1087 4077 eis
1107 4013 1258 4078 verbum
1277 4012 1344 4080 Dei
1368 4015 1459 4081 cbri-

267 4181 276 4218 ¹
306 4181 398 4239 Supra,
411 4189 430 4228 t.
441 4195 468 4238 v,
477 4192 539 4238 paz.
548 4181 597 4234 666,
608 4191 633 4225 ιι.
647 4179 700 4226 1835
708 4187 735 4225 et
744 4179 868 4236 aeq-De
882 4192 914 4227 eo
929 4182 1012 4227 multa
1028 4193 1061 4228 ae
1076 4183 1218 4240 praeclara
1233 4184 1325 4229 aerlblt
1341 4183 1458 4231 Baaronr

224 4256 243 4302 l.
253 4267 286 4308 a,
294 4255 340 4304 llb.
350 4265 396 4310 vu,
405 4266 432 4299 ιι.
440 4254 463 4310 5,
472 4253 508 4308 46,
517 4252 555 4308 16,
563 4253 599 4299 17.

265 4329 277 4362 ¹
303 4327 371 4374 vlle
380 4337 468 4381 snpra,
480 4331 534 4381 tv,
543 4336 606 4382 pag.
614 4324 663 4383 665,
674 4337 698 4371 n.
710 4323 771 4381 md,
780 4325 825 4370 ubl
835 4325 919 4370 verba
933 4324 1009 4372 Pauli
1022 4325 1069 4383 111,
1083 4325 1173 4373 Ornat.
1186 4325 1267 4374 lucar
1281 4328 1407 4387 Damon,
1419 4341 1456 4375 xv

227 4395 285 4444 Kal.
297 4395 363 4442 Nor.
375 4395 435 4450 1519,
447 4395 599 4442 adunatur.

264 4469 277 4504 ⁸
303 4467 471 4514 Fraoelacum
487 4466 600 4513 Barreto
616 4466 647 4511 tle
663 4463 748 4521 lea,
765 4465 837 4522 cnjus
853 4465 968 4521 elotlnm
984 4468 1045 4514 vlrle
1064 4469 1132 4524 apud
1146 4469 1258 4528 Tanau,
1274 4471 1405 4518 chronna
1419 4473 1456 4517 aa

227 4541 393 4599 comportata
405 4542 438 4586 de
449 4539 522 4592 Im,
531 4551 556 4595 p.
566 4550 593 4590 rr.
603 4539 650 4583 llv.
660 4549 696 4593 ιν,
706 4549 764 4595 cap.
773 4537 809 4593 81,
820 4549 845 4583 n.
854 4538 876 4582 5.

266 4617 278 4649 ⁴
305 4613 432 4670 Supra,n.
444 4611 507 4657 6159.
519 4610 763 4666 valentemque
775 4611 871 4666 panim
886 4611 918 4656 ‹le
932 4609 1021 4656 Indiae
1034 4612 1215 4661 Gubematore
1230 4616 1301 4662 dicta
1315 4622 1384 4671 rant,
1398 4629 1456 4664 cum

226 4693 351 4745 ageretur
361 4697 394 4731 oa
406 4683 535 4731 Centauro
544 4683 655 4728 liuntur
665 4693 695 4728 rr
705 4681 807 4728 Tun.
