3642 5350
773 445 838 505 Au.
860 442 930 505 1556
1413 440 1468 507 719

294 586 385 656 3110.
429 590 580 673 Aliquae
592 608 638 656 ex
652 590 708 655 his
721 589 1019 671 processionibus,
1031 590 1166 655 nostris
1179 607 1252 654 non
1266 592 1464 673 praemoni-

235 695 299 777 tis,
329 696 374 762 ad
399 699 588 764 ecclesiam
615 708 775 764 nostram
799 704 992 776 venerunt,
1018 696 1082 762 sed
1110 707 1290 779 cumpost
1317 716 1466 765 coenam

235 802 349 884 prima
363 806 586 887 accessisset,
596 823 642 871 ex
651 810 810 887 tempore
821 803 966 887 quidam
977 821 1023 867 ex
1033 805 1165 869 nostris
1177 805 1211 869 ei
1222 806 1463 888 concionatus,

235 918 269 974 et
283 911 445 977 homines
458 931 531 978 non
544 931 673 995 parum
688 914 891 978 consolatus
907 920 972 976 est.

294 1016 385 1083 3111.
428 1019 513 1086 Post
527 1021 634 1100 illam,
651 1030 686 1084 et
700 1023 813 1085 altera
824 1019 933 1099 venit,
946 1028 981 1083 et
995 1019 1120 1084 eodem
1130 1020 1236 1085 modo
1247 1038 1311 1102 per
1321 1021 1463 1085 concio·

235 1142 315 1190 nem
326 1126 359 1190 ei
371 1136 424 1191 est
435 1126 774 1209 satisfactum;quod
786 1145 867 1193 cum
878 1127 986 1191 etiam
997 1126 1033 1191 in
1045 1126 1255 1209 aliispostea
1263 1128 1397 1194 factum
1408 1146 1461 1194 es·

233 1241 287 1296 set
298 1243 332 1297 et
343 1234 495 1315 populus
506 1234 718 1316 intelligeret
729 1234 824 1300 domi
835 1244 979 1299 nostrae
992 1234 1191 1298 orationem
1199 1234 1462 1318 fieri,quodque

232 1338 268 1402 in
283 1340 431 1419 singulis
446 1342 618 1407 classibus
633 1342 777 1407 litaniae
791 1342 947 1435 quotidie
962 1340 1187 1422 dicebantur,
1204 1350 1240 1406 et
1254 1342 1462 1423 collegiales

233 1446 457 1514 convictores
478 1466 563 1514 suas
581 1450 826 1531 processiones
846 1458 881 1513 et
900 1448 1107 1530 disciplinas
1123 1450 1231 1514 etiam
1247 1449 1283 1514 in
1303 1447 1463 1531 collegio

233 1552 402 1637 facerent,
419 1556 581 1639 quodque
597 1557 705 1639 aliqui
719 1574 765 1622 ex
779 1556 1071 1639 praeceptoribus
1090 1573 1171 1621 cum
1188 1557 1264 1621 suis
1278 1556 1462 1639 discipulis

232 1661 268 1725 in
278 1663 543 1743 processionem
550 1681 615 1746 per
626 1665 807 1729 civitatem
819 1664 956 1745 egressi
967 1664 1127 1744 fuissent;
1137 1666 1293 1727 contenti
1304 1664 1459 1741 fuerunt,

232 1778 268 1832 et
282 1769 458 1835 aedificati
470 1780 505 1836 et
519 1771 603 1836 boni
617 1773 871 1837 consuluerunt
886 1770 980 1852 quod
1000 1772 1113 1835 nostri
1128 1771 1305 1852 publicam
1319 1788 1461 1853 proces·

234 1877 379 1957 sionem,
397 1878 443 1942 ad
457 1879 608 1943 aliorum
623 1877 786 1944 ordinum
802 1878 1078 1959 similitudinem,
1095 1896 1166 1942 non
1181 1878 1360 1944 fecissent.

292 1983 383 2049 3112.
427 1985 529 2050 Multi
543 1988 667 2068 primis
683 1987 861 2051 mensibus
880 1984 985 2065 hujus
1005 1985 1089 2050 anni
1108 1985 1145 2049 in
1160 1983 1376 2051 Societatem
1396 1986 1459 2052 Co·

233 2091 427 2158 nimbricae
443 2093 591 2159 admissi
604 2094 761 2171 fuerunt;
778 2094 909 2175 partim
924 2093 1138 2175 Ulyssipone
1158 2102 1193 2158 et
1211 2092 1331 2158 Ebora
1350 2094 1461 2174 missi,

232 2200 362 2280 partim
377 2197 625 2270 Conimbricae
643 2202 735 2266 inter
756 2202 793 2266 id
812 2201 1033 2281 postulantes
1052 2200 1155 2265 electi
1177 2199 1199 2264 ¹.
1219 2200 1320 2265 Unus
1338 2218 1462 2266 eorum

232 2306 475 2389 philosophiae
487 2325 631 2373 cursum
642 2308 847 2374 confecerat
857 2317 892 2372 et
903 2310 997 2373 inter
1010 2307 1290 2390 praestantiores
1304 2306 1463 2390 ejusdem

233 2414 385 2495 habituS,
408 2415 454 2479 ad
472 2415 623 2497 gradum
643 2426 826 2499 promotus
844 2416 977 2495 fuerat,
998 2425 1034 2479 et
1053 2415 1112 2479 hic
1131 2421 1208 2478 erat
1224 2432 1269 2479 ex
1283 2414 1462 2480 convicto

231 2520 341 2601 ribus;
359 2532 393 2587 et
408 2541 453 2587 ex
467 2523 600 2589 eisdem
616 2525 704 2589 alter
719 2524 826 2589 etiam
845 2522 1078 2605 philosophus
1093 2521 1271 2587 admissus
1287 2532 1352 2603 est;
1368 2539 1460 2587 unus

232 2646 280 2696 en
291 2628 470 2711 admissis,
486 2650 507 2696 a
522 2639 661 2713 patruo,
679 2630 813 2697 ordinis
828 2630 887 2696 Sul
904 2629 1084 2696 Dominici
1098 2629 1266 2710 religioso
1281 2639 1316 2695 et
1332 2630 1462 2695 theolo

231 2737 314 2818 gine
328 2736 538 2819 professore,
556 2739 592 2803 in
607 2738 734 2803 studiis
749 2739 909 2803 alebatur
928 2749 964 2802 et
977 2737 1176 2802 rhetoricae
1199 2735 1381 2819 studebat;
1398 2739 1461 2802 sed

231 2853 380 2926 patruus
393 2845 542 2911 libenter
556 2845 763 2912 facultatem
782 2846 971 2925 concessit,
987 2846 1094 2910 immo
1113 2854 1149 2909 et
1167 2819 1377 2910 exhortatus
1392 2856 1458 2927 est,

232 2962 271 3016 ut
284 2951 497 3022 Societatem
512 2952 770 3034 ingrederetur,
788 2953 955 3034 adquam
978 2969 1175 3034 propensus
1190 2962 1279 3032 erat,
1295 2953 1461 3035 quamvis

232 3057 388 3141 eiusdem
413 3061 548 3126 ordinis
572 3061 730 3140 religiosi
751 3061 901 3125 libenter
920 3077 1000 3125 eum
1023 3060 1060 3124 in
1082 3077 1185 3126 suum
1205 3061 1460 3126 monasterium

232 3167 472 3249 excepissent,
494 3168 601 3232 immo
627 3177 661 3231 et
685 3167 721 3231 id
742 3176 918 3249 optarent.
946 3167 1002 3232 Ex
1026 3167 1145 3231 vicina
1169 3167 1277 3231 etiam
1301 3168 1458 3247 civitate,

231 3291 322 3355 quae
345 3273 472 3338 Portus
492 3275 636 3356 dicitur,
658 3276 715 3339 vir
735 3274 890 3355 quidam,
912 3291 984 3338 non
1003 3275 1146 3355 vulgari
1170 3270 1183 3302 ²
1206 3275 1339 3340 virtute
1359 3293 1458 3358 prae·

231 3379 335 3460 ditus,
347 3380 458 3446 filium
470 3398 572 3446 suum
584 3381 729 3446 unicum
739 3380 785 3445 ad
796 3380 1012 3446 Societatem
1024 3380 1285 3446 Conimbricam
1297 3381 1457 3461 adduxit,

231 3505 296 3552 nec
311 3497 499 3570 expectare
519 3489 646 3569 voluit,
669 3497 707 3553 ut
726 3489 995 3570 quatuordecim
1014 3505 1128 3553 annos
1142 3488 1353 3569 compleret,
1375 3505 1457 3553 cum

232 3593 337 3661 domo
361 3612 529 3677 egressus
553 3605 618 3660 est.
645 3595 718 3659 Alii
743 3595 845 3660 multi
869 3604 905 3659 et
929 3595 1071 3676 quidem
1090 3596 1290 3675 pernobiles
1316 3612 1399 3661 cum
1423 3596 1459 3660 id

231 3702 347 3782 ipsum
360 3711 531 3785 peterent,
548 3703 641 3784 quod
653 3703 859 3767 facultatem
871 3720 892 3767 a
904 3704 978 3767 suis
990 3703 1195 3784 parentibus
1205 3719 1277 3767 non
1289 3703 1458 3768 obtinuis-

231 3819 325 3890 sent,
341 3811 487 3875 admissi
501 3827 573 3874 non
592 3819 684 3874 sunt.
707 3808 746 3874 in
766 3826 960 3891 progressu
982 3818 1100 3874 autem
1115 3810 1199 3874 anni
1221 3810 1331 3892 aliqui
1350 3810 1458 3875 etiam

231 3917 290 3980 alii
315 3917 456 3982 fuerunt
480 3917 642 3997 admissi;
668 3917 729 3999 qui
754 3927 874 3981 autem
898 3934 979 3981 cum
1002 3914 1041 3982 Ρ.
1067 3916 1251 3982 Ludovico
1279 3915 1458 3982 Gonzalez

229 4021 379 4088 Romam
403 4025 502 4090 missi
526 4025 681 4104 fuerant,
708 4043 775 4090 sua
799 4025 1000 4089 obedientia
1025 4035 1060 4088 et
1089 4024 1360 4089 mansuetudine
1386 4042 1458 4088 non

229 4148 356 4212 parum
382 4131 637 4197 aedificationis
666 4133 815 4211 nostris,
846 4132 906 4213 qui
932 4130 1179 4196 Conimbricae
1208 4131 1458 4212 versabantur,

229 4241 478 4321 praebuerant.

231 4403 442 4415 -ιι--ιι-

272 4481 281 4514 ¹
309 4481 370 4527 “His
381 4487 492 4538 quatuor
504 4481 633 4526 mensibus
644 4481 755 4536 ingressi
765 4487 826 4526 eunt
836 4483 959 4536 permulti
970 4483 995 4526 in
1004 4481 1171 4538 Societatem,
1182 4493 1291 4538 quornm
1301 4483 1382 4538 ellqul
1392 4483 1461 4529 Ebo-

230 4567 261 4602 ra
270 4563 296 4600 et
308 4554 477 4613 Olysslppone
488 4564 504 4599 a
515 4553 673 4599 Proviuclelf
685 4553 835 4599 missisunt.
846 4553 887 4600 Ex
896 4555 944 4599 hoc
953 4561 1043 4600 nostro
1051 4555 1170 4610 collegio
1178 4555 1402 4611 [conimbricenel]
1410 4555 1460 4602 duo

236 4628 336 4683 recepti
346 4633 447 4682 tantm„
457 4625 579 4670 Litterae
588 4625 819 4679 Quadrimestres,
828 4631 846 4670 t.
855 4637 892 4681 rv,
902 4638 955 4682 pap
963 4627 1012 4683 217,
1023 4633 1050 4672 et
1059 4627 1108 4671 212.

274 4699 285 4734 ¹
313 4698 359 4745 lie.
370 4709 422 4744 non
433 4709 507 4744 rora.
518 4697 586 4742 Vide
596 4696 718 4743 Litterae
727 4697 959 4753 Quadrimestm,
970 4705 989 4743 t.
999 4710 1036 4755 ιν,
1046 4711 1107 4757 per.
1116 4699 1165 4758 217,
1174 4699 1222 4746 2111.
