3642 5350
337 430 393 491 422
797 434 925 494 Cuaou.
946 433 1023 493 Soc.
1044 436 1113 509 Jus.

402 574 489 641 1814.
533 578 572 641 P.
596 579 753 661 Joannes
774 580 915 658 Rezius,
935 593 1202 662 praeterquam
1224 580 1320 660 quod
1338 578 1470 643 Rector
1493 577 1573 642 sive

339 682 491 765 Regens,
510 696 546 748 ut
560 686 628 766 ipsi
644 685 782 766 dieunt,
800 686 949 766 Collegii
964 687 1072 750 trium
1087 687 1309 752 Coronarum
1324 686 1369 749 ab
1389 684 1576 749 Universi-'

341 798 413 853 tate
424 790 540 854 fuerat
552 792 696 871 electuS,
710 792 944 872 Evangelium
956 792 1012 857 gn
1031 793 1200 858 Matthaei
1212 794 1567 874 explicaturuserat⁸.

340 896 445 960 Pater
468 909 587 962 autem
608 896 794 974 Costerus',
816 916 897 963 cum
920 899 1058 963 duobus
1080 900 1272 981 praedictis
1299 900 1335 963 in
1361 898 1571 961 bacchaiau·

340 1020 439 1070 reum
454 1016 648 1085 promotus,
665 1004 832 1070 Genesim
847 1008 884 1070 in
903 1008 1035 1070 scholis
1054 1007 1302 1087 theologorum
1320 1013 1398 1069 erat
1416 1007 1567 1085 explica·

340 1120 451 1189 turuS,
468 1122 503 1174 et
517 1111 597 1175 ideo
617 1114 819 1193 praedictos
841 1112 1082 1177 Theodoricos
1104 1115 1150 1178 ad
1169 1130 1294 1177 cursus
1313 1113 1575 1194 philosophiae,

340 1218 466 1297 quibus
486 1218 554 1298 ipsi
574 1236 706 1282 vacare
727 1236 800 1283 non
824 1230 999 1300 poterant,
1023 1220 1250 1301 expetebant3
1274 1232 1309 1283 et
1328 1220 1467 1283 interim
1486 1218 1572 1282 dum

338 1325 407 1404 ipsi
422 1326 596 1403 venirent,
614 1327 751 1390 externi
773 1326 1004 1407 professores,
1025 1330 1086 1407 qui
1107 1327 1355 1409 profiterentur
1369 1326 1574 1406 praedictas

339 1432 509 1495 lectiones
524 1450 648 1496 cursus
664 1432 909 1513 philosophici,
925 1434 1124 1498 conducere
1143 1434 1340 1514 oportebat.
1363 1432 1433 1496 illis
1453 1443 1571 1499 autem

341 1538 626 1614 advenientibus,
640 1540 742 1620 juxta
768 1558 904 1603 morem
925 1558 1112 1605 romanum
1133 1541 1249 1604 studia
1264 1539 1479 1604 instituenda
1494 1555 1574 1601 esse

342 1644 511 1710 Coloniae
526 1647 563 1711 P.
588 1647 757 1711 Costerus
780 1647 989 1722 affirmabat,
1006 1664 1041 1711 et
1060 1650 1197 1729 aliquos
1211 1648 1374 1726 dialogos
1389 1645 1425 1708 Ρ.
1442 1644 1571 1723 Frusii,

342 1768 430 1831 quos
446 1752 594 1816 studiosi
609 1755 830 1817 colonienses
846 1755 985 1834 publice
1000 1755 1218 1831 exhiberent,
1235 1753 1448 1834 postulabat.

404 1858 491 1922 1815.
534 1859 657 1923 Novus
684 1860 986 1943 Archiepiscopus
1018 1861 1219 1940 Coloniae,
1241 1860 1416 1924 demortui
1446 1858 1572 1935 frater,

341 1968 474 2030 electus
489 1977 542 2030 est
558 1971 579 2046 ¹,
596 1978 630 2030 et
647 1969 681 2029 in
701 1966 974 2047 Sullraganeum
995 1969 1179 2048 eligendus
1198 1968 1383 2032 dicebatur
1396 1966 1461 2030 Dr.
1482 1965 1570 2029 Eve-

340 2073 469 2135 rardus
493 2072 675 2152 Bilichius,
699 2073 935 2139 Provincialis
957 2075 1241 2155 Carmelitarum,
1264 2076 1424 2155 quicum
1449 2072 1574 2136 Priore

340 2179 553 2242 Carthusiae
577 2191 611 2243 et
636 2179 719 2244 Dte
745 2181 932 2263 Groppero
956 2181 1193 2263 patrocinium
1212 2193 1414 2245 nostrorum
1439 2196 1573 2259 magno

340 2302 422 2349 cum
436 2285 566 2350 affectu
581 2286 765 2351 charitatis
778 2290 926 2369 gerebat
940 2287 963 2348 ⁸.

404 2389 490 2455 1816.
534 2392 736 2474 Antequam
752 2396 923 2459 lectiones
937 2407 972 2460 et
987 2398 1177 2461 conciones
1191 2396 1417 2477 germanicas
1428 2394 1466 2457 P.
1479 2394 1572 2457 Hen-

340 2500 435 2562 ricus
461 2500 655 2579 inchoaret,
683 2500 946 2583 Noviomagum
972 2522 993 2567 a
1019 2503 1057 2568 P.
1089 2503 1277 2568 Leonardo
1299 2502 1427 2566 missus
1447 2510 1512 2581 est,
1532 2511 1572 2569 ut

339 2608 531 2671 multorum
546 2608 613 2688 piis
628 2608 815 2673 desideriis
830 2610 1067 2676 satisfaceret.

399 2714 530 2779 Fuerat
544 2715 586 2793 is,
609 2725 646 2778 ut
662 2717 824 2796 superius
840 2717 996 2782 diximus
1010 2717 1038 2797 ⁴,
1060 2719 1256 2782 canonicus
1270 2716 1572 2796 noviomagensis;

340 2836 404 2883 sex
421 2832 480 2884 aut
505 2831 640 2902 septem
654 2822 690 2885 in
706 2829 843 2887 summo
862 2826 994 2906 templo
1015 2827 1205 2889 conciones
1224 2810 1346 2888 habuit
1366 2839 1447 2886 cum
1462 2823 1570 2885 maxi-

340 2943 399 2990 ma
413 2927 595 2992 hominum
616 2929 816 3010 frequentia
837 2940 872 2994 et
893 2931 1066 3012 singulari
1085 2932 1218 3011 sructu3
1235 2943 1270 2995 et
1290 2947 1396 3011 quam
1410 2930 1504 2992 bono
1517 2945 1573 2994 εει

340 3045 418 3096 seut
434 3050 520 3113 erga
534 3033 748 3100 Societatem
770 3037 889 3100 animo
903 3039 1213 3118 noviomagenses
1234 3036 1476 3101 ostenderunt.

404 3137 492 3203 1817.
535 3140 657 3204 Mense
687 3151 805 3206 autem
831 3143 1036 3224 Decembri,
1063 3156 1251 3226 postquam
1277 3143 1449 3206 lectiones
1476 3140 1571 3211 idem

339 3243 515 3310 Henricus
529 3248 773 3328 inchoaverat,
787 3268 867 3314 cum
882 3269 1079 3332 suspensae
1089 3253 1259 3316 lectiones
1270 3259 1388 3340 essent
1400 3248 1570 3313 Coloniae

339 3363 483 3433 propter
499 3355 737 3434 quaestiones,
755 3373 844 3436 quas
861 3369 1002 3437 vocant,
1016 3358 1283 3440 quodlibeticas,
1297 3367 1332 3419 et
1343 3356 1500 3435 ingentia
1510 3354 1571 3418 iri=

339 3474 440 3537 gora,
457 3457 657 3524 Lovanium
672 3463 853 3543 protectus
868 3472 941 3542 est,
958 3472 996 3528 ut
1008 3464 1184 3546 quaedam
1199 3464 1354 3543 negotia,
1370 3463 1415 3526 ad
1432 3462 1572 3540 religio·-

339 3582 421 3628 nem
435 3568 644 3648 spectantia,
662 3578 902 3650 componeret,
919 3581 1003 3636 ante
1018 3571 1108 3635 festa
1124 3571 1287 3635 natalitia
1307 3569 1485 3633 rediturus
1498 3565 1524 3630 ⁸.
1622 3633 1627 3641 ,

380 3805 388 3838 t
417 3805 541 3860 “Civitas
551 3807 667 3851 Arnoldo
678 3806 782 3861 Sigenlo
799 3816 877 3864 atque
894 3810 1043 3855 Hermanno
1055 3810 1216 3854 Snderrnano
1232 3809 1411 3854 Consulibus...
1427 3808 1570 3862 Collegium

337 3876 430 3929 Joanni
441 3876 536 3922 Rhetlo
548 3879 1037 3936 nominatimattribuit.„0rtt.artu1uus,
1054 3883 1074 3926 t.
1088 3894 1122 3937 c.,
1131 3883 1174 3925 ilb.
1187 3893 1240 3930 xvi,
1252 3895 1273 3925 n.
1283 3879 1480 3924 'tu-“Rhetium
1496 3880 1573 3933 origo

337 3959 436 4004 quoque
453 3949 562 3993 indidem
578 3949 694 4002 Colonia,
710 3952 863 4006 generisque
880 3954 1011 4004 nobilitas,
1029 3954 1122 4007 quippe
1138 3953 1245 4005 Joannls
1261 3953 1356 4006 Rhetii,
1366 3953 1427 3996 olim
1443 3952 1569 4006 Couauila,

336 4017 417 4062 filium
426 4021 651 4073 commendabat.,
661 4019 835 4075 ottrannus,
853 4023 918 4066 thid.

377 4089 389 4121 ⁸
417 4091 544 4136 Antonius
554 4092 585 4135 de
596 4090 791 4148 Schanenburg,
808 4094 922 4148 Adolphl
933 4093 979 4147 111,
990 4094 1104 4138 defuncti
1115 4095 1205 4148 irater,
1215 4095 1241 4138 2⁶
1256 4094 1377 4139 Octobris
1390 4095 1423 4138 ad
1433 4095 1572 4139 sedente-

335 4161 476 4206 lonlenaem
486 4170 627 4217 promotus.

377 4233 390 4266 ὅ
417 4233 538 4279 Litterae
547 4235 779 4287 Quadrimestres,
788 4242 807 4280 t.
818 4246 854 4291 tv,
864 4247 926 4290 pag.
936 4237 985 4281 616.

377 4307 389 4338 ⁴
417 4305 509 4361 Supra,
520 4314 541 4350 t.
551 4318 587 4359 iv,
598 4317 658 4361 pag.
669 4307 716 4360 273,
727 4320 750 4352 u.
761 4307 809 4356 588.
821 4308 1035 4362 quemadmodum
1046 4309 1227 4353 adnotavimus
1238 4319 1326 4362 nuper,
1337 4320 1362 4352 n.
1371 4307 1431 4352 1786.

376 4378 388 4411 ³
415 4379 482 4422 Vide
496 4378 618 4424 Litterae
634 4379 866 4433 Qrtoclrtmestres,
881 4387 901 4423 t.
918 4391 954 4433 tr,
972 4392 1032 4435 pag.
1047 4381 1162 4425 ota-De
1179 4381 1373 4435 quaestionibus
1383 4381 1572 4434 quodlibettcta

336 4451 400 4494 haee
412 4452 489 4495 habet
500 4452 532 4496 ad
544 4463 638 4496 annum
650 4451 710 4505 1558,
721 4451 912 4506 Rerrraununo,
924 4452 944 4494 1.
957 4464 989 4503 a,
997 4464 1059 4506 pag.
1069 4453 1104 4504 68,
1113 4464 1137 4497 n.
1148 4452 1183 4495 29.
1193 4453 1232 4496 “A
1242 4455 1330 4496 multia
1342 4454 1398 4507 jam
1411 4453 1487 4497 anuis
1501 4453 1570 4507 apud

336 4519 503 4566 Calontenses
516 4525 540 4567 in
554 4535 650 4568 morem
661 4525 771 4572 abierat.
781 4529 809 4568 ut
822 4523 959 4567 Decembri
970 4535 1057 4567 mense
1068 4534 1168 4568 certum
1179 4524 1306 4578 quoddam
1317 4523 1454 4568 Orator'lae
1465 4535 1569 4568 concer-

337 4593 444 4636 tationis
458 4593 626 4638 adhiberetur
641 4606 730 4649 genus,
746 4595 812 4648 quod
828 4595 972 4639 vocabatur
986 4597 1212 4648 quorumnam,-
1222 4597 1280 4639 lnde
1290 4598 1337 4640 aba
1352 4595 1429 4639 dublo
1445 4596 1567 4640 sortltum

338 4675 436 4719 nomen,
446 4667 521 4720 quod,
532 4667 571 4710 cui
583 4666 730 4720 disputandi
741 4665 819 4711 tiebat
834 4673 958 4720 potestas,
973 4667 1014 4711 iaa
1024 4673 1083 4711 erat
1098 4667 1190 4721 dequo
1204 4668 1298 4711 liberet
1313 4673 1477 4722 argumento,
1487 4668 1571 4711 dleae=
