3642 5350
796 436 859 497 Au.
881 437 951 498 1556
1435 444 1487 503 tlt

256 580 330 645 suis
344 580 537 662 provinciis
556 599 628 646 non
646 580 796 660 saveret3
813 600 903 663 quae
918 583 1134 649 existimatio
1149 586 1251 649 initio
1273 602 1419 649 suorum
1435 605 1487 650 re·

255 704 408 767 gnorum
423 688 624 769 periculosa
639 698 717 753 erat
730 689 861 753 lutura.

321 793 407 858 1890.
451 794 646 876 Respondit
678 796 887 877 Ruigomez,
915 776 1059 862 omnino
1082 799 1251 879 expedire
1275 808 1314 863 ut
1337 800 1487 881 ipsemet

258 901 508 983 Ribadeneyra
527 902 661 983 Regem
675 895 925 984 alloqueretur.
942 902 981 969 Si
995 907 1089 969 enim
1108 922 1166 969 res
1185 905 1279 969 bona
1299 924 1377 970 esse
1397 906 1487 989 Regi

258 1008 449 1087 videretur,
465 1017 500 1072 et
515 1008 560 1073 ad
575 1008 642 1073 Dei
656 1011 807 1089 gloriam
824 1010 960 1089 lutura,
977 1028 1043 1075 nec
1058 1012 1189 1075 amitae
1209 1029 1275 1076 nec
1294 1013 1407 1094 patris
1425 1033 1485 1078 au·

255 1116 459 1179 ctoritatem
483 1132 563 1179 eam
587 1134 665 1180 esse
685 1116 945 1197 impedituram.
963 1116 1124 1181 Ostendit
1145 1127 1264 1182 autem
1286 1119 1360 1199 ipse
1381 1120 1486 1185 ualde

256 1238 471 1303 propensum
486 1222 642 1287 animum
657 1222 703 1287 ad
718 1223 786 1287 hoc
805 1224 989 1305 negotium
1002 1225 1295 1305 promovendum,
1318 1226 1412 1307 quod
1425 1244 1484 1290 au·

256 1328 311 1393 xit
323 1328 450 1393 Comes
467 1329 602 1408 Feriae,
619 1329 719 1410 cuius
734 1331 797 1394 vix
812 1331 985 1411 explicari
1000 1341 1139 1411 poterat
1155 1330 1316 1409 allectus,
1339 1336 1407 1414 q'uo
1426 1350 1485 1397 res

255 1445 409 1515 nostras,
425 1446 594 1517 tanquam
607 1438 781 1517 proprias,
795 1439 939 1502 omnino
953 1438 1267 1519 complectebatur.
1283 1440 1328 1503 Et
1343 1439 1484 1521 quiade

255 1544 361 1607 rebus
376 1545 411 1609 in
425 1542 573 1609 Corsica
587 1545 700 1623 gestis
711 1544 820 1625 aliqui
835 1545 993 1625 religiosi
1005 1545 1181 1625 quaedam
1192 1554 1318 1609 contra
1329 1544 1484 1611 Societa-

255 1660 326 1714 tem
341 1662 558 1731 sparserant3
576 1651 712 1715 litteras
727 1651 956 1733 Apostolicas
966 1652 1049 1735 Julii
1065 1650 1120 1729 lll,
1138 1653 1197 1733 qui
1208 1670 1270 1716 eos
1282 1654 1427 1718 miserat
1437 1672 1484 1719 ex

254 1756 363 1835 Urbe,
379 1758 573 1840 postulavit
589 1756 614 1837 ¹,
631 1768 666 1823 et
681 1758 844 1839 quamvis
859 1750 1085 1823 lovanienses
1099 1760 1232 1839 ipsum,
1249 1768 1284 1823 et
1298 1767 1481 1825 tornacen·

255 1880 312 1928 ses
331 1864 369 1927 Ρ.
386 1864 617 1942 Bernardum,
634 1867 670 1929 in
690 1864 972 1945 Quadragesirna
991 1865 1094 1947 hujus
1108 1867 1193 1931 anni
1212 1867 1483 1931 concionatores

168 2010 171 2019 ·
254 1980 418 2052 optarent
440 1990 483 2036 ac
503 1980 671 2051 peterent,
692 1972 910 2036 existimavit
925 1973 1153 2037 nihilominus
1173 1973 1211 2036 P.
1233 1972 1481 2055 Ribadeneyra

253 2080 322 2144 sibi
338 2080 469 2143 acutia
481 2078 647 2143 recedere
662 2079 840 2159 integrum
852 2096 924 2143 non
939 2096 1029 2157 esse,
1045 2078 1158 2145 donec
1181 2080 1316 2161 Regem
1331 2080 1482 2160 alloque-

254 2195 363 2265 retur;
380 2204 445 2250 nec
461 2195 579 2251 tamen
591 2186 627 2250 in
638 2186 763 2251 eadem
775 2187 886 2264 curia,
900 2186 969 2250 nisi
984 2195 1184 2266 rogaretur,
1199 2186 1483 2253 concionandum

254 2294 320 2357 sibi
335 2310 413 2357 esse
432 2293 565 2357 statuit.
588 2294 632 2357 Et
652 2311 722 2357 non
743 2293 955 2358 credebatur
969 2294 1161 2357 verisimile
1181 2294 1298 2374 ipsum
1316 2304 1483 2373 rogatum

252 2401 308 2479 iri,
325 2417 405 2463 cum
421 2399 569 2464 eximios
584 2401 854 2465 concionatores
869 2399 1051 2479 Castrum,
1068 2400 1268 2465 Mirandam
1282 2410 1317 2465 et
1336 2401 1480 2483 Episco-

252 2524 336 2589 pum
352 2506 593 2587 Trigestinum
608 2507 779 2571 haberent
797 2507 818 2567 ¹.

316 2613 404 2680 1891.
446 2614 1482 2697 CumautemaliquassubscriptionesaP.Ignatio,quibus

252 2723 388 2788 litteras
402 2723 694 2804 superscriberet,
711 2739 799 2804 quas
815 2732 1035 2803 opportunas
1046 2721 1252 2802 judicasset,
1274 2722 1313 2785 Ρ.
1333 2722 1481 2786 Ribade·

251 2847 365 2911 neyra
380 2831 527 2904 tulisset;
545 2830 591 2892 ad
611 2828 746 2910 Regem
767 2829 966 2910 Philippum
986 2831 1124 2893 litteras
1144 2830 1304 2910 scripsit,
1322 2840 1357 2893 et
1376 2829 1480 2893 infor-

251 2937 457 3016 mationem,
483 2954 574 3017 quae
594 2936 803 3016 compendio
824 2955 865 3000 ea
890 2938 1099 3014 contineret,
1125 2953 1216 3016 quae
1241 2935 1332 3014 Regi
1357 2953 1481 3000 coram

250 3044 398 3124 ipsemet
413 3043 572 3107 dicturus
589 3054 683 3123 erat;
703 3060 809 3123 quam
829 3061 910 3107 cum
930 3043 1141 3108 ostendisset
1159 3043 1286 3108 Comiti
1304 3043 1431 3107 Feriae
1445 3054 1481 3108 et

252 3149 379 3215 Alexio
395 3149 590 3227 Fontanae,
606 3151 711 3214 valde
725 3168 804 3215 eam
820 3151 1031 3230 probarunt;
1052 3168 1117 3215 nec
1137 3169 1177 3214 se
1195 3151 1366 3215 continuit
1381 3167 1480 3230 prae-

253 3257 368 3322 dictus
381 3259 507 3324 Feriae
522 3259 660 3338 ComeS,
676 3259 762 3338 quin
777 3258 912 3339 Regem
926 3261 1164 3339 alloqueretur
1178 3258 1222 3323 de
1236 3268 1358 3323 nostro
1372 3275 1481 3337 nego-

249 3365 311 3428 tio:
328 3375 363 3429 et
377 3365 444 3429 hoc
460 3384 482 3430 a
496 3365 594 3446 Rege
609 3366 793 3444 intellexit,
809 3365 904 3447 quod
923 3367 1027 3447 parvi
1043 3366 1218 3430 referebat
1238 3364 1321 3446 quid
1341 3363 1479 3444 Regina

250 3469 363 3538 Maria
385 3474 532 3537 sentiret
553 3477 611 3537 vel
630 3490 701 3536 non
723 3473 880 3552 sentiret,
903 3483 970 3537 etc.
992 3473 1036 3537 Et
1056 3473 1197 3537 demum
1213 3471 1347 3536 addidit
1361 3481 1400 3535 ut
1414 3489 1479 3534 no·

248 3580 315 3644 stri
328 3579 373 3642 ad
389 3597 426 3644 se
440 3580 613 3660 venirent,
632 3589 666 3643 et
681 3597 719 3644 se
731 3597 942 3661 responsum
954 3580 1005 3644 eis
1017 3580 1194 3643 daturum.

312 3686 399 3751 1892.
442 3686 546 3751 Circa
563 3704 649 3767 ergo
664 3687 819 3750 medium
832 3687 1077 3763 Februarium,
1096 3687 1152 3750 die
1163 3687 1319 3763 veneris,
1335 3686 1478 3749 evocati

249 3793 390 3858 luerunt
404 3811 426 3857 a
441 3794 596 3874 quodam
611 3812 656 3857 ex
676 3793 849 3857 ministris
868 3794 1021 3857 cubiculi
1039 3791 1165 3872 Regis3
1188 3803 1223 3856 et
1242 3793 1324 3873 quia
1339 3791 1377 3855 P.
1394 3791 1477 3854 Ber·

249 3900 381 3964 nardus
406 3900 611 3964 Turnacum
636 3909 850 3979 recesserat,
878 3916 957 3965 cum
984 3899 1111 3964 Fratre
1135 3910 1258 3964 nostro
1283 3899 1477 3962 Francisco

249 4006 422 4071 Gbiraldo
438 4006 571 4088 Regem
586 4007 683 4071 adiit.
701 4007 745 4071 Et
760 4007 924 4088 quamvis
940 4005 1023 4070 Dux
1040 4005 1240 4071 Sabaudiae
1258 4004 1270 4037 ⁸
1290 4022 1371 4069 cum
1391 4007 1475 4070 mul·

288 4176 296 4209 ¹
326 4174 489 4230 Videsupra,
500 4181 519 4219 t.
530 4175 711 4232 numlibet
722 4187 767 4230 req
778 4187 784 4220 :
796 4175 836 4218 De
849 4174 878 4220 P.
894 4175 1032 4230 sylvestro
1045 4173 1195 4231 [Londini]
1210 4178 1236 4220 et
1252 4173 1281 4220 P.
1298 4173 1477 4218 Emmanuele

246 4245 294 4302 [de
304 4245 503 4303 Montemayor]
512 4249 541 4290 in
552 4247 686 4291 Corsicam
697 4248 803 4300 missis:
813 4256 840 4292 er
851 4253 869 4291 t.
880 4259 916 4300 rr,
927 4259 987 4302 pag.
1002 4247 1031 4291 ³6
1040 4256 1065 4290 et
1075 4259 1130 4302 req:
1140 4247 1180 4290 De
1191 4247 1272 4290 rebus
1282 4246 1412 4291 Corsicae.

287 4317 299 4349 ⁸
325 4317 363 4362 De
374 4317 418 4363 Fr.
429 4319 563 4374 Alphonao
571 4319 712 4370 decurro.
721 4318 750 4364 Ο.
760 4319 786 4364 8.
794 4319 833 4374 F„
852 4326 878 4364 et
886 4319 931 4364 Fr.
939 4320 1140 4364 Bartholomaeo
1148 4319 1179 4363 de
1190 4318 1306 4364 lllrnnda
1315 4319 1476 4372 (Carreum),

243 4390 274 4436 0.
285 4387 309 4435 S.
317 4389 357 4445 D..
366 4389 461 4434 dlctum
471 4395 511 4434 est
524 4401 611 4444 supra.
623 4395 640 4434 t.
652 4401 689 4443 ιν,
700 4402 759 4446 pag.
769 4391 818 4444 492,
828 4403 852 4436 ιι.
864 4391 925 4446 toll,
935 4400 1016 4436 annor
1036 4392 1056 4446 l;
1068 4392 1099 4435 de
1115 4391 1245 4446 Episcopo
1253 4391 1410 4446 Trigertlno,
1425 4393 1476 4436 Αιι·

244 4463 315 4507 tonlo
325 4462 470 4517 Perragnes
480 4471 506 4506 et
517 4461 659 4518 Cantillelo,
674 4463 700 4507 ln
714 4468 733 4508 t.
745 4471 782 4516 ιιι,
793 4475 852 4519 pag.
867 4463 917 4516 251,
928 4476 951 4507 ιι.
965 4463 1014 4517 sot,
1029 4469 1056 4508 et
1071 4474 1151 4517 sopra
1160 4465 1186 4507 lo
1203 4464 1250 4507 hoc
1266 4463 1322 4516 ipso
1333 4464 1475 4515 volumine.

243 4545 268 4578 ιι.
281 4534 340 4578 1862.

283 4604 294 4636 ³
321 4603 472 4650 Emmanuel
483 4606 649 4660 Phlllbertus,
657 4605 715 4650 Dux
724 4605 878 4651 sabaudiae.
887 4605 955 4650 Vide
962 4605 1031 4660 apud
1041 4605 1187 4660 Datecacs,
1195 4606 1213 4650 1.
1224 4617 1326 4662 c..pag.
1336 4607 1365 4651 2³
1374 4610 1388 4639 ⁸
1398 4617 1423 4651 et
1434 4609 1472 4659 38,

243 4678 381 4732 epistolam
391 4677 479 4722 Patris
488 4677 664 4723 Rivadenelra
673 4678 707 4723 nd
715 4677 796 4722 stum.
807 4677 948 4732 lanarium.
