3642 5350
344 409 400 472 596
802 407 931 469 Cannu.
951 408 1027 470 Soc.
1048 407 1120 484 Jns.

345 556 439 620 firmi
453 556 499 620 ad
514 555 767 636 perfectionem
781 571 906 618 omnes
921 555 1147 632 anhelabant,
1163 565 1199 620 et
1214 556 1288 620 fere
1303 571 1426 618 omnes
1441 552 1579 619 Siman=

347 681 411 727 cas
426 663 472 726 ad
487 660 712 725 Probationis
726 659 880 724 Domum
896 661 997 726 missi
1011 671 1103 726 sunt.

407 769 499 834 2571.
542 769 626 847 Alii,
643 785 713 832 non
728 767 923 831 minoribus
937 769 1156 834 ornamentis
1171 787 1192 832 a
1213 767 1289 834 Deo
1305 769 1442 848 donati,
1460 771 1578 833 locum

347 878 415 942 sibi
429 875 508 940 dari
522 877 615 940 inter
635 885 777 940 nostros
795 875 1039 956 postulabant,
1055 885 1090 940 et
1109 885 1297 957 perspecta
1319 893 1442 940 eorum
1458 894 1578 958 perse-

346 984 523 1062 verantia,
539 983 747 1047 admittendi
760 991 902 1064 postea,
920 993 954 1046 et
968 999 1040 1046 non
1055 993 1151 1062 tunc,
1168 983 1393 1048 videbantur.

406 1089 499 1156 2572.
542 1090 704 1170 Quatuor
726 1110 771 1154 ex
790 1090 1035 1168 collegialibus
1055 1089 1269 1154 Plasentiam
1289 1109 1333 1154 ex
1355 1091 1581 1172 praescripto

347 1199 385 1263 P.
403 1197 587 1262 Francisci
602 1197 701 1262 missi
716 1210 814 1277 sunt;
836 1198 962 1278 reliqui
977 1199 1050 1262 suis
1066 1197 1191 1262 studiis
1210 1198 1342 1261 dabant
1357 1185 1526 1278 operam}
1541 1207 1576 1262 et

347 1306 383 1368 in
403 1321 506 1368 usum
525 1312 718 1368 revocatae
736 1314 819 1368 sunt
837 1303 1030 1385 positiones
1049 1305 1273 1384 theologicae
1292 1312 1421 1369 octavo
1438 1321 1582 1385 quoque

346 1410 404 1475 die
418 1410 671 1490 defendendae,
688 1420 724 1474 et
738 1412 846 1474 etiam
860 1410 1137 1492 philosophicae,
1154 1411 1200 1475 ad
1215 1429 1303 1492 quas
1318 1411 1458 1476 externi
1477 1412 1576 1474 scho-

348 1517 465 1582 lastici
478 1535 544 1598 pro
558 1535 657 1582 more
671 1518 818 1599 antiquo
832 1519 1103 1582 conveniebant.
1125 1517 1169 1582 Et
1183 1517 1273 1582 haec
1287 1528 1439 1599 quatuor
1453 1518 1578 1599 primis

348 1626 530 1689 mensibus
543 1635 647 1706 gesta
662 1635 762 1704 sunt,
779 1625 814 1688 in
829 1625 976 1706 reliquis
992 1625 1171 1688 mensibus
1187 1626 1344 1704 aestatis
1360 1641 1442 1689 cum
1457 1635 1578 1689 aestus

347 1733 516 1812 ingruere
529 1733 724 1812 coepisset,
747 1733 862 1795 morbi
876 1733 985 1796 etiam
1001 1731 1227 1813 Complutum
1241 1733 1460 1810 invaserunt,
1478 1733 1578 1795 etita

348 1839 555 1918 collegiales
569 1839 615 1903 ad
627 1839 745 1902 vicina
765 1839 916 1916 collegia
937 1849 972 1902 et
997 1840 1122 1903 domus
1143 1839 1338 1904 amicorum
1359 1847 1460 1902 extra
1477 1837 1576 1902 Com·

314 1931 317 1936 ’
347 1947 483 2027 plutum
497 1946 590 2009 mitti
605 1963 670 2026 pro
682 1963 780 2010 more
790 1956 996 2026 coeperunt;
1010 1963 1054 2009 ex
1067 1946 1194 2027 quibus
1206 1947 1314 2026 aliqui
1329 1946 1579 2025 aegrotabant,

270 2111 277 2122 .
350 2053 460 2134 aliqui
474 2071 496 2116 a
510 2053 644 2117 morbis
657 2055 968 2117 convalescebant.

407 2159 499 2224 2573.
541 2159 620 2224 Hac
636 2160 680 2226 de
694 2178 816 2239 causa,
833 2171 869 2225 et
888 2161 970 2242 quia
986 2161 1100 2224 nostri
1116 2162 1152 2224 in
1172 2159 1325 2241 quadam
1350 2170 1452 2240 parte
1468 2159 1582 2224 Colle·

348 2267 400 2345 gii
415 2265 636 2330 aedificanda
655 2269 818 2348 occupati
832 2277 952 2353 erant,
969 2267 1085 2331 minus
1105 2257 1234 2348 operae
1254 2267 1427 2346 proximis
1443 2284 1580 2330 navare

347 2374 461 2438 nostri
474 2383 652 2454 poterant,
667 2375 747 2438 loco
761 2375 855 2438 enim
870 2384 952 2438 octo
967 2382 1028 2438 aut
1043 2391 1173 2438 novem
1188 2375 1386 2455 hospitum,
1403 2375 1463 2453 qui
1478 2389 1577 2436 exer·

347 2481 431 2544 citia
442 2481 641 2561 spiritualia
652 2481 833 2562 suscipere
845 2480 1175 2560 solebant,totidem
1186 2499 1232 2544 ex
1243 2482 1375 2545 nostris
1387 2491 1447 2544 aut
1458 2482 1577 2561 plures

347 2589 600 2668 aegrotabant,
618 2598 653 2652 et
668 2607 742 2663 eos,
759 2589 818 2670 qui
834 2588 913 2652 sani
928 2598 1041 2667 erant,
1057 2589 1290 2666 exercebaut;
1307 2605 1430 2651 omnes
1445 2597 1580 2668 tamen,

346 2695 424 2761 Deo
438 2698 603 2777 propitio,
617 2698 885 2760 convaluerunt.
908 2696 963 2759 Ex
978 2696 1034 2760 his
1049 2704 1167 2760 autem
1182 2696 1253 2775 qui,
1270 2695 1469 2759 distributis
1484 2695 1573 2773 aliiS,

346 2803 581 2867 substiterunt
596 2802 785 2883 Compluti,
801 2803 863 2883 qui
877 2820 1025 2866 numero
1040 2801 1307 2883 quatuordecim
1320 2811 1433 2881 erant,
1447 2820 1577 2877 novem

346 2912 501 2976 adversa
526 2910 730 2973 valetudine
758 2910 985 2974 laborarunt:
1016 2927 1087 2973 non
1111 2918 1230 2972 tamen
1254 2910 1373 2988 simul,
1401 2910 1507 2973 etita
1532 2909 1580 2973 de

346 3019 521 3099 proximis
538 3017 758 3080 benemereri
772 3027 963 3098 utcumque
977 3026 1157 3098 poterant,
1173 3024 1208 3079 et
1228 3016 1429 3095 spiritualia
1444 3016 1577 3080 exerci-

347 3128 398 3189 tia
422 3124 633 3206 quibusdam
653 3132 929 3204 proposuerunt,
955 3124 1047 3187 inter
1067 3140 1155 3204 quos
1179 3123 1306 3187 nobilis
1329 3123 1472 3204 quidam
1494 3140 1577 3187 curn

347 3247 479 3310 magno
504 3230 679 3310 spirituali
698 3230 816 3295 fructu
834 3232 879 3294 ab
900 3232 952 3295 eis
975 3246 1158 3310 egressuS,
1180 3228 1396 3295 Societatem
1416 3240 1576 3295 nostram

347 3336 488 3417 ingredi
503 3337 696 3401 constituit.

406 3443 498 3507 2574.
541 3444 597 3507 Ex
611 3445 678 3523 his,
692 3444 751 3524 qui
766 3444 917 3523 dispersi
931 3443 1082 3522 fuerant,
1096 3453 1249 3523 quatuor
1263 3444 1478 3523 Berlangam
1494 3441 1503 3475 ¹
1519 3460 1578 3507 ve·

346 3562 486 3631 nerunt;
502 3551 597 3632 quod
612 3568 692 3616 cum
708 3551 835 3615 Comes
850 3550 980 3613 Montis
995 3549 1103 3615 Acuti
1117 3549 1141 3629 ¹,
1158 3552 1218 3631 qui
1233 3551 1269 3615 in
1284 3550 1415 3632 oppido
1430 3568 1495 3614 suo
1514 3550 1576 3614 Al-

347 3676 474 3721 mazan
487 3659 677 3737 residebat,
693 3658 940 3735 intellexisset,
958 3657 1148 3721 accersivit
1164 3675 1271 3722 unum
1286 3676 1331 3721 ex
1346 3659 1398 3721 eis
1413 3658 1575 3722 sacerdo·

345 3775 434 3844 tem,
456 3774 494 3829 ut
515 3767 560 3830 ab
580 3782 622 3829 eo
641 3766 840 3845 spiritualia
859 3765 1031 3828 exercitia
1054 3766 1266 3845 susciperet;
1284 3765 1377 3846 quod
1399 3765 1526 3829 litteris
1540 3774 1576 3829 et

347 3873 456 3935 misso
481 3872 584 3937 adid
609 3873 763 3954 quodam
785 3890 830 3935 ex
851 3872 1051 3936 carioribus
1070 3873 1240 3936 ministris
1259 3874 1348 3952 suiS,
1371 3874 1415 3937 ab
1438 3890 1495 3953 eo,
1516 3874 1578 3954 qui

346 3986 512 4060 ¹praeerat
526 3978 686 4059 Collegio
702 3978 959 4059 Complutensi,
976 3982 1240 4061 postulaverat;
1262 3990 1296 4043 et
1316 3990 1457 4060 praeter
1476 3980 1576 4061 spiri·
1633 3967 1636 3973 ’

343 4087 476 4150 tualem
503 4087 700 4167 profectum
723 4085 835 4166 ipsius
861 4086 1009 4151 Comitis
1028 4096 1063 4151 et
1082 4087 1317 4167 quorumdam
1337 4087 1502 4167 aliorum,
1524 4088 1579 4153 sic

343 4194 491 4275 quidam
505 4193 616 4257 frater
631 4192 778 4257 Comitis
797 4204 996 4258 commotus
1014 4194 1097 4269 suit,
1114 4204 1153 4258 ut
1168 4195 1203 4257 in
1218 4193 1430 4258 Societatem
1456 4212 1494 4258 se
1518 4195 1580 4257 ad·

390 4432 397 4463 ¹
426 4432 494 4476 Vlde
505 4444 593 4487 snpra,
604 4439 624 4477 t.
634 4444 671 4488 tv,
680 4444 742 4488 pag.
751 4434 800 4487 tat,
810 4447 835 4479 n.
844 4434 894 4489 ⁹tt;
904 4437 1011 4490 propius
1021 4446 1085 4479 vero
1095 4436 1128 4479 nd
1139 4446 1195 4480 rem
1203 4442 1320 4480 nostram
1330 4434 1453 4482 Litterae
1462 4436 1582 4490 Quadri-

344 4506 472 4554 mestm,
482 4509 501 4547 t.
509 4514 545 4555 rv,
556 4516 617 4559 pag.
624 4504 665 4549 tat
675 4511 702 4549 ct
712 4517 767 4560 neq.

354 4612 359 4623 .
388 4574 399 4605 ¹
425 4572 584 4620 Franciscus
594 4572 894 4622 Hnrtndodellendozn.
904 4576 974 4629 Quae
985 4576 1027 4621 hle
1038 4576 1176 4622 nPolanco
1186 4585 1317 4635 narrator,
1329 4580 1411 4625 babes
1422 4580 1446 4625 ln
1458 4578 1582 4625 Litterae

346 4643 578 4697 Quadrimestres,
587 4645 604 4690 1.
616 4657 648 4698 c„
658 4656 717 4700 pag.
726 4648 775 4693 523.
