<?xml version="1.0" encoding="UTF-8"?>
<!DOCTYPE html PUBLIC "-//W3C//DTD XHTML 1.0 Transitional//EN"
    "http://www.w3.org/TR/xhtml1/DTD/xhtml1-transitional.dtd">
<html xmlns="http://www.w3.org/1999/xhtml" xml:lang="en" lang="en">
 <head>
  <title>
</title>
<meta http-equiv="Content-Type" content="text/html;charset=utf-8" />
  <meta name='ocr-system' content='tesseract 3.04.00' />
  <meta name='ocr-capabilities' content='ocr_page ocr_carea ocr_par ocr_line ocrx_word'/>
</head>
<body>
  <div class='ocr_page' id='page_1' title='image "./vitaignatiiloio00polagoog_0581.png"; bbox 0 0 3642 5350; ppageno 0'>
   <div class='ocr_carea' id='block_1_1' title="bbox 792 419 1484 483">
    <p class='ocr_par' dir='ltr' id='par_1_1' title="bbox 792 419 1484 483">
     <span class='ocr_line' id='line_1_1' title="bbox 792 419 1484 483; baseline 0.003 -3"><span class='ocrx_word' id='word_1_1' title='bbox 792 420 857 480; x_wconf 84' lang='lat' dir='ltr'><strong>An.</strong></span> <span class='ocrx_word' id='word_1_2' title='bbox 878 419 948 480; x_wconf 77' lang='lat'>1556</span> <span class='ocrx_word' id='word_1_3' title='bbox 1431 425 1484 483; x_wconf 75' lang='lat' dir='ltr'><strong>fbl</strong></span> 
     </span>
    </p>
   </div>
   <div class='ocr_carea' id='block_1_2' title="bbox 252 564 1493 4377">
    <p class='ocr_par' dir='ltr' id='par_1_2' title="bbox 252 564 1485 970">
     <span class='ocr_line' id='line_1_2' title="bbox 252 564 1482 651; baseline -0.002 -16"><span class='ocrx_word' id='word_1_4' title='bbox 252 567 547 651; x_wconf 84' lang='lat' dir='ltr'><strong>frequentandam</strong></span> <span class='ocrx_word' id='word_1_5' title='bbox 567 568 847 650; x_wconf 86' lang='lat' dir='ltr'>impellebantur.</span> <span class='ocrx_word' id='word_1_6' title='bbox 875 566 972 630; x_wconf 89' lang='lat' dir='ltr'><strong>Idem</strong></span> <span class='ocrx_word' id='word_1_7' title='bbox 997 564 1103 629; x_wconf 89' lang='lat' dir='ltr'><strong>Pater</strong></span> <span class='ocrx_word' id='word_1_8' title='bbox 1126 565 1163 628; x_wconf 91' lang='lat' dir='ltr'><strong>in</strong></span> <span class='ocrx_word' id='word_1_9' title='bbox 1187 565 1482 650; x_wconf 86' lang='lat' dir='ltr'><strong>Quadragesima,</strong></span> 
     </span>
     <span class='ocr_line' id='line_1_3' title="bbox 253 669 1483 758; baseline -0.001 -17"><span class='ocrx_word' id='word_1_10' title='bbox 253 676 407 758; x_wconf 89' lang='lat' dir='ltr'><strong>quadam</strong></span> <span class='ocrx_word' id='word_1_11' title='bbox 423 678 460 740; x_wconf 91' lang='lat' dir='ltr'><strong>in</strong></span> <span class='ocrx_word' id='word_1_12' title='bbox 475 675 626 740; x_wconf 89' lang='lat' dir='ltr'><strong>ecclesia</strong></span> <span class='ocrx_word' id='word_1_13' title='bbox 641 674 847 738; x_wconf 91' lang='lat' dir='ltr'><strong>monialium</strong></span> <span class='ocrx_word' id='word_1_14' title='bbox 862 681 896 736; x_wconf 93' lang='lat' dir='ltr'><strong>et</strong></span> <span class='ocrx_word' id='word_1_15' title='bbox 911 673 948 736; x_wconf 93' lang='lat' dir='ltr'><strong>in</strong></span> <span class='ocrx_word' id='word_1_16' title='bbox 960 671 1090 753; x_wconf 92' lang='lat' dir='ltr'><strong>oppido</strong></span> <span class='ocrx_word' id='word_1_17' title='bbox 1102 669 1340 738; x_wconf 78' lang='lat' dir='ltr'><strong>salmanticae</strong></span> <span class='ocrx_word' id='word_1_18' title='bbox 1351 676 1483 757; x_wconf 87' lang='lat' dir='ltr'><strong>vicino,</strong></span> 
     </span>
     <span class='ocr_line' id='line_1_4' title="bbox 253 777 1485 866; baseline -0.001 -18"><span class='ocrx_word' id='word_1_19' title='bbox 253 784 350 866; x_wconf 91' lang='lat' dir='ltr'><strong>quod</strong></span> <span class='ocrx_word' id='word_1_20' title='bbox 362 782 600 864; x_wconf 88' lang='lat' dir='ltr'><strong>primogenito</strong></span> <span class='ocrx_word' id='word_1_21' title='bbox 624 780 773 845; x_wconf 88' lang='lat' dir='ltr'><strong>Comitis</strong></span> <span class='ocrx_word' id='word_1_22' title='bbox 791 779 1017 858; x_wconf 88' lang='lat' dir='ltr'><strong>Montisregii</strong></span> <span class='ocrx_word' id='word_1_23' title='bbox 1038 777 1046 809; x_wconf 80' lang='lat'>¹</span> <span class='ocrx_word' id='word_1_24' title='bbox 1065 779 1231 861; x_wconf 87' lang='lat' dir='ltr'><strong>parebat,</strong></span> <span class='ocrx_word' id='word_1_25' title='bbox 1253 781 1485 848; x_wconf 86' lang='lat' dir='ltr'><strong>concionatus</strong></span> 
     </span>
     <span class='ocr_line' id='line_1_5' title="bbox 257 887 856 970; baseline -0.01 -15"><span class='ocrx_word' id='word_1_26' title='bbox 257 901 323 970; x_wconf 92' lang='lat' dir='ltr'><strong>est,</strong></span> <span class='ocrx_word' id='word_1_27' title='bbox 340 901 375 954; x_wconf 91' lang='lat' dir='ltr'><strong>et</strong></span> <span class='ocrx_word' id='word_1_28' title='bbox 389 906 461 954; x_wconf 90' lang='lat' dir='ltr'><strong>non</strong></span> <span class='ocrx_word' id='word_1_29' title='bbox 476 889 551 952; x_wconf 91' lang='lat' dir='ltr'><strong>sine</strong></span> <span class='ocrx_word' id='word_1_30' title='bbox 565 887 682 952; x_wconf 88' lang='lat' dir='ltr'><strong>fructu</strong></span> <span class='ocrx_word' id='word_1_31' title='bbox 698 887 856 969; x_wconf 90' lang='lat' dir='ltr'><strong>egregio.</strong></span> 
     </span>
    </p>

    <p class='ocr_par' dir='ltr' id='par_1_3' title="bbox 254 993 1486 1594">
     <span class='ocr_line' id='line_1_6' title="bbox 314 993 1485 1076; baseline 0 -16"><span class='ocrx_word' id='word_1_32' title='bbox 314 997 406 1061; x_wconf 89' lang='grc'>2425.</span> <span class='ocrx_word' id='word_1_33' title='bbox 451 995 603 1076; x_wconf 89' lang='lat' dir='ltr'><strong>Quidam</strong></span> <span class='ocrx_word' id='word_1_34' title='bbox 620 1004 739 1059; x_wconf 88' lang='lat' dir='ltr'><strong>autem</strong></span> <span class='ocrx_word' id='word_1_35' title='bbox 754 994 936 1073; x_wconf 91' lang='lat' dir='ltr'><strong>sacerdos,</strong></span> <span class='ocrx_word' id='word_1_36' title='bbox 952 993 1012 1073; x_wconf 90' lang='lat' dir='ltr'><strong>qui</strong></span> <span class='ocrx_word' id='word_1_37' title='bbox 1023 994 1100 1076; x_wconf 85' lang='lat' dir='ltr'><strong>ejus</strong></span> <span class='ocrx_word' id='word_1_38' title='bbox 1112 995 1234 1075; x_wconf 89' lang='lat' dir='ltr'><strong>populi</strong></span> <span class='ocrx_word' id='word_1_39' title='bbox 1245 1012 1369 1062; x_wconf 90' lang='lat' dir='ltr'><strong>curam</strong></span> <span class='ocrx_word' id='word_1_40' title='bbox 1383 1013 1485 1076; x_wconf 88' lang='lat' dir='ltr'><strong>gere·</strong></span> 
     </span>
     <span class='ocr_line' id='line_1_7' title="bbox 254 1100 1486 1184; baseline 0 -16"><span class='ocrx_word' id='word_1_41' title='bbox 254 1106 327 1182; x_wconf 90' lang='lat' dir='ltr'><strong>bat,</strong></span> <span class='ocrx_word' id='word_1_42' title='bbox 344 1105 423 1184; x_wconf 91' lang='lat' dir='ltr'><strong>pius</strong></span> <span class='ocrx_word' id='word_1_43' title='bbox 442 1112 477 1167; x_wconf 93' lang='lat' dir='ltr'><strong>et</strong></span> <span class='ocrx_word' id='word_1_44' title='bbox 496 1101 672 1181; x_wconf 90' lang='lat' dir='ltr'><strong>eruditus,</strong></span> <span class='ocrx_word' id='word_1_45' title='bbox 692 1101 753 1183; x_wconf 91' lang='lat' dir='ltr'><strong>qui</strong></span> <span class='ocrx_word' id='word_1_46' title='bbox 772 1111 914 1164; x_wconf 90' lang='lat' dir='ltr'><strong>nostros</strong></span> <span class='ocrx_word' id='word_1_47' title='bbox 939 1100 1093 1182; x_wconf 90' lang='lat' dir='ltr'><strong>hospitio</strong></span> <span class='ocrx_word' id='word_1_48' title='bbox 1113 1101 1325 1182; x_wconf 87' lang='lat' dir='ltr'><strong>recipiebat,</strong></span> <span class='ocrx_word' id='word_1_49' title='bbox 1346 1119 1486 1167; x_wconf 91' lang='lat' dir='ltr'><strong>summo</strong></span> 
     </span>
     <span class='ocr_line' id='line_1_8' title="bbox 254 1207 1485 1289; baseline -0.002 -13"><span class='ocrx_word' id='word_1_50' title='bbox 254 1211 429 1276; x_wconf 85' lang='lat' dir='ltr'><strong>desiderio</strong></span> <span class='ocrx_word' id='word_1_51' title='bbox 448 1211 485 1274; x_wconf 90' lang='lat' dir='ltr'><strong>in</strong></span> <span class='ocrx_word' id='word_1_52' title='bbox 505 1207 719 1272; x_wconf 88' lang='lat' dir='ltr'><strong>Societatem</strong></span> <span class='ocrx_word' id='word_1_53' title='bbox 733 1207 871 1272; x_wconf 88' lang='lat' dir='ltr'><strong>admitti</strong></span> <span class='ocrx_word' id='word_1_54' title='bbox 886 1208 1042 1287; x_wconf 85' lang='lat' dir='ltr'><strong>petebat;</strong></span> <span class='ocrx_word' id='word_1_55' title='bbox 1062 1217 1098 1272; x_wconf 90' lang='lat' dir='ltr'><strong>et</strong></span> <span class='ocrx_word' id='word_1_56' title='bbox 1113 1209 1277 1289; x_wconf 89' lang='lat' dir='ltr'><strong>quamvis</strong></span> <span class='ocrx_word' id='word_1_57' title='bbox 1297 1211 1406 1273; x_wconf 90' lang='lat' dir='ltr'><strong>multa</strong></span> <span class='ocrx_word' id='word_1_58' title='bbox 1422 1211 1485 1274; x_wconf 83' lang='lat' dir='ltr'><strong>dif-</strong></span> 
     </span>
     <span class='ocr_line' id='line_1_9' title="bbox 254 1315 1486 1397; baseline 0 -15"><span class='ocrx_word' id='word_1_59' title='bbox 254 1317 360 1382; x_wconf 90' lang='lat' dir='ltr'><strong>ficilia</strong></span> <span class='ocrx_word' id='word_1_60' title='bbox 387 1334 465 1381; x_wconf 90' lang='lat' dir='ltr'><strong>esse</strong></span> <span class='ocrx_word' id='word_1_61' title='bbox 488 1324 781 1397; x_wconf 87' lang='lat' dir='ltr'><strong>proponerentur,</strong></span> <span class='ocrx_word' id='word_1_62' title='bbox 810 1315 929 1378; x_wconf 90' lang='lat' dir='ltr'><strong>omnia</strong></span> <span class='ocrx_word' id='word_1_63' title='bbox 951 1316 1001 1378; x_wconf 92' lang='lat' dir='ltr'><strong>illi</strong></span> <span class='ocrx_word' id='word_1_64' title='bbox 1019 1315 1192 1396; x_wconf 89' lang='lat' dir='ltr'><strong>proclivia</strong></span> <span class='ocrx_word' id='word_1_65' title='bbox 1212 1333 1255 1379; x_wconf 91' lang='lat' dir='ltr'><strong>ac</strong></span> <span class='ocrx_word' id='word_1_66' title='bbox 1277 1318 1372 1381; x_wconf 89' lang='lat' dir='ltr'><strong>levia</strong></span> <span class='ocrx_word' id='word_1_67' title='bbox 1390 1318 1486 1382; x_wconf 88' lang='lat' dir='ltr'><strong>vide·</strong></span> 
     </span>
     <span class='ocr_line' id='line_1_10' title="bbox 254 1421 1486 1506; baseline 0.001 -18"><span class='ocrx_word' id='word_1_68' title='bbox 254 1425 395 1488; x_wconf 88' lang='lat' dir='ltr'><strong>bantur.</strong></span> <span class='ocrx_word' id='word_1_69' title='bbox 426 1423 576 1488; x_wconf 86' lang='lat' dir='ltr'><strong>Familia</strong></span> <span class='ocrx_word' id='word_1_70' title='bbox 605 1422 711 1485; x_wconf 90' lang='lat' dir='ltr'><strong>etiam</strong></span> <span class='ocrx_word' id='word_1_71' title='bbox 741 1421 888 1486; x_wconf 90' lang='lat' dir='ltr'><strong>Comitis</strong></span> <span class='ocrx_word' id='word_1_72' title='bbox 913 1422 1005 1485; x_wconf 91' lang='lat' dir='ltr'><strong>inter</strong></span> <span class='ocrx_word' id='word_1_73' title='bbox 1030 1422 1131 1501; x_wconf 91' lang='lat' dir='ltr'><strong>alios,</strong></span> <span class='ocrx_word' id='word_1_74' title='bbox 1157 1439 1229 1487; x_wconf 92' lang='lat' dir='ltr'><strong>non</strong></span> <span class='ocrx_word' id='word_1_75' title='bbox 1253 1440 1381 1503; x_wconf 89' lang='lat' dir='ltr'><strong>parum</strong></span> <span class='ocrx_word' id='word_1_76' title='bbox 1405 1442 1486 1506; x_wconf 93' lang='lat' dir='ltr'><strong>pro·</strong></span> 
     </span>
     <span class='ocr_line' id='line_1_11' title="bbox 254 1531 350 1594; baseline -0.031 0"><span class='ocrx_word' id='word_1_77' title='bbox 254 1531 350 1594; x_wconf 83' lang='lat' dir='ltr'><strong>fecit.</strong></span> 
     </span>
    </p>

    <p class='ocr_par' dir='ltr' id='par_1_4' title="bbox 252 1635 1487 3001">
     <span class='ocr_line' id='line_1_12' title="bbox 314 1635 1486 1718; baseline 0.001 -17"><span class='ocrx_word' id='word_1_78' title='bbox 314 1635 405 1702; x_wconf 87' lang='grc'>2426.</span> <span class='ocrx_word' id='word_1_79' title='bbox 448 1636 583 1700; x_wconf 90' lang='lat' dir='ltr'><strong>Eadem</strong></span> <span class='ocrx_word' id='word_1_80' title='bbox 602 1635 885 1716; x_wconf 85' lang='lat' dir='ltr'><strong>Quadrageslma</strong></span> <span class='ocrx_word' id='word_1_81' title='bbox 905 1636 1096 1698; x_wconf 87' lang='lat' dir='ltr'><strong>conciones</strong></span> <span class='ocrx_word' id='word_1_82' title='bbox 1115 1635 1258 1700; x_wconf 90' lang='lat' dir='ltr'><strong>habitae</strong></span> <span class='ocrx_word' id='word_1_83' title='bbox 1277 1637 1429 1718; x_wconf 83' lang='lat' dir='ltr'><strong>luerunt,</strong></span> <span class='ocrx_word' id='word_1_84' title='bbox 1451 1649 1486 1702; x_wconf 91' lang='lat' dir='ltr'><strong>et</strong></span> 
     </span>
     <span class='ocr_line' id='line_1_13' title="bbox 253 1739 1487 1825; baseline 0.002 -17"><span class='ocrx_word' id='word_1_85' title='bbox 253 1745 290 1808; x_wconf 91' lang='lat' dir='ltr'><strong>in</strong></span> <span class='ocrx_word' id='word_1_86' title='bbox 309 1761 454 1808; x_wconf 88' lang='lat' dir='ltr'><strong>carcere</strong></span> <span class='ocrx_word' id='word_1_87' title='bbox 469 1753 504 1808; x_wconf 93' lang='lat' dir='ltr'><strong>et</strong></span> <span class='ocrx_word' id='word_1_88' title='bbox 518 1744 598 1806; x_wconf 88' lang='lat' dir='ltr'><strong>aliis</strong></span> <span class='ocrx_word' id='word_1_89' title='bbox 612 1742 784 1824; x_wconf 87' lang='lat' dir='ltr'><strong>proximis</strong></span> <span class='ocrx_word' id='word_1_90' title='bbox 799 1739 1037 1806; x_wconf 81' lang='lat' dir='ltr'><strong>salmanticae</strong></span> <span class='ocrx_word' id='word_1_91' title='bbox 1052 1743 1158 1822; x_wconf 87' lang='lat' dir='ltr'><strong>locis,</strong></span> <span class='ocrx_word' id='word_1_92' title='bbox 1175 1741 1221 1806; x_wconf 89' lang='lat' dir='ltr'><strong>ad</strong></span> <span class='ocrx_word' id='word_1_93' title='bbox 1236 1761 1327 1824; x_wconf 90' lang='lat' dir='ltr'><strong>quae</strong></span> <span class='ocrx_word' id='word_1_94' title='bbox 1342 1745 1487 1825; x_wconf 90' lang='lat' dir='ltr'><strong>quidam</strong></span> 
     </span>
     <span class='ocr_line' id='line_1_14' title="bbox 254 1847 1486 1930; baseline 0.001 -15"><span class='ocrx_word' id='word_1_95' title='bbox 254 1869 300 1915; x_wconf 84' lang='lat' dir='ltr'><strong>ex</strong></span> <span class='ocrx_word' id='word_1_96' title='bbox 320 1851 468 1930; x_wconf 91' lang='lat' dir='ltr'><strong>nostris,</strong></span> <span class='ocrx_word' id='word_1_97' title='bbox 491 1850 613 1914; x_wconf 89' lang='lat' dir='ltr'><strong>diebus</strong></span> <span class='ocrx_word' id='word_1_98' title='bbox 632 1849 748 1928; x_wconf 87' lang='lat' dir='ltr'><strong>sestis,</strong></span> <span class='ocrx_word' id='word_1_99' title='bbox 771 1848 1012 1912; x_wconf 85' lang='lat' dir='ltr'><strong>mittebantur.</strong></span> <span class='ocrx_word' id='word_1_100' title='bbox 1036 1847 1094 1912; x_wconf 91' lang='lat' dir='ltr'><strong>Ad</strong></span> <span class='ocrx_word' id='word_1_101' title='bbox 1112 1849 1354 1914; x_wconf 86' lang='lat' dir='ltr'><strong>confessiones</strong></span> <span class='ocrx_word' id='word_1_102' title='bbox 1377 1853 1486 1916; x_wconf 91' lang='lat' dir='ltr'><strong>etiam</strong></span> 
     </span>
     <span class='ocr_line' id='line_1_15' title="bbox 254 1955 1486 2037; baseline 0.001 -15"><span class='ocrx_word' id='word_1_103' title='bbox 254 1957 450 2022; x_wconf 89' lang='lat' dir='ltr'><strong>audiendas</strong></span> <span class='ocrx_word' id='word_1_104' title='bbox 465 1973 598 2036; x_wconf 92' lang='lat' dir='ltr'><strong>eorum,</strong></span> <span class='ocrx_word' id='word_1_105' title='bbox 616 1956 675 2037; x_wconf 91' lang='lat' dir='ltr'><strong>qui</strong></span> <span class='ocrx_word' id='word_1_106' title='bbox 693 1955 731 2019; x_wconf 91' lang='lat' dir='ltr'><strong>in</strong></span> <span class='ocrx_word' id='word_1_107' title='bbox 751 1955 912 2018; x_wconf 89' lang='lat' dir='ltr'><strong>custodia</strong></span> <span class='ocrx_word' id='word_1_108' title='bbox 933 1955 1074 2036; x_wconf 88' lang='lat' dir='ltr'><strong>publica</strong></span> <span class='ocrx_word' id='word_1_109' title='bbox 1093 1955 1352 2036; x_wconf 87' lang='lat' dir='ltr'><strong>detinebantur,</strong></span> <span class='ocrx_word' id='word_1_110' title='bbox 1372 1961 1486 2023; x_wconf 85' lang='lat' dir='ltr'><strong>nostri</strong></span> 
     </span>
     <span class='ocr_line' id='line_1_16' title="bbox 255 2061 1487 2146; baseline 0.001 -17"><span class='ocrx_word' id='word_1_111' title='bbox 255 2065 381 2130; x_wconf 92' lang='lat' dir='ltr'><strong>crebro</strong></span> <span class='ocrx_word' id='word_1_112' title='bbox 397 2065 518 2128; x_wconf 90' lang='lat' dir='ltr'><strong>vocati</strong></span> <span class='ocrx_word' id='word_1_113' title='bbox 533 2063 762 2142; x_wconf 90' lang='lat' dir='ltr'><strong>accedebant;</strong></span> <span class='ocrx_word' id='word_1_114' title='bbox 778 2071 813 2126; x_wconf 91' lang='lat' dir='ltr'><strong>et</strong></span> <span class='ocrx_word' id='word_1_115' title='bbox 828 2071 902 2126; x_wconf 90' lang='lat' dir='ltr'><strong>toto</strong></span> <span class='ocrx_word' id='word_1_116' title='bbox 917 2061 991 2127; x_wconf 84' lang='lat' dir='ltr'><strong>lere</strong></span> <span class='ocrx_word' id='word_1_117' title='bbox 1006 2080 1100 2126; x_wconf 90' lang='lat' dir='ltr'><strong>anno</strong></span> <span class='ocrx_word' id='word_1_118' title='bbox 1119 2064 1156 2126; x_wconf 90' lang='lat' dir='ltr'><strong>in</strong></span> <span class='ocrx_word' id='word_1_119' title='bbox 1170 2064 1238 2128; x_wconf 90' lang='lat' dir='ltr'><strong>hac</strong></span> <span class='ocrx_word' id='word_1_120' title='bbox 1253 2067 1487 2146; x_wconf 86' lang='lat' dir='ltr'><strong>occupatione</strong></span> 
     </span>
     <span class='ocr_line' id='line_1_17' title="bbox 255 2169 1485 2255; baseline 0.001 -18"><span class='ocrx_word' id='word_1_121' title='bbox 255 2172 517 2238; x_wconf 81' lang='lat' dir='ltr'><strong>confessionum</strong></span> <span class='ocrx_word' id='word_1_122' title='bbox 529 2169 633 2251; x_wconf 88' lang='lat' dir='ltr'><strong>hujus</strong></span> <span class='ocrx_word' id='word_1_123' title='bbox 644 2170 764 2250; x_wconf 91' lang='lat' dir='ltr'><strong>populi</strong></span> <span class='ocrx_word' id='word_1_124' title='bbox 775 2170 1043 2248; x_wconf 87' lang='lat' dir='ltr'><strong>audiendarum,</strong></span> <span class='ocrx_word' id='word_1_125' title='bbox 1065 2188 1108 2234; x_wconf 90' lang='lat' dir='ltr'><strong>ac</strong></span> <span class='ocrx_word' id='word_1_126' title='bbox 1123 2171 1375 2251; x_wconf 89' lang='lat' dir='ltr'><strong>primariorum</strong></span> <span class='ocrx_word' id='word_1_127' title='bbox 1386 2191 1485 2255; x_wconf 92' lang='lat' dir='ltr'><strong>prae·</strong></span> 
     </span>
     <span class='ocr_line' id='line_1_18' title="bbox 252 2277 1484 2361; baseline 0.002 -18"><span class='ocrx_word' id='word_1_128' title='bbox 252 2279 376 2343; x_wconf 91' lang='lat' dir='ltr'><strong>sertim</strong></span> <span class='ocrx_word' id='word_1_129' title='bbox 386 2279 567 2343; x_wconf 88' lang='lat' dir='ltr'><strong>bominum</strong></span> <span class='ocrx_word' id='word_1_130' title='bbox 580 2279 762 2357; x_wconf 90' lang='lat' dir='ltr'><strong>utriusque</strong></span> <span class='ocrx_word' id='word_1_131' title='bbox 776 2293 894 2354; x_wconf 85' lang='lat' dir='ltr'><strong>sexus,</strong></span> <span class='ocrx_word' id='word_1_132' title='bbox 909 2285 945 2340; x_wconf 95' lang='lat' dir='ltr'><strong>et</strong></span> <span class='ocrx_word' id='word_1_133' title='bbox 956 2277 1250 2342; x_wconf 88' lang='lat' dir='ltr'><strong>scholasticorum</strong></span> <span class='ocrx_word' id='word_1_134' title='bbox 1260 2283 1484 2361; x_wconf 88' lang='lat' dir='ltr'><strong>praesertim,</strong></span> 
     </span>
     <span class='ocr_line' id='line_1_19' title="bbox 252 2382 1485 2468; baseline 0.002 -19"><span class='ocrx_word' id='word_1_135' title='bbox 252 2395 538 2466; x_wconf 88' lang='lat' dir='ltr'><strong>perseverarunt.</strong></span> <span class='ocrx_word' id='word_1_136' title='bbox 555 2384 600 2450; x_wconf 89' lang='lat' dir='ltr'><strong>Et</strong></span> <span class='ocrx_word' id='word_1_137' title='bbox 615 2401 660 2448; x_wconf 82' lang='lat' dir='ltr'><strong>cx</strong></span> <span class='ocrx_word' id='word_1_138' title='bbox 674 2382 875 2464; x_wconf 89' lang='lat' dir='ltr'><strong>hujusmodi</strong></span> <span class='ocrx_word' id='word_1_139' title='bbox 890 2383 1172 2448; x_wconf 83' lang='lat' dir='ltr'><strong>confessionibus</strong></span> <span class='ocrx_word' id='word_1_140' title='bbox 1186 2387 1318 2450; x_wconf 90' lang='lat' dir='ltr'><strong>multae</strong></span> <span class='ocrx_word' id='word_1_141' title='bbox 1336 2403 1485 2468; x_wconf 88' lang='lat' dir='ltr'><strong>genera·</strong></span> 
     </span>
     <span class='ocr_line' id='line_1_20' title="bbox 252 2491 1484 2572; baseline 0.002 -16"><span class='ocrx_word' id='word_1_142' title='bbox 252 2495 304 2556; x_wconf 89' lang='lat' dir='ltr'><strong>les</strong></span> <span class='ocrx_word' id='word_1_143' title='bbox 318 2493 426 2556; x_wconf 89' lang='lat' dir='ltr'><strong>totius</strong></span> <span class='ocrx_word' id='word_1_144' title='bbox 441 2492 537 2555; x_wconf 89' lang='lat' dir='ltr'><strong>vitae</strong></span> <span class='ocrx_word' id='word_1_145' title='bbox 551 2491 705 2565; x_wconf 84' lang='lat' dir='ltr'><strong>fuerunt,</strong></span> <span class='ocrx_word' id='word_1_146' title='bbox 723 2507 811 2571; x_wconf 90' lang='lat' dir='ltr'><strong>quas</strong></span> <span class='ocrx_word' id='word_1_147' title='bbox 825 2506 956 2570; x_wconf 89' lang='lat' dir='ltr'><strong>magna</strong></span> <span class='ocrx_word' id='word_1_148' title='bbox 971 2491 1158 2555; x_wconf 89' lang='lat' dir='ltr'><strong>renovatio</strong></span> <span class='ocrx_word' id='word_1_149' title='bbox 1169 2492 1316 2572; x_wconf 90' lang='lat' dir='ltr'><strong>spiritus</strong></span> <span class='ocrx_word' id='word_1_150' title='bbox 1327 2504 1362 2556; x_wconf 89' lang='lat' dir='ltr'><strong>et</strong></span> <span class='ocrx_word' id='word_1_151' title='bbox 1373 2503 1484 2558; x_wconf 89' lang='lat' dir='ltr'><strong>muta·</strong></span> 
     </span>
     <span class='ocr_line' id='line_1_21' title="bbox 252 2596 1486 2680; baseline 0.002 -17"><span class='ocrx_word' id='word_1_152' title='bbox 252 2601 302 2664; x_wconf 92' lang='lat' dir='ltr'><strong>tio</strong></span> <span class='ocrx_word' id='word_1_153' title='bbox 317 2599 354 2662; x_wconf 90' lang='lat' dir='ltr'><strong>in</strong></span> <span class='ocrx_word' id='word_1_154' title='bbox 374 2601 492 2664; x_wconf 91' lang='lat' dir='ltr'><strong>multis</strong></span> <span class='ocrx_word' id='word_1_155' title='bbox 511 2599 734 2680; x_wconf 89' lang='lat' dir='ltr'><strong>sequebatur.</strong></span> <span class='ocrx_word' id='word_1_156' title='bbox 756 2596 968 2678; x_wconf 89' lang='lat' dir='ltr'><strong>Hujusmodi</strong></span> <span class='ocrx_word' id='word_1_157' title='bbox 987 2610 1106 2662; x_wconf 90' lang='lat' dir='ltr'><strong>autem</strong></span> <span class='ocrx_word' id='word_1_158' title='bbox 1131 2599 1373 2664; x_wconf 82' lang='lat' dir='ltr'><strong>consessiones</strong></span> <span class='ocrx_word' id='word_1_159' title='bbox 1393 2601 1486 2666; x_wconf 87' lang='lat' dir='ltr'><strong>defe-</strong></span> 
     </span>
     <span class='ocr_line' id='line_1_22' title="bbox 253 2706 1487 2788; baseline 0.002 -17"><span class='ocrx_word' id='word_1_160' title='bbox 253 2719 331 2771; x_wconf 91' lang='lat' dir='ltr'><strong>ctus</strong></span> <span class='ocrx_word' id='word_1_161' title='bbox 345 2707 633 2788; x_wconf 90' lang='lat' dir='ltr'><strong>praecedentium</strong></span> <span class='ocrx_word' id='word_1_162' title='bbox 647 2706 858 2787; x_wconf 89' lang='lat' dir='ltr'><strong>supplebant</strong></span> <span class='ocrx_word' id='word_1_163' title='bbox 873 2706 909 2770; x_wconf 91' lang='lat' dir='ltr'><strong>in</strong></span> <span class='ocrx_word' id='word_1_164' title='bbox 928 2707 1123 2787; x_wconf 90' lang='lat' dir='ltr'><strong>plerisque,</strong></span> <span class='ocrx_word' id='word_1_165' title='bbox 1143 2709 1203 2787; x_wconf 93' lang='lat' dir='ltr'><strong>qui</strong></span> <span class='ocrx_word' id='word_1_166' title='bbox 1222 2712 1354 2771; x_wconf 91' lang='lat' dir='ltr'><strong>multos</strong></span> <span class='ocrx_word' id='word_1_167' title='bbox 1372 2726 1487 2773; x_wconf 88' lang='lat' dir='ltr'><strong>annos</strong></span> 
     </span>
     <span class='ocr_line' id='line_1_23' title="bbox 252 2812 1486 2894; baseline 0.002 -16"><span class='ocrx_word' id='word_1_168' title='bbox 252 2814 289 2878; x_wconf 90' lang='lat' dir='ltr'><strong>in</strong></span> <span class='ocrx_word' id='word_1_169' title='bbox 313 2814 470 2894; x_wconf 87' lang='lat' dir='ltr'><strong>peccatis</strong></span> <span class='ocrx_word' id='word_1_170' title='bbox 493 2814 627 2877; x_wconf 88' lang='lat' dir='ltr'><strong>versati</strong></span> <span class='ocrx_word' id='word_1_171' title='bbox 652 2825 764 2891; x_wconf 88' lang='lat' dir='ltr'><strong>erant,</strong></span> <span class='ocrx_word' id='word_1_172' title='bbox 791 2823 824 2877; x_wconf 89' lang='lat' dir='ltr'><strong>et</strong></span> <span class='ocrx_word' id='word_1_173' title='bbox 850 2831 914 2893; x_wconf 90' lang='lat' dir='ltr'><strong>per</strong></span> <span class='ocrx_word' id='word_1_174' title='bbox 935 2812 1003 2877; x_wconf 90' lang='lat' dir='ltr'><strong>Dei</strong></span> <span class='ocrx_word' id='word_1_175' title='bbox 1024 2814 1178 2893; x_wconf 85' lang='lat' dir='ltr'><strong>gratiam</strong></span> <span class='ocrx_word' id='word_1_176' title='bbox 1200 2816 1245 2877; x_wconf 92' lang='lat' dir='ltr'><strong>ab</strong></span> <span class='ocrx_word' id='word_1_177' title='bbox 1266 2832 1389 2880; x_wconf 91' lang='lat' dir='ltr'><strong>eorum</strong></span> <span class='ocrx_word' id='word_1_178' title='bbox 1411 2817 1486 2880; x_wconf 92' lang='lat' dir='ltr'><strong>luto</strong></span> 
     </span>
     <span class='ocr_line' id='line_1_24' title="bbox 256 2922 498 3001; baseline -0.012 -17"><span class='ocrx_word' id='word_1_179' title='bbox 256 2922 498 3001; x_wconf 85' lang='lat' dir='ltr'><strong>emergebant.</strong></span> 
     </span>
    </p>

    <p class='ocr_par' dir='ltr' id='par_1_5' title="bbox 254 3014 1486 3322">
     <span class='ocr_line' id='line_1_25' title="bbox 312 3014 1486 3106; baseline 0.003 -15"><span class='ocrx_word' id='word_1_180' title='bbox 312 3014 403 3092; x_wconf 84' lang='grc'>2427.</span> <span class='ocrx_word' id='word_1_181' title='bbox 446 3027 486 3092; x_wconf 91' lang='lat' dir='ltr'><strong>In</strong></span> <span class='ocrx_word' id='word_1_182' title='bbox 500 3028 667 3091; x_wconf 89' lang='lat' dir='ltr'><strong>Adventu</strong></span> <span class='ocrx_word' id='word_1_183' title='bbox 683 3025 837 3104; x_wconf 89' lang='lat' dir='ltr'><strong>Domini,</strong></span> <span class='ocrx_word' id='word_1_184' title='bbox 855 3036 888 3089; x_wconf 90' lang='lat' dir='ltr'><strong>et</strong></span> <span class='ocrx_word' id='word_1_185' title='bbox 904 3026 940 3089; x_wconf 91' lang='lat' dir='ltr'><strong>in</strong></span> <span class='ocrx_word' id='word_1_186' title='bbox 955 3028 1086 3099; x_wconf 88' lang='lat' dir='ltr'><strong>sacello</strong></span> <span class='ocrx_word' id='word_1_187' title='bbox 1101 3027 1251 3106; x_wconf 83' lang='lat' dir='ltr'><strong>Collegii</strong></span> <span class='ocrx_word' id='word_1_188' title='bbox 1270 3029 1384 3093; x_wconf 90' lang='lat' dir='ltr'><strong>nostri</strong></span> <span class='ocrx_word' id='word_1_189' title='bbox 1399 3038 1434 3091; x_wconf 92' lang='lat' dir='ltr'><strong>et</strong></span> <span class='ocrx_word' id='word_1_190' title='bbox 1449 3029 1486 3094; x_wconf 87' lang='lat' dir='ltr'><strong>in</strong></span> 
     </span>
     <span class='ocr_line' id='line_1_26' title="bbox 254 3132 1486 3215; baseline 0 -16"><span class='ocrx_word' id='word_1_191' title='bbox 254 3135 459 3199; x_wconf 89' lang='lat' dir='ltr'><strong>carceribus</strong></span> <span class='ocrx_word' id='word_1_192' title='bbox 472 3134 662 3199; x_wconf 90' lang='lat' dir='ltr'><strong>conciones</strong></span> <span class='ocrx_word' id='word_1_193' title='bbox 676 3133 818 3197; x_wconf 87' lang='lat' dir='ltr'><strong>habitae</strong></span> <span class='ocrx_word' id='word_1_194' title='bbox 837 3132 995 3212; x_wconf 80' lang='lat' dir='ltr'><strong>luerunt3</strong></span> <span class='ocrx_word' id='word_1_195' title='bbox 1010 3144 1045 3197; x_wconf 93' lang='lat' dir='ltr'><strong>et</strong></span> <span class='ocrx_word' id='word_1_196' title='bbox 1065 3136 1125 3215; x_wconf 91' lang='lat' dir='ltr'><strong>qui</strong></span> <span class='ocrx_word' id='word_1_197' title='bbox 1145 3136 1249 3198; x_wconf 93' lang='lat' dir='ltr'><strong>otiosi</strong></span> <span class='ocrx_word' id='word_1_198' title='bbox 1271 3136 1307 3198; x_wconf 91' lang='lat' dir='ltr'><strong>in</strong></span> <span class='ocrx_word' id='word_1_199' title='bbox 1329 3136 1388 3199; x_wconf 89' lang='lat' dir='ltr'><strong>via</strong></span> <span class='ocrx_word' id='word_1_200' title='bbox 1408 3153 1486 3201; x_wconf 91' lang='lat' dir='ltr'><strong>cur·</strong></span> 
     </span>
     <span class='ocr_line' id='line_1_27' title="bbox 254 3241 1341 3322; baseline -0.002 -17"><span class='ocrx_word' id='word_1_201' title='bbox 254 3243 392 3321; x_wconf 89' lang='lat' dir='ltr'><strong>rebant,</strong></span> <span class='ocrx_word' id='word_1_202' title='bbox 409 3259 451 3305; x_wconf 92' lang='lat' dir='ltr'><strong>eo</strong></span> <span class='ocrx_word' id='word_1_203' title='bbox 467 3242 742 3321; x_wconf 89' lang='lat' dir='ltr'><strong>deducebantur,</strong></span> <span class='ocrx_word' id='word_1_204' title='bbox 758 3251 797 3303; x_wconf 91' lang='lat' dir='ltr'><strong>ut</strong></span> <span class='ocrx_word' id='word_1_205' title='bbox 811 3242 983 3306; x_wconf 91' lang='lat' dir='ltr'><strong>concione</strong></span> <span class='ocrx_word' id='word_1_206' title='bbox 997 3252 1033 3305; x_wconf 91' lang='lat' dir='ltr'><strong>et</strong></span> <span class='ocrx_word' id='word_1_207' title='bbox 1047 3242 1115 3322; x_wconf 92' lang='lat' dir='ltr'><strong>ipsi</strong></span> <span class='ocrx_word' id='word_1_208' title='bbox 1130 3241 1341 3307; x_wconf 81' lang='lat' dir='ltr'><strong>fruerentur.</strong></span> 
     </span>
    </p>

    <p class='ocr_par' dir='ltr' id='par_1_6' title="bbox 255 3348 1489 3752">
     <span class='ocr_line' id='line_1_28' title="bbox 314 3348 1487 3430; baseline 0.001 -17"><span class='ocrx_word' id='word_1_209' title='bbox 314 3348 405 3413; x_wconf 88' lang='grc'>2428.</span> <span class='ocrx_word' id='word_1_210' title='bbox 449 3348 516 3412; x_wconf 91' lang='lat' dir='ltr'><strong>Per</strong></span> <span class='ocrx_word' id='word_1_211' title='bbox 541 3348 712 3413; x_wconf 85' lang='lat' dir='ltr'><strong>exercitia</strong></span> <span class='ocrx_word' id='word_1_212' title='bbox 739 3348 937 3428; x_wconf 87' lang='lat' dir='ltr'><strong>spiritualia</strong></span> <span class='ocrx_word' id='word_1_213' title='bbox 962 3350 1121 3413; x_wconf 89' lang='lat' dir='ltr'><strong>nonnulli</strong></span> <span class='ocrx_word' id='word_1_214' title='bbox 1140 3350 1356 3430; x_wconf 89' lang='lat' dir='ltr'><strong>peculiarem</strong></span> <span class='ocrx_word' id='word_1_215' title='bbox 1376 3368 1397 3413; x_wconf 91' lang='lat' dir='ltr'><strong>a</strong></span> <span class='ocrx_word' id='word_1_216' title='bbox 1416 3350 1487 3414; x_wconf 94' lang='lat' dir='ltr'><strong>Do·</strong></span> 
     </span>
     <span class='ocr_line' id='line_1_29' title="bbox 255 3452 1488 3538; baseline 0.002 -19"><span class='ocrx_word' id='word_1_217' title='bbox 255 3457 350 3519; x_wconf 91' lang='lat' dir='ltr'><strong>mino</strong></span> <span class='ocrx_word' id='word_1_218' title='bbox 365 3456 520 3536; x_wconf 83' lang='lat' dir='ltr'><strong>gratiam</strong></span> <span class='ocrx_word' id='word_1_219' title='bbox 536 3464 762 3536; x_wconf 89' lang='lat' dir='ltr'><strong>acceperunt.</strong></span> <span class='ocrx_word' id='word_1_220' title='bbox 777 3452 873 3518; x_wconf 90' lang='lat' dir='ltr'><strong>Inter</strong></span> <span class='ocrx_word' id='word_1_221' title='bbox 888 3456 956 3519; x_wconf 91' lang='lat' dir='ltr'><strong>bos</strong></span> <span class='ocrx_word' id='word_1_222' title='bbox 969 3472 1061 3519; x_wconf 89' lang='lat' dir='ltr'><strong>unus</strong></span> <span class='ocrx_word' id='word_1_223' title='bbox 1072 3456 1148 3535; x_wconf 87' lang='lat' dir='ltr'><strong>fuit,</strong></span> <span class='ocrx_word' id='word_1_224' title='bbox 1162 3457 1222 3538; x_wconf 91' lang='lat' dir='ltr'><strong>qui</strong></span> <span class='ocrx_word' id='word_1_225' title='bbox 1233 3468 1330 3521; x_wconf 93' lang='lat' dir='ltr'><strong>totos</strong></span> <span class='ocrx_word' id='word_1_226' title='bbox 1342 3458 1488 3536; x_wconf 89' lang='lat' dir='ltr'><strong>triginta</strong></span> 
     </span>
     <span class='ocr_line' id='line_1_30' title="bbox 256 3560 1489 3645; baseline 0.001 -18"><span class='ocrx_word' id='word_1_227' title='bbox 256 3580 370 3627; x_wconf 90' lang='lat' dir='ltr'><strong>annos</strong></span> <span class='ocrx_word' id='word_1_228' title='bbox 383 3580 564 3643; x_wconf 90' lang='lat' dir='ltr'><strong>nunquam</strong></span> <span class='ocrx_word' id='word_1_229' title='bbox 579 3561 764 3645; x_wconf 87' lang='lat' dir='ltr'><strong>confessus</strong></span> <span class='ocrx_word' id='word_1_230' title='bbox 778 3562 895 3626; x_wconf 88' lang='lat' dir='ltr'><strong>fuerat</strong></span> <span class='ocrx_word' id='word_1_231' title='bbox 910 3560 956 3625; x_wconf 90' lang='lat' dir='ltr'><strong>ad</strong></span> <span class='ocrx_word' id='word_1_232' title='bbox 970 3562 1110 3626; x_wconf 90' lang='lat' dir='ltr'><strong>animae</strong></span> <span class='ocrx_word' id='word_1_233' title='bbox 1130 3581 1215 3628; x_wconf 89' lang='lat' dir='ltr'><strong>suae</strong></span> <span class='ocrx_word' id='word_1_234' title='bbox 1237 3566 1403 3643; x_wconf 89' lang='lat' dir='ltr'><strong>salutem,</strong></span> <span class='ocrx_word' id='word_1_235' title='bbox 1425 3565 1489 3629; x_wconf 92' lang='lat' dir='ltr'><strong>sed</strong></span> 
     </span>
     <span class='ocr_line' id='line_1_31' title="bbox 257 3669 659 3752; baseline -0.005 -19"><span class='ocrx_word' id='word_1_236' title='bbox 257 3671 376 3752; x_wconf 90' lang='lat' dir='ltr'><strong>potius</strong></span> <span class='ocrx_word' id='word_1_237' title='bbox 392 3670 438 3733; x_wconf 91' lang='lat' dir='ltr'><strong>ad</strong></span> <span class='ocrx_word' id='word_1_238' title='bbox 453 3669 659 3749; x_wconf 91' lang='lat' dir='ltr'><strong>perniciem.</strong></span> 
     </span>
    </p>

    <p class='ocr_par' dir='ltr' id='par_1_7' title="bbox 256 3774 1493 4285">
     <span class='ocr_line' id='line_1_32' title="bbox 315 3774 1492 3857; baseline 0.001 -17"><span class='ocrx_word' id='word_1_239' title='bbox 315 3776 407 3841; x_wconf 87' lang='grc'>2429.</span> <span class='ocrx_word' id='word_1_240' title='bbox 450 3776 668 3857; x_wconf 88' lang='lat' dir='ltr'><strong>Quibusdam</strong></span> <span class='ocrx_word' id='word_1_241' title='bbox 693 3776 871 3840; x_wconf 89' lang='lat' dir='ltr'><strong>damnatis</strong></span> <span class='ocrx_word' id='word_1_242' title='bbox 893 3774 938 3839; x_wconf 93' lang='lat' dir='ltr'><strong>ad</strong></span> <span class='ocrx_word' id='word_1_243' title='bbox 963 3776 1124 3840; x_wconf 91' lang='lat' dir='ltr'><strong>ultimum</strong></span> <span class='ocrx_word' id='word_1_244' title='bbox 1145 3778 1355 3857; x_wconf 91' lang='lat' dir='ltr'><strong>supplicium</strong></span> <span class='ocrx_word' id='word_1_245' title='bbox 1377 3778 1492 3841; x_wconf 90' lang='lat' dir='ltr'><strong>nostri</strong></span> 
     </span>
     <span class='ocr_line' id='line_1_33' title="bbox 256 3861 1489 3964; baseline -0.002 -14"><span class='ocrx_word' id='word_1_246' title='bbox 256 3888 364 3950; x_wconf 89' lang='lat' dir='ltr'><strong>etiam</strong></span> <span class='ocrx_word' id='word_1_247' title='bbox 390 3883 599 3963; x_wconf 83' lang='lat' dir='ltr'><strong>adfuerunt,</strong></span> <span class='ocrx_word' id='word_1_248' title='bbox 626 3893 660 3947; x_wconf 90' lang='lat' dir='ltr'><strong>et</strong></span> <span class='ocrx_word' id='word_1_249' title='bbox 680 3892 717 3945; x_wconf 92' lang='lat' dir='ltr'><strong>ut</strong></span> <span class='ocrx_word' id='word_1_250' title='bbox 736 3883 825 3946; x_wconf 91' lang='lat' dir='ltr'><strong>bene</strong></span> <span class='ocrx_word' id='word_1_251' title='bbox 847 3883 1010 3963; x_wconf 88' lang='lat' dir='ltr'><strong>dispositi</strong></span> <span class='ocrx_word' id='word_1_252' title='bbox 1030 3901 1074 3946; x_wconf 85' lang='lat' dir='ltr'><strong>ex</strong></span> <span class='ocrx_word' id='word_1_253' title='bbox 1094 3861 1163 3946; x_wconf 82' lang='lat' dir='ltr'><strong>hac</strong></span> <span class='ocrx_word' id='word_1_254' title='bbox 1187 3884 1260 3946; x_wconf 82' lang='lat' dir='ltr'><strong>vita</strong></span> <span class='ocrx_word' id='word_1_255' title='bbox 1280 3886 1489 3964; x_wconf 85' lang='lat' dir='ltr'><strong>migrarent,</strong></span> 
     </span>
     <span class='ocr_line' id='line_1_34' title="bbox 256 3989 1493 4072; baseline -0.002 -16"><span class='ocrx_word' id='word_1_256' title='bbox 256 4009 387 4071; x_wconf 85' lang='lat' dir='ltr'><strong>magno</strong></span> <span class='ocrx_word' id='word_1_257' title='bbox 402 3990 714 4065; x_wconf 81' lang='lat' dir='ltr'><strong>studio&#39;curarunt;</strong></span> <span class='ocrx_word' id='word_1_258' title='bbox 732 4006 895 4070; x_wconf 89' lang='lat' dir='ltr'><strong>quaeres</strong></span> <span class='ocrx_word' id='word_1_259' title='bbox 914 3992 1064 4054; x_wconf 89' lang='lat' dir='ltr'><strong>multum</strong></span> <span class='ocrx_word' id='word_1_260' title='bbox 1084 3989 1341 4055; x_wconf 88' lang='lat' dir='ltr'><strong>aedificationis</strong></span> <span class='ocrx_word' id='word_1_261' title='bbox 1360 3992 1493 4072; x_wconf 91' lang='lat' dir='ltr'><strong>populo</strong></span> 
     </span>
     <span class='ocr_line' id='line_1_35' title="bbox 256 4095 1491 4180; baseline 0 -19"><span class='ocrx_word' id='word_1_262' title='bbox 256 4098 429 4180; x_wconf 88' lang='lat' dir='ltr'><strong>praebuit,</strong></span> <span class='ocrx_word' id='word_1_263' title='bbox 445 4107 479 4161; x_wconf 93' lang='lat' dir='ltr'><strong>et</strong></span> <span class='ocrx_word' id='word_1_264' title='bbox 495 4098 541 4160; x_wconf 91' lang='lat' dir='ltr'><strong>ad</strong></span> <span class='ocrx_word' id='word_1_265' title='bbox 555 4095 755 4175; x_wconf 86' lang='lat' dir='ltr'><strong>hujusmodi</strong></span> <span class='ocrx_word' id='word_1_266' title='bbox 770 4096 1004 4161; x_wconf 90' lang='lat' dir='ltr'><strong>ministerium</strong></span> <span class='ocrx_word' id='word_1_267' title='bbox 1020 4098 1135 4161; x_wconf 92' lang='lat' dir='ltr'><strong>nostri</strong></span> <span class='ocrx_word' id='word_1_268' title='bbox 1149 4114 1281 4177; x_wconf 89' lang='lat' dir='ltr'><strong>magno</strong></span> <span class='ocrx_word' id='word_1_269' title='bbox 1301 4114 1382 4161; x_wconf 89' lang='lat' dir='ltr'><strong>cum</strong></span> <span class='ocrx_word' id='word_1_270' title='bbox 1401 4098 1491 4161; x_wconf 89' lang='lat' dir='ltr'><strong>desi·</strong></span> 
     </span>
     <span class='ocr_line' id='line_1_36' title="bbox 257 4203 641 4285; baseline -0.008 -17"><span class='ocrx_word' id='word_1_271' title='bbox 257 4204 357 4268; x_wconf 91' lang='lat' dir='ltr'><strong>derio</strong></span> <span class='ocrx_word' id='word_1_272' title='bbox 372 4203 641 4285; x_wconf 86' lang='lat' dir='ltr'><strong>expetebantur.</strong></span> 
     </span>
    </p>

    <p class='ocr_par' dir='ltr' id='par_1_8' title="bbox 316 4309 1493 4377">
     <span class='ocr_line' id='line_1_37' title="bbox 316 4309 1493 4377; baseline 0.001 -3"><span class='ocrx_word' id='word_1_273' title='bbox 316 4309 407 4374; x_wconf 81' lang='lat'>2430.</span> <span class='ocrx_word' id='word_1_274' title='bbox 452 4309 675 4374; x_wconf 90' lang='lat' dir='ltr'><strong>Reducendis</strong></span> <span class='ocrx_word' id='word_1_275' title='bbox 695 4310 802 4374; x_wconf 89' lang='lat' dir='ltr'><strong>etiam</strong></span> <span class='ocrx_word' id='word_1_276' title='bbox 821 4310 1066 4375; x_wconf 90' lang='lat' dir='ltr'><strong>meretricibus</strong></span> <span class='ocrx_word' id='word_1_277' title='bbox 1086 4311 1132 4374; x_wconf 90' lang='lat' dir='ltr'><strong>ad</strong></span> <span class='ocrx_word' id='word_1_278' title='bbox 1152 4312 1248 4375; x_wconf 84' lang='lat' dir='ltr'><strong>vitae</strong></span> <span class='ocrx_word' id='word_1_279' title='bbox 1269 4314 1493 4377; x_wconf 89' lang='lat' dir='ltr'><strong>honestatem</strong></span> 
     </span>
    </p>
   </div>
   <div class='ocr_carea' id='block_1_3' title="bbox 265 4448 478 4462">
    <p class='ocr_par' dir='ltr' id='par_1_9' title="bbox 265 4448 478 4462">
     <span class='ocr_line' id='line_1_38' title="bbox 265 4448 478 4462; baseline -0.014 0"><span class='ocrx_word' id='word_1_280' title='bbox 265 4448 478 4462; x_wconf 69' lang='lat' dir='ltr'><strong>-nn—</strong></span> 
     </span>
    </p>
   </div>
   <div class='ocr_carea' id='block_1_4' title="bbox 255 4511 1498 4713">
    <p class='ocr_par' dir='ltr' id='par_1_10' title="bbox 255 4511 1498 4713">
     <span class='ocr_line' id='line_1_39' title="bbox 257 4511 1496 4572; baseline 0.002 -14"><span class='ocrx_word' id='word_1_281' title='bbox 257 4511 258 4515; x_wconf 74' lang='grc'>’</span> <span class='ocrx_word' id='word_1_282' title='bbox 297 4516 307 4549; x_wconf 89' lang='lat'><strong>¹</strong></span> <span class='ocrx_word' id='word_1_283' title='bbox 335 4514 427 4559; x_wconf 83' lang='lat' dir='ltr'><strong>Comes</strong></span> <span class='ocrx_word' id='word_1_284' title='bbox 435 4515 466 4559; x_wconf 85' lang='lat' dir='ltr'><strong>de</strong></span> <span class='ocrx_word' id='word_1_285' title='bbox 476 4514 611 4572; x_wconf 83' lang='lat' dir='ltr'><strong>Monterey</strong></span> <span class='ocrx_word' id='word_1_286' title='bbox 621 4522 679 4560; x_wconf 81' lang='lat' dir='ltr'><strong>erat</strong></span> <span class='ocrx_word' id='word_1_287' title='bbox 691 4516 841 4569; x_wconf 79' lang='lat' dir='ltr'><strong>Alphonnus</strong></span> <span class='ocrx_word' id='word_1_288' title='bbox 853 4516 884 4559; x_wconf 89' lang='lat' dir='ltr'><strong>de</strong></span> <span class='ocrx_word' id='word_1_289' title='bbox 901 4516 1022 4560; x_wconf 84' lang='lat' dir='ltr'><strong>Acebedo</strong></span> <span class='ocrx_word' id='word_1_290' title='bbox 1040 4522 1066 4561; x_wconf 84' lang='lat' dir='ltr'><strong>et</strong></span> <span class='ocrx_word' id='word_1_291' title='bbox 1077 4516 1186 4572; x_wconf 64' lang='lat' dir='ltr'><strong>Znniw</strong></span> <span class='ocrx_word' id='word_1_292' title='bbox 1202 4518 1390 4572; x_wconf 72' lang='lat' dir='ltr'><strong>primogenitus</strong></span> <span class='ocrx_word' id='word_1_293' title='bbox 1407 4522 1496 4561; x_wconf 75' lang='lat' dir='ltr'><strong>antem</strong></span> 
     </span>
     <span class='ocr_line' id='line_1_40' title="bbox 256 4584 1498 4649; baseline 0.002 -20"><span class='ocrx_word' id='word_1_294' title='bbox 256 4586 337 4649; x_wconf 68' lang='lat' dir='ltr'><strong>,palus</strong></span> <span class='ocrx_word' id='word_1_295' title='bbox 351 4584 525 4641; x_wconf 77' lang='lat' dir='ltr'><strong>Hieronymus</strong></span> <span class='ocrx_word' id='word_1_296' title='bbox 535 4585 566 4629; x_wconf 86' lang='lat' dir='ltr'><strong>de</strong></span> <span class='ocrx_word' id='word_1_297' title='bbox 581 4585 712 4629; x_wconf 87' lang='lat' dir='ltr'><strong>Acebedo.</strong></span> <span class='ocrx_word' id='word_1_298' title='bbox 725 4584 792 4628; x_wconf 87' lang='lat' dir='ltr'><strong>Vlde</strong></span> <span class='ocrx_word' id='word_1_299' title='bbox 811 4584 933 4630; x_wconf 78' lang='lat' dir='ltr'><strong>Litterae</strong></span> <span class='ocrx_word' id='word_1_300' title='bbox 943 4586 1175 4640; x_wconf 78' lang='lat' dir='ltr'><strong>Quadrimestres,</strong></span> <span class='ocrx_word' id='word_1_301' title='bbox 1184 4595 1204 4633; x_wconf 92' lang='lat' dir='ltr'><strong>t.</strong></span> <span class='ocrx_word' id='word_1_302' title='bbox 1219 4599 1255 4643; x_wconf 81' lang='grc' dir='ltr'><strong>ιν,</strong></span> <span class='ocrx_word' id='word_1_303' title='bbox 1265 4599 1326 4644; x_wconf 78' lang='lat' dir='ltr'><strong>pag.</strong></span> <span class='ocrx_word' id='word_1_304' title='bbox 1337 4588 1385 4638; x_wconf 79' lang='grc'>205,</span> <span class='ocrx_word' id='word_1_305' title='bbox 1396 4598 1429 4631; x_wconf 87' lang='lat' dir='ltr'><strong>ex</strong></span> <span class='ocrx_word' id='word_1_306' title='bbox 1442 4588 1498 4643; x_wconf 85' lang='lat' dir='ltr'><strong>qui·</strong></span> 
     </span>
     <span class='ocr_line' id='line_1_41' title="bbox 255 4657 1118 4713; baseline 0.006 -12"><span class='ocrx_word' id='word_1_307' title='bbox 255 4659 304 4702; x_wconf 79' lang='lat' dir='ltr'><strong>bns</strong></span> <span class='ocrx_word' id='word_1_308' title='bbox 315 4657 527 4703; x_wconf 70' lang='lat' dir='ltr'><strong>rotmannum</strong></span> <span class='ocrx_word' id='word_1_309' title='bbox 537 4658 699 4713; x_wconf 76' lang='lat' dir='ltr'><strong>deprompsit</strong></span> <span class='ocrx_word' id='word_1_310' title='bbox 709 4658 743 4702; x_wconf 83' lang='lat' dir='ltr'><strong>ad</strong></span> <span class='ocrx_word' id='word_1_311' title='bbox 754 4658 821 4702; x_wconf 83' lang='lat' dir='ltr'><strong>hunc</strong></span> <span class='ocrx_word' id='word_1_312' title='bbox 832 4659 918 4703; x_wconf 85' lang='lat' dir='ltr'><strong>locum</strong></span> <span class='ocrx_word' id='word_1_313' title='bbox 928 4661 1118 4706; x_wconf 76' lang='lat' dir='ltr'><strong>narratlonem.</strong></span> 
     </span>
    </p>
   </div>
   <div class='ocr_carea' id='block_1_5' title="bbox 407 4746 1341 4823">
    <p class='ocr_par' dir='ltr' id='par_1_11' title="bbox 407 4746 1341 4823">
     <span class='ocr_line' id='line_1_42' title="bbox 407 4746 1341 4823; baseline 0.004 -21"><span class='ocrx_word' id='word_1_314' title='bbox 407 4746 445 4804; x_wconf 86' lang='lat' dir='ltr'><strong>T.</strong></span> <span class='ocrx_word' id='word_1_315' title='bbox 464 4764 507 4805; x_wconf 75' lang='lat' dir='ltr'><strong>vr.</strong></span> <span class='ocrx_word' id='word_1_316' title='bbox 1305 4750 1341 4823; x_wconf 82' lang='lat'><strong>36</strong></span> 
     </span>
    </p>
   </div>
   <div class='ocr_carea' id='block_1_6' title="bbox 0 0 1831 5350">
    <p class='ocr_par' dir='ltr' id='par_1_12' title="bbox 0 0 1831 5350">
     <span class='ocr_line' id='line_1_43' title="bbox 0 0 1831 5350; baseline 0 0"><span class='ocrx_word' id='word_1_317' title='bbox 0 0 1831 5350; x_wconf 95' lang='lat' dir='ltr'><strong> </strong></span> 
     </span>
    </p>
   </div>
  </div>
 </body>
</html>
