3642 5350
355 392 410 471 452
815 393 944 454 Casan.
965 392 1040 453 Soc.
1061 393 1131 467 Jas.

356 548 434 603 ctor
456 546 599 602 nostros
620 538 729 603 libere
748 555 854 619 posse
868 539 943 603 suis
962 538 1089 603 studiis
1110 547 1146 602 et
1164 539 1271 603 rebus
1290 538 1422 602 divinis
1440 556 1586 609 vacare.

355 645 558 726 Aliquando
574 655 693 710 autem
708 647 875 727 sperabat
890 645 1035 709 domum
1050 648 1205 726 amplam
1220 645 1321 709 nobis
1334 645 1538 710 donandam
1550 656 1588 716 et

356 753 492 817 reditus
517 752 718 832 augendos,
744 755 895 818 innuens
920 753 1015 833 quod
1045 764 1130 827 tunc
1154 754 1225 817 alia
1252 754 1344 816 ratio
1369 752 1589 819 domesticae

357 860 589 925 oeconomiae
604 861 809 925 necessaria
822 861 942 925 lutura
954 869 1042 925 erat.

421 966 510 1029 1941.
553 965 798 1031 Cancellarius
826 968 1035 1047 leodiensiS,
1065 985 1146 1031 curn
1173 966 1326 1033 Lovanii
1352 978 1464 1043 esset,
1496 970 1587 1039 ursit

355 1073 394 1137 Ρ.
417 1074 616 1139 Adrianum
637 1084 676 1138 ut
700 1075 872 1139 scriberet
892 1074 931 1139 P.
958 1074 1106 1140 Vicario
1127 1086 1252 1155 optare
1270 1092 1308 1139 se
1330 1077 1420 1141 duos
1433 1078 1490 1141 vel
1513 1086 1589 1142 tres

355 1181 482 1247 Patres
496 1180 686 1246 Societatis
701 1182 871 1247 Leodium
886 1182 989 1261 mitti,
1007 1200 1096 1262 quos
1108 1182 1183 1263 ipse
1197 1199 1264 1245 sua
1278 1200 1402 1247 mensa
1421 1192 1585 1263 exceptu·

355 1306 417 1352 rus
431 1299 525 1367 erat,
542 1297 577 1352 et
592 1289 711 1353 omnia
725 1290 930 1353 necessaria
950 1289 1293 1354 subministraturus
1315 1290 1360 1355 Et
1378 1290 1491 1370 primo
1506 1292 1589 1355 loco

353 1396 642 1460 concionatorem
663 1396 827 1477 aliquem,
844 1396 903 1476 qui
923 1397 1033 1461 latine
1047 1396 1196 1460 verbum
1210 1397 1279 1462 Dei
1293 1408 1518 1478 proponeret;
1531 1415 1586 1461 se·

355 1504 472 1567 cundo
491 1505 573 1567 loco
589 1504 878 1568 concionatorem
893 1505 1045 1583 gallicae
1059 1504 1214 1583 linguae;
1231 1504 1381 1568 sednon
1395 1513 1494 1569 tanta
1508 1516 1586 1573 erat

354 1612 649 1675 concionatorum
665 1612 779 1691 copia,
797 1620 835 1674 ut
851 1622 925 1675 tam
940 1612 1040 1675 multi
1055 1621 1199 1692 possent
1213 1611 1386 1675 Leodium
1401 1611 1502 1675 mitti.

417 1717 505 1785 1942.
549 1716 671 1782 Mense
686 1718 875 1782 Decembri
891 1718 1074 1782 admonuit
1087 1719 1181 1783 idem
1196 1718 1234 1781 Ρ.
1246 1718 1428 1783 Adrianus
1441 1718 1587 1787 domum

356 1844 398 1896 ac
415 1826 522 1891 situm
542 1843 608 1907 pro
629 1826 807 1889 erectione
827 1826 977 1905 Collegii
996 1827 1120 1903 nostri,
1140 1827 1229 1888 satis
1248 1827 1415 1906 amplum,
1436 1825 1530 1890 mille
1548 1836 1589 1897 et

357 1933 520 1997 ducentis
535 1932 675 1997 ducatis
689 1941 845 2013 emptum
858 1927 949 2011 esse,
965 1941 1000 1995 et
1014 1932 1103 1997 duos
1122 1933 1227 1996 vivos
1248 1931 1366 1995 fontes
1386 1942 1422 1995 et
1439 1941 1586 2013 puteum

357 2040 590 2104 domesticum
604 2039 736 2103 habere
751 2038 903 2121 dicebat,
917 2050 951 2103 et
963 2041 1058 2120 quod
1067 2039 1132 2103 Dr.
1145 2041 1296 2119 insignis
1306 2039 1423 2118 Assel‚
1436 2039 1496 2119 qui
1509 2038 1540 2103 T
1540 2041 1585 2103 ri·

353 2146 450 2210 denti
466 2146 613 2225 obierat,
631 2163 711 2209 eam
725 2146 915 2228 aliquando
930 2149 1074 2211 domum
1093 2147 1329 2212 habitaverat.

417 2253 506 2319 1948.
549 2254 633 2317 Post
655 2271 835 2318 recessum
855 2253 893 2317 P.
918 2254 1188 2336 Ribadeneyrac
1203 2254 1379 2319 Dominus
1393 2252 1520 2319 Petrus
1541 2255 1589 2318 de

355 2360 484 2425 Zarate
500 2361 619 2441 aliqua
635 2358 825 2425 Societatis
839 2364 983 2441 negotia
1002 2363 1039 2425 in
1059 2362 1169 2442 Regis
1188 2362 1286 2425 curia
1306 2361 1448 2441 agebat,
1465 2379 1508 2426 ac
1522 2360 1588 2425 Co·

353 2468 449 2533 mitis
465 2468 590 2531 Feriae
609 2467 734 2531 favore
753 2467 799 2531 ad
821 2485 877 2531 res
897 2466 1087 2532 Societatis
1103 2467 1281 2547 juvandas
1295 2485 1436 2549 semper
1455 2468 1506 2532 uti
1525 2486 1588 2548 po=

354 2583 461 2639 terat.

417 2683 505 2746 1944.
549 2682 762 2747 Admonitus
787 2683 895 2746 etiam
916 2682 981 2747 suit
1001 2683 1202 2748 Cardinalis
1221 2682 1328 2747 Polus
1355 2681 1364 2714 ¹
1390 2685 1427 2747 in
1451 2685 1588 2763 Anglia

353 2790 396 2853 de
409 2789 448 2853 P.
464 2788 594 2869 ignatii
608 2788 767 2868 decessu,
789 2799 822 2852 et
844 2807 924 2852 cum
944 2807 982 2852 se
1002 2788 1156 2854 doluisse
1175 2788 1219 2853 de
1236 2788 1426 2854 Societatis
1442 2790 1584 2872 jactura

352 2894 391 2960 P.
410 2895 555 2961 Vicario
570 2895 714 2976 Laynez
729 2895 982 2977 respondisset;
998 2898 1094 2976 quod
1107 2898 1183 2976 ipse
1195 2898 1231 2961 in
1243 2898 1318 2979 ejus
1333 2899 1450 2965 locum
1464 2915 1583 2963 succe-

352 3003 462 3082 deret,
486 3013 695 3084 pergratum
716 3002 879 3067 sibilare
905 3003 1133 3086 significavit;
1158 3015 1193 3068 et
1218 3023 1320 3070 suam
1346 3022 1492 3086 operam
1514 3006 1585 3085 ipsi

353 3109 517 3187 offerens,
534 3109 621 3173 nihil
636 3118 776 3191 praeter
792 3111 971 3176 orationes
991 3112 1037 3174 ad
1056 3111 1211 3192 Angliae
1226 3113 1398 3176 auxilium
1418 3131 1440 3176 a
1459 3122 1585 3184 nostra

352 3216 529 3281 Societate
544 3235 582 3280 se
597 3227 763 3298 expetere
779 3217 1008 3297 significavit.

413 3323 457 3388 Et
471 3323 560 3388 haec
576 3324 618 3388 de
633 3324 851 3389 Lovaniensi
866 3325 1038 3407 Collegio.

573 3641 758 3708 ADDITA
781 3643 1017 3710 COLLEGIO
1039 3644 1359 3714 LOVANIENSI'

417 3855 504 3920 1945.
549 3856 738 3936 Negotium
763 3858 980 3923 fundationis
1000 3860 1231 3938 collegiorum
1247 3879 1318 3926 non
1339 3863 1490 3942 exiguas
1508 3865 1584 3944 pati

306 3997 309 4008 =
353 3963 576 4028 difficultates
591 3965 720 4046 coepit,
737 3983 817 4029 cum
833 3967 950 4030 adhuc
965 3977 1059 4030 esset
1070 3967 1288 4048 Antuerpiae
1299 3969 1377 4034 Rex
1387 3969 1585 4052 Philippus,

394 4203 401 4236 Ι
432 4203 592 4257 ΒεεΙιιεΜιιι
603 4204 680 4250 Polus
689 4205 774 4258 (Pola)
785 4205 942 4260 cardinalis,
954 4206 1071 4261 Legatos
1079 4209 1192 4263 Anpllae
1203 4210 1228 4254 in
1239 4210 1319 4264 Urbe,
1329 4212 1361 4255 de
1371 4223 1421 4267 quo
1429 4223 1508 4267 saepe
1517 4224 1585 4258 men·

353 4273 389 4318 tlo
400 4275 471 4322 iacta
482 4283 531 4321 cst.
542 4275 609 4322 Vide
620 4288 708 4332 supra,
720 4283 740 4322 t.
751 4290 777 4331 v,
793 4289 853 4332 pag.
863 4279 898 4330 35,
910 4290 934 4322 n.
949 4277 1054 4333 613pag.
1068 4279 1118 4332 301,
1134 4293 1159 4324 n.
1168 4281 1217 4335 sl7;
1233 4293 1294 4336 pag.
1302 4281 1352 4338 316,
1366 4283 1451 4339 111418,
1466 4294 1527 4339 pac.
1536 4285 1588 4340 om,

352 4356 376 4389 n.
387 4346 447 4400 totu
460 4347 554 4390 Canus
564 4349 598 4391 de
609 4347 664 4391 San
675 4349 794 4402 Ignacr'o,
804 4355 821 4392 t.
835 4359 871 4402 vr,
883 4350 985 4403 pagato.
995 4350 1030 4399 47,
1038 4351 1086 4404 419,
1094 4350 1144 4402 tto,
1153 4352 1203 4405 «135,
1211 4352 1262 4397 4611.

393 4417 404 4448 ²
432 4417 460 4461 In
472 4417 565 4462 Codice
576 4430 623 4462 ma.
639 4431 700 4474 pag.
710 4419 759 4470 943,
776 4427 833 4474 post
846 4422 935 4464 verba:
951 4419 986 4463 Er
1002 4421 1068 4465 haec
1084 4423 1117 4466 de
1131 4422 1298 4468 Lovam'ensi
1311 4423 1434 4479 Collealo,
1445 4426 1588 4482 interiectu

352 4487 460 4532 duorum
475 4501 597 4534 versuum
612 4491 706 4544 spatio.
725 4493 864 4546 apponitur
879 4491 977 4536 litteris
993 4493 1126 4546 aliquanto
1143 4495 1333 4552 grandloribus,
1348 4497 1374 4542 in
1388 4498 1474 4543 media
1487 4499 1584 4554 patius

352 4557 394 4603 hlc
404 4559 504 4604 titulus:
515 4559 555 4604 Da
565 4572 666 4604 nosram
675 4561 893 4606 Toanncausrnua.
904 4564 940 4608 At
951 4575 1016 4607 vero
1026 4567 1103 4619 paulo
1113 4565 1189 4619 inira,
1200 4578 1260 4621 pag.
1270 4567 1318 4621 950.
1333 4568 1360 4613 ln
1369 4576 1445 4624 parte
1455 4570 1586 4626 superiori

351 4631 470 4686 chartae,
480 4632 549 4676 linea
559 4643 575 4676 a
590 4634 757 4686 sequentibus
768 4641 899 4688 separata,
909 4636 1001 4679 titulus
1011 4635 1059 4682 blo.
1068 4637 1226 4683 inscribitur:
1237 4639 1340 4684 Anarta
1354 4639 1484 4686 eorcnoro
1497 4641 1584 4688 Lon·
1672 4657 1675 4660 ·
