3642 5350
350 416 406 484 tlt
810 416 936 485 Crtnon.
956 422 1032 488 Soc.
1047 424 1118 500 Jns.

354 564 424 633 alia
453 584 561 649 opera
590 567 775 637 charitatis
801 570 890 635 duos
915 570 1080 653 juvenes,
1110 570 1157 637 ad
1176 570 1339 636 ultimum
1363 568 1576 651 suppliciunt

352 671 589 754 deducendos,
605 676 796 744 comitatus
810 687 846 742 et
860 679 1065 744 consolatus
1079 688 1144 745 est:
1161 686 1196 742 et
1207 679 1356 745 alterum
1369 694 1492 743 eorum
1503 693 1575 743 ma·

351 795 509 863 gnopere
537 780 688 867 adjuvit,
715 794 752 850 ut
780 794 966 851 contentus
992 794 1028 853 et
1056 785 1093 853 in
1120 785 1252 867 optimo
1280 793 1377 851 statu
1404 784 1575 853 decedere

294 886 296 889 ’
349 888 538 954 videretur.

413 996 501 1064 1274.
545 998 707 1069 Alterum
720 1018 790 1069 non
806 1002 951 1083 perinde
963 1001 1087 1085 potuit,
1101 1003 1196 1084 quod
1208 1002 1377 1069 sacerdos
1387 1018 1457 1065 non
1468 1006 1572 1077 esset,

348 1103 486 1184 juvare.
503 1104 627 1173 Nullus
641 1118 760 1173 autem
774 1110 956 1189 sacerdos,
972 1110 1032 1192 qui
1047 1127 1169 1175 eorum
1184 1108 1307 1175 audire
1322 1109 1429 1175 vellet
1440 1105 1576 1173 coales-

351 1208 480 1291 sioncs,
498 1212 663 1281 inventus
677 1225 742 1280 est.
758 1215 860 1297 Quod
876 1234 987 1297 usque
1002 1217 1091 1283 adeo
1106 1219 1198 1282 malo
1213 1216 1337 1283 habuit
1352 1213 1575 1281 Praefectum

351 1318 460 1399 urbis,
476 1329 515 1384 ut
529 1337 652 1387 omnes
665 1324 870 1391 sacerdotes
889 1324 1039 1389 Xacbae
1058 1326 1095 1389 in
1114 1342 1297 1389 carcerem
1316 1322 1492 1404 conjicere
1515 1340 1576 1385 vo·

352 1426 466 1489 inerit.
483 1424 553 1491 Sed
569 1428 628 1509 illi,
650 1431 946 1511 quemadmodum
965 1432 1129 1511 superius
1149 1432 1306 1496 diximus
1326 1438 1347 1510 ¹,
1371 1448 1442 1495 uon
1462 1430 1576 1497 solum

351 1531 435 1611 quid
460 1531 590 1601 infame
615 1537 866 1603 existimabant
893 1539 985 1603 hanc
1010 1556 1155 1620 operam
1184 1540 1236 1602 eis
1264 1535 1485 1619 impendere,
1513 1534 1577 1599 sed

353 1638 524 1706 timebant
537 1642 646 1707 etiam
660 1661 704 1708 ne
725 1645 864 1711 animae
884 1646 1025 1711 illorum
1043 1646 1090 1710 ad
1109 1664 1149 1709 sc
1167 1644 1381 1710 cruciandos
1400 1643 1575 1721 venirent,

352 1755 386 1809 et
408 1750 627 1830 usqueadeo
647 1751 736 1817 haec
756 1753 846 1817 falsa
865 1752 984 1833 opinio
1007 1754 1147 1819 animos
1167 1753 1361 1817 siculorum
1380 1750 1523 1829 invasit,
1539 1758 1578 1813 ut

355 1870 437 1917 raro
464 1856 591 1937 aliquis
613 1858 784 1924 moriatur
805 1860 890 1941 quio
912 1860 1040 1941 aliquis
1060 1878 1105 1923 ex
1125 1858 1200 1941 ejus
1221 1857 1496 1938 consanguineis
1519 1858 1578 1920 vel

353 1960 479 2029 amicis
493 1982 514 2027 a
528 1964 654 2046 spiritu
670 1984 820 2047 nequam
836 1966 1050 2046 obsideatur,
1073 1966 1161 2046 Deo,
1178 1975 1323 2047 propter
1338 1982 1459 2031 eorum
1474 1964 1577 2030 fidem

356 2068 521 2148 exiguam
536 2082 597 2137 aut
613 2085 770 2155 peccata,
787 2074 823 2139 id
838 2074 1074 2156 permittente.

418 2177 506 2241 1275.
549 2178 617 2245 Sed
634 2181 679 2244 ad
699 2190 841 2245 nostros
860 2181 1052 2261 redeundo,
1074 2180 1144 2245 duo
1164 2181 1225 2244 alii
1242 2179 1393 2259 juvenes
1413 2179 1578 2243 bibonen-

354 2298 423 2360 ses,
452 2295 590 2365 praeter
613 2287 854 2365 Benedictum,
882 2287 1052 2353 Societati
1074 2304 1112 2353 se
1132 2296 1399 2366 consecrarunt,
1422 2304 1468 2349 ex
1493 2285 1580 2365 opti·

355 2390 423 2454 mis
438 2390 448 2421 ¹
463 2393 665 2459 scholarum
680 2396 850 2475 ingeniis;
868 2403 1015 2477 quartus
1029 2394 1148 2473 etiam,
1168 2394 1230 2475 qui
1248 2394 1399 2458 caeteris
1418 2393 1580 2457 omnibus

355 2496 390 2561 in
410 2497 572 2563 doctrina
592 2502 759 2577 anteibat,
781 2518 902 2567 mense
923 2502 1016 2585 Julio
1035 2518 1074 2565 se
1097 2499 1311 2566 Societatem
1335 2501 1580 2580 ingressurum

356 2605 496 2670 cuidam
511 2608 626 2672 amico
641 2610 867 2691 significavit.

416 2712 504 2780 1276.
548 2716 632 2782 Post
656 2731 806 2784 mortem
831 2728 949 2784 autem
971 2716 1010 2783 P.
1033 2717 1172 2796 Ignatii,
1193 2717 1318 2780 eodem
1341 2733 1487 2797 prorsus
1509 2714 1581 2794 die,

356 2820 480 2885 ultimo
510 2823 644 2888 scilicet
671 2823 768 2906 Julii,
801 2825 917 2889 Guido
948 2825 1149 2904 AntoniuS,
1179 2825 1239 2905 qui
1268 2824 1409 2888 cuidam
1437 2822 1581 2888 scholae

355 2939 531 3010 praeerat,
560 2947 710 3010 magnae
730 2933 895 3012 puritatis
914 2942 949 2996 et
968 2932 1156 3013 probitatis
1176 2930 1335 3012 juvenis,
1356 2948 1402 2994 ex
1423 2929 1581 3009 Collegio

356 3035 545 3102 Bibonensi
559 3037 674 3119 ipsum
689 3051 831 3104 secutus
846 3049 910 3104 est.

419 3143 505 3208 1277.
549 3145 638 3210 Tota
653 3146 793 3228 quidem
810 3157 926 3226 nocte,
947 3146 1166 3228 praedictum
1177 3146 1271 3210 diem
1282 3145 1529 3227 praecedente,
1547 3145 1582 3209 in

357 3267 472 3330 agone
487 3262 645 3318 extremo
662 3254 849 3332 laboravit,
866 3265 900 3317 ct
916 3255 1004 3316 hora
1020 3255 1093 3316 lere
1112 3253 1249 3332 eadem,
1272 3270 1343 3334 qua
1364 3251 1401 3316 P.
1425 3251 1584 3332 ignatius

358 3359 596 3440 expiraverat,
609 3362 654 3426 ad
666 3380 703 3426 se
715 3378 893 3441 reversus,
906 3361 1006 3424 dixit:
1021 3361 1130 3424 “Mira
1141 3361 1209 3424 hac
1218 3373 1322 3424 nocte
1335 3360 1488 3424 ostendit
1499 3360 1584 3423 milti

358 3465 542 3547 Dominus
566 3485 715 3549 quotum
737 3469 956 3546 memoriam,
982 3469 1013 3530 si
1037 3467 1283 3546 supervixero,
1306 3468 1400 3530 nulla
1429 3483 1584 3546 unquam

359 3573 486 3638 delebit
502 3574 663 3654 oblivio,
681 3576 724 3638 Et
736 3575 899 3656 quamvis
911 3575 1118 3638 humilitatis
1133 3574 1400 3638 conservandae
1411 3574 1529 3653 gratia
1541 3590 1583 3634 ca

361 3697 431 3745 non
444 3683 593 3762 aperuit,
606 3682 831 3748 subindicare
844 3692 962 3746 tamen
976 3683 1072 3746 visus
1083 3693 1137 3744 est
1153 3681 1419 3761 demigratione
1431 3680 1468 3744 P.
1483 3679 1583 3760 lgna·

361 3788 400 3851 tii
432 3789 498 3852 sibi
531 3788 641 3853 luisse
674 3791 881 3854 revelatum.
918 3788 1031 3853 Nocte
1063 3789 1187 3853 eadem
1221 3789 1266 3852 ad
1299 3787 1491 3852 Dominum
1524 3787 1585 3854 mi·

360 3897 481 3975 gravit
496 3894 519 3956 ³.

424 4003 512 4067 1278.
555 4003 676 4068 Mense
695 4013 813 4067 autem
832 4003 1029 4084 Septembri
1050 4002 1087 4066 P.
1108 4003 1267 4067 Marinus
1286 4019 1329 4064 ac
1349 4001 1474 4064 Petrus
1496 4001 1587 4064 Lau·

363 4107 1586 4190 tentiusfraternoster,febribuslaborarecoeperunt.Statimautem

364 4218 433 4280 sibi
453 4218 630 4298 persuasit
649 4215 687 4280 P.
708 4217 866 4280 Marinus
887 4234 925 4281 se
945 4219 1166 4293 moriturum,
1187 4227 1222 4279 et
1243 4215 1379 4280 decima
1395 4215 1518 4295 quinta
1531 4214 1588 4282 dic

364 4371 575 4380 ——-——---—-

407 4459 416 4494 ί
444 4459 872 4515 Ραε.8ωοῐ308,ηυ.1236εῑ1237.

405 4533 416 4565 ¹
444 4533 676 4588 llaopttmarum.

362 4623 366 4632 ·
405 4604 416 4638 Ι
443 4603 558 4650 Morbum
573 4610 734 4659 mortemque
749 4605 854 4658 hujusce
870 4603 1056 4659 religiosissimi
1067 4603 1161 4648 {ratris
1173 4607 1284 4648 narrant
1299 4601 1421 4648 Litterae
1430 4599 1590 4654 Quartam·

365 4679 444 4731 sires,
453 4688 517 4734 quas
527 4676 586 4722 vide
599 4682 617 4722 t.
629 4687 664 4731 tv,
674 4689 734 4734 pag.
745 4677 786 4722 545
795 4685 820 4722 ct
830 4689 882 4733 aeq.
1057 4671 1065 4681 ⁸
