3642 5350
784 436 847 498 Au.
870 434 940 498 1556
1421 426 1476 490 stu

246 574 329 645 Fuit
345 590 464 647 autem
478 581 654 649 admissus
667 584 758 649 inter
772 585 862 650 alios
873 584 1047 649 Martinus
1061 579 1265 646 Leibestain
1280 574 1306 659 ¹,
1320 578 1477 661 Joannes

247 687 399 769 Magnus
412 688 435 771 ⁸,
453 690 652 772 Voliangus
667 692 891 773 Viringerus,
908 700 943 755 et
957 690 1160 770 Voliangus
1174 688 1301 752 Faber.
1323 682 1476 764 Quintus

248 795 355 859 etiam
369 796 552 879 Philippus
566 798 871 863 Widmanstadius
885 797 914 877 ³,
930 798 1005 879 qui,
1028 797 1119 861 sicut
1137 793 1270 859 caeteri
1290 790 1476 874 praedicti,

248 918 442 981 germanus
465 914 554 978 erat,
570 917 605 969 et
624 906 734 970 irater
755 906 931 987 praeclari
952 905 1038 983 viri,
1056 902 1206 987 Joannis
1225 898 1363 967 Alberti
1381 895 1478 961 Wid·

250 1010 457 1084 manstadii,
483 1012 651 1077 Austriae
671 1012 883 1077 Cancellarii
900 1010 933 1091 ⁴,
954 1012 1162 1075 adolescens
1181 1006 1426 1088 permodestus
1443 1012 1479 1067 et

249 1132 320 1179 non
336 1116 570 1185 mediocribus
584 1120 693 1185 animi
707 1120 847 1184 dotibus
861 1120 1068 1199 insignituS,
1085 1118 1145 1199 qui
1160 1133 1242 1181 cum
1260 1114 1418 1179 animum
1432 1111 1478 1175 ad

249 1220 462 1289 Societatem
476 1242 691 1308 propensum
707 1227 767 1292 diu
782 1228 945 1307 celasset,
961 1227 1104 1291 tandem
1122 1224 1226 1289 fratri
1246 1238 1311 1286 suo
1327 1218 1477 1301 aperuit,

250 1330 321 1411 qui,
337 1340 375 1394 ut
389 1333 543 1413 prudens
558 1333 613 1397 vir
629 1344 722 1413 erat,
739 1345 839 1399 ratus
854 1333 1011 1415 juvenile
1030 1333 1245 1398 desiderium
1267 1346 1346 1393 esse
1361 1344 1478 1408 posse,

251 1436 513 1517 dissimulabat;
535 1441 642 1505 immo
662 1450 697 1505 et
725 1451 910 1521 urgentem
933 1442 1027 1506 serio
1047 1439 1247 1521 Philippum
1269 1434 1480 1517 objurgabat

252 1544 372 1609 acrius
388 1556 422 1609 et
437 1548 750 1627 pollicitationibus
765 1550 841 1629 eJus
854 1550 1012 1613 animum
1022 1546 1258 1629 pertentabat.

315 1652 401 1717 1421.
442 1653 512 1719 Sed
537 1673 619 1719 cum
640 1656 942 1721 animadverteret
960 1657 1169 1721 adolescens
1182 1653 1330 1717 nimium
1344 1658 1479 1732 protra-

253 1759 290 1824 hi
308 1762 501 1843 negotium,
519 1781 585 1827 nec
600 1781 638 1827 se
652 1781 863 1845 responsum
878 1772 1014 1828 certum
1029 1782 1050 1827 a
1064 1762 1175 1827 fratre
1190 1760 1349 1825 obtinere
1364 1772 1479 1838 posse,
1569 1806 1576 1817 .

254 1867 311 1932 die
327 1870 492 1950 quadam,
511 1871 602 1934 clam
618 1888 656 1934 se
672 1872 888 1951 subducenS,
905 1871 952 1935 ad
966 1879 1108 1935 nostros
1122 1886 1161 1934 se
1175 1868 1335 1945 contulit,
1355 1881 1398 1928 ac
1416 1862 1482 1927 Re·

254 1976 344 2039 ctori
358 1994 397 2039 se
413 1978 539 2042 obtulit
554 1988 591 2041 ut
606 1978 774 2044 Societati
789 1978 1053 2060 adjungeretur.
1067 1976 1137 2042 Sed
1147 1984 1183 2040 et
1193 1976 1269 2056 ipse
1280 1972 1422 2049 Rector‚
1438 1969 1482 2033 de

255 2083 367 2163 ipsius
393 2086 594 2149 constantia
620 2087 780 2151 facturus
801 2088 1016 2168 periculum,
1040 2085 1181 2150 domum
1201 2098 1303 2147 suam
1315 2079 1482 2161 juvenem

253 2206 335 2254 cum
348 2190 482 2272 aliquot
503 2210 548 2255 ex
568 2194 700 2257 nostris
716 2194 863 2273 remisit;
880 2193 943 2257 sed
962 2192 1132 2274 postridie
1146 2207 1284 2256 summo
1304 2205 1408 2253 mane
1431 2203 1483 2251 se·

253 2296 369 2361 cundo
384 2298 430 2363 ad
444 2308 586 2364 nostros
605 2302 780 2381 confugit,
801 2319 839 2365 se
857 2302 951 2365 nolle
970 2302 1102 2364 diutius
1120 2315 1265 2365 manere
1286 2296 1380 2377 apud
1399 2311 1483 2359 suos

254 2402 444 2469 affirmans,
474 2405 523 2470 At
550 2406 813 2487 Cancellarius,
840 2407 917 2489 eJ'us
946 2407 1078 2488 frater,
1110 2406 1221 2487 ipsius
1245 2402 1484 2469 constantiam

254 2526 415 2592 cernens,
431 2530 503 2577 non
517 2516 632 2579 solum
647 2532 755 2595 aegre
770 2532 842 2579 non
856 2516 935 2579 tulit
950 2514 1144 2579 secundum
1160 2514 1254 2576 huuc
1275 2511 1482 2588 discessum,

255 2618 318 2683 sed
334 2619 441 2684 etiam
456 2622 646 2702 plurimum
661 2602 812 2688 laetatus
827 2632 892 2687 est.

290 2779 292 2784 .
319 2725 407 2792 1422.
450 2730 522 2793 Alii
545 2731 652 2794 etiam
671 2731 740 2796 duo
766 2732 1022 2810 adolescentes,
1044 2729 1221 2810 Georgius
1245 2729 1353 2806 alter,
1375 2724 1485 2790 natio·

256 2851 300 2898 ne
324 2851 539 2917 germanus,
567 2839 657 2902 alter
684 2855 771 2902 vero
799 2838 995 2917 holandus,
1021 2836 1163 2902 nomine
1187 2834 1341 2915 Petrus,
1358 2831 1486 2898 admis-

256 2942 287 3004 si
301 2951 394 3006 sunt.

319 3049 408 3114 1423.
451 3051 531 3116 Non
541 3069 669 3134 parum
681 3053 828 3118 animati
841 3062 943 3116 erant
955 3069 1079 3116 omnes
1090 3051 1220 3116 iratres
1231 3049 1345 3114 nostri
1360 3057 1399 3112 ut
1409 3047 1487 3112 reli·

254 3158 352 3236 gioni
367 3159 565 3224 catholicae
580 3177 623 3224 ac
637 3160 761 3241 pietati
776 3161 812 3224 in
827 3160 903 3224 dies
917 3159 1117 3241 prolabenti
1131 3159 1200 3223 iilis
1214 3158 1251 3222 in
1266 3156 1485 3238 regionibus,

255 3265 501 3346 quoquomodo
516 3265 593 3332 fieri
608 3277 739 3350 posset,
756 3267 996 3347 subvenirent,
1019 3276 1053 3331 et
1075 3275 1238 3331 errantes
1252 3266 1329 3329 sine
1343 3272 1488 3346 pastore

299 3542 309 3576 Ι
336 3543 477 3589 “Martinus
487 3546 650 3600 ieibenstain,
666 3558 697 3591 ex
713 3547 870 3593 oberendorf
878 3549 977 3604 algey,
987 3546 1028 3591 lta
1038 3546 1178 3601 inscriptus
1188 3545 1231 3589 hic
1245 3550 1305 3590 crat
1315 3543 1341 3589 in
1350 3542 1489 3587 matricula

260 3613 448 3660 Universitutis
456 3615 609 3662 Viennensis
618 3629 685 3663 anno
697 3619 1069 3672 15511521151111111111111111.
1080 3617 1297 3664 Buanrtsssacsu.
1306 3615 1325 3659 1.
1333 3627 1364 3668 c..
1374 3613 1489 3669 pauli.

298 3685 310 3718 ¹
337 3685 412 3741 Huic,
423 3698 576 3742 argumento
592 3701 624 3734 ex
641 3690 768 3736 similibus
784 3691 844 3735 nilis
861 3690 971 3735 deducto
988 3689 1065 3743 (Vide
1085 3689 1295 3738 Basussmesa,
1309 3687 1328 3730 1.
1343 3698 1374 3737 c„
1384 3683 1489 3740 pum,

258 3753 345 3802 annot.
355 3759 385 3812 i).
396 3770 537 3814 cognomen
545 3761 623 3805 inisse
634 3769 754 3814 putamus
766 3762 869 3807 Grooie.
880 3762 945 3818 Eius
956 3769 1051 3816 tamen,
1062 3768 1126 3806 utet
1136 3761 1244 3806 duorum
1255 3759 1372 3815 proxime
1383 3768 1490 3812 sequen-

257 3829 331 3884 tium,
341 3832 448 3882 nulium,
458 3839 564 3886 praeter
574 3833 623 3877 hoc
633 3832 747 3888 Polauci,
758 3835 899 3889 vestigium
909 3835 994 3879 adhue
1004 3834 1156 3888 reperimus.

298 3900 310 3935 ⁸
336 3901 377 3945 Ex
391 3902 528 3957 Neliingen
543 3905 667 3960 (antiquis
683 3905 836 3959 quibusdam
851 3903 1024 3962 scriptoribus
1037 3903 1184 3959 Nsiir'gsn),
1200 3902 1310 3948 Suebiae
1327 3901 1429 3957 oppido,
1447 3899 1492 3943 So-

257 3973 380 4017 cietatem
390 3973 507 4019 Viennae
519 3975 651 4030 ingressus
658 3977 694 4020 5.·
701 3977 788 4022 Martii
800 3979 860 4032 1555,
870 3979 967 4022 aetatis
977 3979 1076 4022 decimo
1086 3977 1206 4030 septimo,
1215 3975 1279 4019 obiit
1287 3973 1434 4018 cracoviae
1443 3971 1492 4015 lu·

249 4039 315 4097 'Jsu.
331 4045 390 4089 1588.
409 4045 446 4090 ci.
456 4045 527 4090 Hist.
545 4047 601 4092 Soc.
615 4047 693 4102 Jesu,
710 4055 778 4103 part.
797 4062 823 4102 v,
837 4052 882 4095 iib.
897 4061 953 4105 vin,
971 4061 995 4094 u.
1012 4049 1086 4103 ilo-ili,
1103 4047 1274 4100 Panicum,
1291 4045 1451 4098 dissologia,
1464 4048 1491 4086 st

256 4115 352 4170 Botuo,
367 4117 524 4172 Menoiogto,
540 4119 573 4163 ad
588 4119 873 4176 diem18.·sznnarii;
891 4121 1051 4173 Rosrowsxt,
1066 4119 1265 4164 Lituanicarum
1280 4116 1421 4162 Societatis
1430 4114 1492 4168 Jesu

255 4187 434 4242 historiarum,
445 4189 488 4233 lib.
499 4199 536 4241 ur,
548 4200 572 4232 u.
583 4191 618 4242 51;
630 4187 742 4245 Socusu,
753 4193 876 4236 Historia
887 4191 1047 4237 hoorncioe
1057 4191 1195 4242 austriae,
1205 4189 1261 4233 Soc.
1270 4187 1352 4243 seen·
1361 4194 1413 4232 etc.

295 4261 309 4294 ⁴
335 4258 461 4312 “Joanues
470 4263 595 4306 albertus
606 4261 829 4308 Widmunstadius
845 4263 989 4318 (1506-1575),
1004 4275 1037 4307 ex
1046 4262 1191 4316 Neilingeu,
1203 4260 1314 4305 Suebiae
1329 4269 1399 4315 pago
1408 4266 1491 4313 ortus,

257 4343 315 4376 cum
324 4331 430 4377 Italiam
439 4339 468 4377 et
476 4331 609 4378 Orientem
618 4334 738 4388 adiisset,
746 4346 812 4379 anno
830 4336 882 4378 ibb'i
890 4335 1014 4379 Austriae
1025 4333 1156 4378 inferioris
1170 4332 1344 4378 cancellarius
1354 4332 1440 4376 iactus
1451 4340 1492 4375 est

257 4411 361 4449 stanno
373 4405 425 4448 1555
435 4405 552 4449 Viennae
561 4418 594 4449 ex
609 4407 786 4462 typographia
800 4405 934 4451 Michaelis
949 4407 1139 4450 Zimmermann
1148 4405 1281 4461 syriacam
1290 4403 1490 4457 evangeliorum

258 4477 405 4521 versionem
415 4477 440 4522 iu
450 4478 534 4522 iucem
544 4479 638 4533 emisit,
648 4490 723 4534 quem
734 4479 828 4523 librum
842 4489 952 4534 primum
968 4479 1070 4523 omniuo
1085 4477 1163 4521 luisse
1179 4477 1274 4529 iernut,
1289 4475 1333 4530 qui
1347 4476 1373 4520 iu
1384 4473 1491 4529 Europa

259 4548 361 4604 syriace
376 4548 537 4606 syriacisque
552 4550 622 4606 typis
638 4551 723 4594 editus
737 4551 779 4594 sit.
793 4549 908 4606 Coniuge
925 4558 1036 4603 mortua,
1047 4549 1170 4593 sacerdos
1186 4554 1213 4593 et
1227 4547 1366 4592 canonicus
1380 4546 1493 4591 ratisbo-

260 4620 347 4664 nensis
357 4619 442 4664 iactus
457 4628 519 4672 est..
536 4621 670 4665 Archiacis
685 4628 711 4667 et
724 4622 863 4667 Schiossar
879 4622 947 4676 apud
963 4621 1178 4675 Baiussssuosu,
1193 4620 1210 4664 1.
1227 4631 1259 4675 1.,
1268 4620 1321 4665 voi.
1331 4629 1349 4674 1,
1364 4630 1425 4673 pag.
1443 4618 1491 4675 tto,

263 4698 350 4738 annot.
358 4691 476 4737 8.-Vidc
487 4693 566 4738 ctiam
577 4703 663 4748 supra,
676 4701 695 4741 1.
706 4704 743 4749 ιν,
753 4695 909 4749 praesertim
920 4703 981 4748 pag.
990 4692 1039 4749 236,
1050 4699 1137 4738 annot.
1147 4692 1167 4736 2.
