3642 5350
362 414 417 476 822
820 416 948 479 Cnnor.
968 418 1044 480 Soc.
1064 418 1133 492 Jrrs.

365 562 483 627 valido
507 562 669 628 incendio
688 564 1015 645 consumebantur),
1033 564 1131 629 cives
1151 565 1447 646 amangucienses
1461 566 1591 631 intelle·

366 679 493 735 xerunt
508 670 705 736 exercitum
718 671 873 737 hostium
887 672 1100 753 adventare,
1121 681 1156 737 et
1178 673 1258 737 ideo
1276 672 1463 737 christiani
1483 672 1591 754 aliqui

365 778 617 844 convenientes
628 778 833 861 judicarunt
847 788 887 844 ut
905 779 944 844 P.
966 779 1117 844 Cosmus
1131 779 1179 844 ibi
1197 798 1269 845 non
1289 790 1460 860 maneret,
1478 780 1590 845 donec

365 886 534 950 tumultus
549 885 587 950 hi
601 886 716 951 bellici
731 888 1022 968 conquiescerent
1038 886 1059 951 ¹.

423 990 515 1057 3518.
557 992 696 1074 Viginti
716 1010 803 1075 ergo
822 995 898 1059 dies
917 1004 978 1060 aut
998 996 1146 1077 triginta
1169 1004 1250 1078 post
1274 996 1590 1077 conflagrationem

364 1100 595 1182 praedictam,
612 1117 693 1165 cum
707 1102 822 1182 spatio
836 1102 940 1167 unius
954 1102 1076 1167 leucae
1091 1120 1170 1168 cum
1182 1102 1326 1167 dimidia
1341 1112 1460 1167 castra
1472 1103 1592 1166 hostes

366 1206 488 1272 metati
508 1216 643 1288 essent,
664 1208 875 1288 importunis
895 1209 1061 1290 precibus
1082 1209 1267 1274 christiani
1285 1211 1448 1275 eumdem
1466 1208 1504 1275 Ρ.
1527 1208 1592 1275 Co·

367 1331 482 1380 smum
495 1314 687 1395 urgebant,
709 1324 747 1378 ut
763 1314 843 1380 inde
857 1318 1050 1381 recederet.
1067 1316 1258 1382 Constituit
1278 1317 1441 1398 Bungum
1458 1316 1592 1397 venire,

366 1431 489 1504 postea
505 1421 768 1503 Amangucium
787 1422 976 1487 rediturus.

426 1528 517 1594 3519.
561 1528 650 1594 Cum
665 1539 783 1595 autem
803 1532 992 1612 evulgatus
1011 1532 1135 1597 fuisset
1154 1532 1230 1613 eJ‘us
1247 1532 1387 1598 iuturus
1405 1532 1594 1611 discessus,

368 1637 582 1702 totamillam
593 1645 744 1717 noctem,
755 1638 846 1702 diem
857 1640 1086 1719 profectionis
1094 1640 1376 1721 praecedentem,
1387 1640 1594 1722 pervigilem
1670 1672 1674 1677 ·

367 1746 529 1810 homines
547 1745 597 1809 illi
618 1740 869 1810 traduxerunt:
895 1746 953 1811 hic
979 1747 1138 1812 confiteri
1156 1747 1316 1827 volebat;
1337 1748 1395 1811 ille
1415 1763 1593 1811 recessum

370 1850 486 1917 Patris
500 1852 695 1934 spiritualis
709 1851 875 1934 deflebat;
894 1854 945 1917 illi
960 1854 1121 1918 comitari
1143 1853 1306 1919 eumdem
1325 1855 1503 1919 volebant.
1523 1852 1594 1919 Eos

370 1977 476 2041 ergo,
493 1967 531 2025 ut
547 1960 678 2042 optime
697 1962 826 2041 potuit,
849 1962 1068 2041 consolatus,
1085 1962 1218 2027 eisdem
1237 1960 1275 2027 Ρ.
1297 1960 1446 2027 Cosmus
1464 1961 1594 2026 valedi-

369 2070 433 2133 xit.
458 2066 591 2149 Magna
612 2075 731 2131 tamen
750 2084 835 2149 pars
854 2085 978 2132 eorum
998 2069 1044 2132 ad
1062 2069 1152 2133 duas
1175 2070 1233 2133 vel
1257 2077 1330 2134 tres
1352 2071 1473 2134 leucas
1493 2077 1593 2134 extra

370 2176 492 2240 urbem
507 2183 581 2239 tam
596 2175 716 2239 multis
730 2191 811 2253 cum
824 2174 995 2257 lacrymis
1009 2192 1089 2240 eum
1102 2177 1418 2258 prosequebantur,
1434 2186 1472 2241 ut
1482 2177 1596 2241 bonus

371 2300 494 2362 senex,
510 2300 554 2347 ne
569 2282 645 2364 ipse
659 2282 802 2364 quidem
816 2280 880 2365 [se]
896 2282 1078 2347 continere
1093 2292 1213 2365 posset
1226 2302 1248 2347 a
1262 2284 1416 2364 fletibus,
1432 2293 1468 2349 et
1481 2282 1598 2366 potius

372 2388 552 2473 separatio
567 2407 631 2470 per
645 2397 795 2454 mortem
810 2408 917 2471 quam
931 2407 995 2471 per
1008 2407 1188 2455 recessum
1202 2391 1402 2458 videbatur.

431 2495 523 2562 3520.
567 2496 611 2561 Et
625 2496 838 2562 videbantur
853 2497 1148 2578 amangucienses
1162 2498 1359 2576 christiani,
1372 2518 1463 2583 quae
1478 2517 1598 2565 conse·

372 2614 498 2671 cutura
520 2612 634 2685 erant,
659 2606 935 2688 persentiscere;
956 2623 1040 2669 nam
1060 2614 1135 2669 tota
1154 2623 1197 2670 ea
1215 2608 1401 2688 provincia
1422 2624 1533 2691 prope
1553 2608 1599 2672 ad

373 2715 513 2779 ruinam
530 2713 683 2778 adducta
696 2712 773 2792 suit,
791 2730 872 2778 cum
884 2714 1145 2779 calamitatibus
1155 2714 1346 2795 praedictis
1357 2715 1599 2781 validaiames

371 2823 480 2888 etalii
496 2821 636 2886 labores
650 2823 898 2886 successerint.
916 2821 1129 2887 Valedicens
1148 2821 1291 2887 tandem
1304 2823 1428 2889 ultimo
1441 2841 1481 2888 se
1494 2821 1597 2889 comi·

371 2929 530 2996 tantibus
544 2929 643 3009 viris,
658 2928 801 2993 feminis
815 2947 858 2993 ac
873 2930 1003 3010 pueris,
1020 2931 1203 2996 renovatis
1217 2931 1358 2995 interim
1372 2931 1541 3012 lacrymis
1555 2931 1599 2994 ab

373 3037 548 3117 omnibus,
565 3035 723 3101 recessit.

434 3144 526 3208 3521.
570 3142 723 3224 Magnus
748 3153 867 3209 tamen
887 3143 1002 3209 haesit
1021 3143 1097 3226 ejus
1119 3145 1218 3210 cordi
1238 3146 1356 3226 dolor;
1378 3154 1413 3211 et
1431 3148 1601 3211 memoria

375 3251 619 3317 calamitatum
637 3249 712 3332 ejus
727 3251 825 3315 urbis
839 3259 874 3316 et
896 3251 1095 3332 homiuum,
1116 3270 1205 3334 quos
1224 3252 1353 3317 ibidem
1371 3253 1601 3336 relinquebat,

375 3360 412 3424 in
426 3360 588 3424 morbum
602 3359 734 3423 bonum
749 3375 870 3423 senem
885 3359 1127 3440 adduxerunt,
1143 3377 1213 3442 quo
1228 3361 1414 3427 laborabat
1435 3362 1542 3427 etiam
1561 3379 1603 3426 eo

264 3504 268 3512 ·
375 3475 550 3548 tempore,
578 3482 646 3546 quo
671 3464 709 3530 Ρ.
736 3465 909 3531 Melchior
927 3465 1076 3548 Nugnez
1100 3467 1264 3549 Burgum
1284 3469 1464 3550 pervenit,
1489 3486 1603 3550 aquo

376 3573 524 3638 multum
539 3571 794 3637 consolationis
808 3573 844 3637 in
859 3573 1012 3639 Domino
1030 3575 1179 3656 accepit.

436 3681 528 3746 3522.
573 3679 663 3746 Cum
679 3681 788 3760 igitur
801 3680 840 3745 P.
857 3680 1018 3761 Cosmus,
1034 3643 1281 3763 Kmanguccio
1292 3684 1427 3764 relicto,
1440 3683 1604 3766 Bungum

376 3807 415 3855 se
430 3789 648 3867 contulisset,
665 3805 686 3852 a
701 3787 739 3851 P.
756 3787 965 3854 Balthasare
980 3788 1094 3870 Gugo,
1110 3791 1170 3871 qui
1180 3799 1264 3854 tunc
1277 3791 1324 3857 ibi
1336 3791 1513 3857 residebat
1524 3809 1605 3857 cum

376 3898 451 3964 fere
467 3897 605 3961 duobus
619 3895 698 3959 aliis
711 3896 865 3960 millibus
875 3896 1160 3977 christianorum,
1174 3898 1327 3981 hospitio
1337 3909 1502 3981 receptus
1513 3910 1567 3965 est
1580 3907 1603 3960 ’.
1622 3976 1627 3991 ,

437 4003 530 4069 3523.
572 4003 659 4068 Erat
674 4011 793 4067 autem
804 4002 919 4085 Bungi
930 4003 1008 4068 Rex
1022 4005 1080 4069 ille
1094 4006 1161 4070 toti
1174 4005 1408 4072 lusitanorum
1421 4007 1520 4088 genti
1534 4007 1606 4071 val·

379 4112 424 4178 de
440 4114 594 4192 amicus,
617 4111 735 4192 (quam
750 4109 826 4191 ejus
846 4110 1130 4177 benevolentiam
1145 4131 1246 4178 arma
1259 4124 1295 4178 et
1310 4115 1380 4179 alia
1393 4115 1486 4180 dona
1502 4133 1524 4179 a
1538 4114 1607 4180 Gu-

379 4222 569 4286 bernatore
580 4218 701 4284 Indiae
713 4219 822 4284 missa
835 4220 1034 4299 auxerant);
1047 4239 1127 4286 cum
1141 4219 1153 4252 ³
1168 4223 1330 4302 pervenit
1342 4240 1384 4286 eo
1396 4223 1462 4288 sub
1473 4223 1610 4287 initium

422 4391 431 4426 ¹
460 4390 528 4435 Vlde
538 4390 662 4444 Bnnrotr,
672 4389 690 4434 l.
701 4401 732 4441 c..
742 4390 786 4433 lib.
797 4401 854 4442 vrrr,
865 4403 889 4435 n.
899 4390 922 4435 6.

422 4463 434 4496 ⁸
461 4462 499 4507 De
512 4462 539 4508 P.
550 4461 706 4507 balthasare
717 4462 791 4517 caro
801 4463 884 4508 multa
896 4463 976 4508 habet
988 4463 1112 4514 Burrum,
1124 4464 1143 4509 l.
1156 4476 1187 4519 c.,
1196 4477 1243 4520 per
1254 4472 1336 4512 toturn
1348 4467 1393 4512 llb.
1408 4477 1463 4522 rur,
1473 4466 1611 4522 praecipue

383 4546 408 4580 m
417 4535 437 4638 ¹⁸,
447 4533 514 4657 bill:
525 4603 589 4650 Cum
600 4617 693 4652 mense
702 4605 775 4662 Maso
789 4605 870 4662 hujus
884 4608 953 4652 anna·
966 4605 1033 4651 15⁵6
1045 4609 1174 4662 perventu
1189 4620 1219 4653 eo
1234 4609 1283 4654 aab
1295 4610 1405 4654 initium
1418 4608 1491 4665 sum
1505 4609 1534 4655 P.
1545 4609 1610 4656 Mel·

278 4741 281 4752 ¹
382 4675 457 4722 clrior
466 4674 587 4729 Numa.
