3642 5350
770 368 832 428 Aa.
853 367 924 428 1566
1407 365 1463 427 655

230 513 276 578 ad
290 513 455 580 effectum
469 531 527 579 res
542 514 713 597 perducta
728 532 799 578 non
815 525 885 592 est,
909 525 944 578 et
959 513 1171 578 succedente
1190 512 1356 578 diuturna
1377 515 1460 578 sede

231 631 384 687 vacante
398 623 512 686 nostri
527 622 725 702 Generalis
741 621 992 703 impedimenta
1007 621 1077 685 alia
1093 620 1300 686 acciderunt
1314 630 1461 702 propter

231 746 322 811 quae
332 747 391 794 res
405 729 548 795 omnino
563 729 696 794 omissa
710 738 775 793 est.

290 835 382 902 2814.
426 835 480 900 De
492 837 612 919 pueris
631 837 856 901 instituendis
875 836 912 900 in
928 837 1051 918 primis
1065 837 1247 900 elementis
1261 837 1402 917 legendi
1417 853 1460 901 ac

232 944 409 1008 scribendi
433 961 602 1024 magnam
626 944 781 1025 experiri
801 945 838 1008 in
859 943 1033 1024 Hispania
1052 953 1193 1007 nostros
1218 942 1459 1008 difficultatem

232 1049 270 1114 P.
286 1051 502 1117 Franciscus
516 1051 709 1133 fatebatur;
725 1052 824 1116 etita
839 1069 911 1116 non
930 1053 1005 1116 sine
1025 1068 1156 1132 magna
1172 1052 1457 1118 consideratione

230 1160 300 1222 tale
325 1175 415 1223 onus
439 1159 659 1224 subeundum
684 1159 872 1238 censebat,
900 1159 1196 1240 quemadmodum
1216 1179 1237 1223 a
1259 1159 1296 1223 P.
1319 1159 1459 1240 ignatio

230 1267 402 1348 scriptum
417 1267 543 1332 fuerat.

289 1372 380 1439 2815.
423 1375 533 1439 Missa
546 1374 687 1440 fuerant
701 1375 864 1458 exempla
879 1375 1077 1440 litterarum
1093 1373 1204 1440 Ducis
1219 1375 1395 1440 Bavariae
1412 1376 1457 1439 ad

229 1481 267 1546 Ρ.
283 1482 513 1547 Franciscum
526 1532 533 1564 ,
546 1483 673 1564 quibus
687 1484 764 1547 sine
777 1485 850 1548 ulla
864 1483 1081 1563 obligatione
1095 1484 1260 1564 utrinque
1274 1492 1455 1566 suscepta,

230 1588 423 1670 Collegiam
452 1589 751 1671 ingolstadiense,
780 1602 925 1673 propter
950 1608 1081 1656 causas
1109 1592 1271 1673 superius
1300 1592 1415 1656 dictas
1448 1590 1457 1622 ¹
1516 1593 1517 1596 ’

229 1697 475 1777 inchoabatur,
487 1709 525 1762 ut
537 1699 589 1762 sic
600 1698 847 1764 fundatoribus
860 1700 1090 1779 collegiorum
1104 1698 1298 1780 Hispaniae
1313 1717 1456 1780 persua·

229 1805 371 1869 deretur
393 1806 437 1869 ab
455 1805 639 1887 exigendis
658 1806 857 1888 huiusmodi
883 1807 1156 1888 obligationibus
1182 1807 1369 1888 desistere;
1391 1806 1455 1873 sed

230 1929 296 1976 nec
318 1912 356 1976 P.
372 1913 568 1979 Francisco
589 1932 655 1979 nec
675 1913 713 1978 P.
734 1915 854 1979 Natali
872 1915 1040 1995 expedire
1060 1913 1263 1995 videbatur,
1285 1924 1322 1978 ut
1341 1912 1457 1995 hujus-

229 2021 326 2084 modi
339 2023 478 2085 litterae
497 2024 767 2104 evulgarentor;
784 2023 980 2104 periculum
999 2021 1093 2086 enim
1108 2022 1224 2086 timeri
1238 2030 1397 2102 poterat,
1411 1995 1458 2086 ite

229 2127 430 2207 huJusmodi
443 2131 643 2211 exemplum
657 2128 827 2194 Societati
841 2130 878 2194 in
890 2129 1061 2211 Hispania
1074 2131 1336 2194 incommodum
1348 2140 1455 2209 esset,

228 2246 263 2299 et
278 2237 347 2300 alia
362 2236 476 2301 media
492 2239 661 2302 suaviora
674 2247 710 2301 et
723 2237 866 2302 utiliora
881 2237 1119 2318 excogitanda
1135 2255 1213 2302 esse
1227 2237 1456 2319 videbantur,

229 2353 267 2406 ut
282 2361 303 2406 a
317 2341 496 2408 Societate
510 2345 745 2425 obligationes
766 2343 967 2426 hujusmodi
980 2363 1053 2409 non
1073 2345 1319 2427 exigerentur,
1335 2361 1455 2428 quam-

228 2452 285 2514 vis
299 2451 368 2532 ipsi
389 2452 595 2518 fundatores
614 2462 804 2535 perpetuas
822 2452 1023 2518 dotationes
1043 2452 1219 2532 facerent,
1235 2471 1302 2518 nec
1322 2454 1456 2534 obliga-

228 2560 324 2622 tione
339 2561 407 2640 ipsi
427 2571 602 2626 carerent.

287 2665 379 2731 2816.
421 2667 520 2735 Haec
532 2679 650 2735 autem
665 2670 831 2734 tractatio
846 2670 889 2735 de
904 2670 1041 2735 ratione
1052 2669 1297 2735 fundationum
1310 2689 1380 2735 una
1392 2671 1456 2736 fuit

229 2792 274 2838 ex
288 2777 483 2858 potioribus
497 2778 632 2858 causiS,
647 2795 739 2859 quae
754 2776 793 2841 P.
815 2776 979 2842 Natalem
1000 2788 1188 2843 moverunt
1207 2786 1245 2842 ut
1265 2796 1310 2843 ex
1331 2778 1455 2860 Hispa·

229 2884 289 2948 nia
313 2884 350 2948 in
374 2884 512 2949 Italiam
539 2888 663 2950 venire
687 2888 809 2966 vellet,
843 2896 1034 2968 antequam
1064 2886 1107 2951 de
1137 2887 1233 2951 obitu
1263 2887 1301 2951 P.
1328 2887 1457 2967 Ignatii

227 3001 416 3069 constaret;
443 3010 526 3057 nam
550 3011 681 3075 operae
705 2995 856 3075 pretium
881 2995 1125 3071 existimabat,
1150 3004 1224 3058 tam
1249 2995 1325 3076 ipse
1343 3012 1457 3075 -quam

227 3097 264 3162 P.
280 3099 512 3182 FranciscuS,
529 3112 568 3167 ut
582 3102 625 3167 de
642 3100 746 3167 modo
760 3101 1006 3166 fundationum
1027 3102 1159 3183 aliquid
1182 3103 1270 3167 certi
1290 3119 1335 3166 ex
1354 3110 1456 3183 parte

226 3204 415 3272 Societatis
429 3210 716 3275 constitueretur.

284 3314 377 3381 2817.
419 3316 750 3381 MarchioVillenae
762 3318 894 3398 pingue
904 3318 1083 3398 quoddam
1095 3318 1302 3383 beneficium
1315 3319 1457 3384 cuidam

226 3424 401 3489 sacerdoti
416 3423 570 3489 conferri
584 3436 786 3505 curaverat,
802 3436 841 3489 ut
856 3425 1045 3506 collegium
1066 3426 1102 3489 in
1123 3427 1253 3507 oppido
1273 3426 1457 3492 Belmonte

225 3530 413 3597 Societatis
425 3532 681 3597 institueretur.
701 3532 762 3597 Ille
781 3542 901 3597 autem
924 3533 1094 3597 sacerdos
1113 3534 1287 3598 obtulerat
1313 3552 1456 3599 sexcen-

225 3647 282 3703 tos
296 3656 423 3703 aureos
437 3640 586 3720 singulis
600 3642 718 3721 annis,
735 3650 772 3705 ut
787 3640 988 3704 aedificium
1008 3640 1252 3720 inchoaretur;
1271 3642 1456 3706 dicebatur

225 3756 343 3810 autem
358 3746 566 3811 beneficium
582 3746 625 3810 de
639 3746 822 3830 Jorchera.
840 3746 990 3828 Scripsit
1008 3756 1125 3811 autem
1139 3746 1176 3812 P.
1190 3748 1406 3813 Franciscus
1418 3758 1457 3812 ut

225 3872 305 3919 cum
320 3853 510 3919 Cardinale
524 3854 686 3919 Pacheco
700 3855 835 3919 Rornae
851 3865 1035 3935 ageretur,
1052 3854 1095 3920 de
1110 3855 1317 3937 exequenda
1333 3857 1455 3920 volun·

224 3972 297 4027 tate
312 3961 529 4027 Marchionis
542 3962 728 4044 praedicti,
746 3963 806 4045 qui
820 3963 932 4043 ipsius
947 3964 1236 4044 consanguineus
1251 3973 1340 4029 erat.

281 4070 373 4135 2818.
415 4071 477 4135 Ille
496 4081 615 4135 autem
635 4071 805 4135 sacerdos
830 4072 1097 4151 procuratorias
1123 4072 1260 4136 litteras
1284 4071 1330 4136 ad
1354 4074 1452 4137 unio·

220 4197 302 4243 nem
317 4179 488 4261 praedicti
504 4179 663 4243 beneficii
682 4177 846 4257 dederat,
870 4189 904 4242 et
930 4178 1012 4242 dum
1033 4180 1116 4243 unio
1136 4179 1270 4243 Romae
1291 4179 1451 4261 expedie-

221 4288 336 4369 batur,
352 4306 423 4353 non
438 4289 551 4353 solum
566 4288 690 4350 obtulit
706 4285 924 4367 praedictam
940 4303 1115 4350 summam
1126 4298 1375 4351 sexcentorum
1392 4288 1451 4351 du·
1513 4348 1522 4359 ,

265 4570 274 4601 ¹
303 4568 365 4624 Pac.
377 4568 426 4622 tta,
437 4579 462 4611 n.
473 4566 533 4622 1772,
544 4573 570 4610 et
580 4567 681 4622 plenius
690 4577 777 4621 supra,
789 4578 848 4621 pag.
859 4566 894 4621 25,
904 4578 929 4611 n.
939 4566 967 4610 66
977 4572 1002 4611 et
1019 4577 1078 4621 pag.
1093 4568 1128 4622 ³3,
1140 4580 1163 4611 n.
1172 4566 1206 4610 91.
1223 4566 1290 4610 Vide
1301 4566 1382 4611 ctiam
1394 4566 1458 4611 Car·

225 4646 271 4685 tas
280 4642 314 4686 de
326 4642 381 4686 San
393 4642 514 4698 Ignacio,
525 4646 543 4684 t.
555 4651 592 4695 vr,
603 4649 667 4695 pag.
679 4639 714 4683 99.
