3642 5350
812 386 876 447 An.
898 386 968 447 1556
1451 388 1506 447 357

338 532 423 597 1483.
469 532 547 597 Hoc
562 542 680 598 tamen
695 536 818 615 movit,
842 545 880 597 ut
900 535 1067 598 credibile
1083 543 1148 614 est,
1164 533 1346 599 Summum
1362 532 1501 597 Pontifi-

276 659 366 721 cem,
380 642 474 724 quod
486 643 618 706 nullam
626 642 800 706 avaritiae
808 642 963 723 speciem
974 644 1010 705 in
1019 640 1120 706 Sedis
1131 631 1359 722 Apostolicae
1367 642 1503 721 Legato

274 750 372 813 cerui
388 750 540 830 volebat3
557 760 592 813 et
606 751 656 813 ita
671 750 859 830 diligenter
869 749 1047 830 Episcopo
1065 748 1264 812 Veronensi
1278 734 1500 812 commenda·

273 866 348 920 tum
363 869 427 937 est;
445 858 608 937 quamvis
622 858 679 921 vir
694 858 825 939 alioqui
845 874 998 936 magnae
1017 856 1248 937 integritatis,
1264 874 1336 919 non
1356 872 1502 935 magno·

272 980 356 1045 pere
371 964 435 1028 tali
450 964 697 1028 exhortatione
712 966 872 1043 indigere
890 965 1082 1028 videretur.

335 1069 422 1135 1484.
467 1070 656 1151 Cogitabat
672 1072 778 1135 etiam
794 1071 832 1133 P.
849 1070 1033 1135 Salmeron
1050 1070 1180 1149 aRege
1191 1069 1435 1134 Romanorum
1449 1070 1500 1133 lit·

271 1186 368 1241 teras
382 1194 461 1242 esse
476 1179 708 1258 postulandas
723 1179 768 1241 ad
782 1179 917 1257 Regem
932 1177 1116 1257 Poloniae,
1141 1188 1179 1240 ut
1197 1179 1314 1257 ipsum
1329 1178 1374 1241 ad
1396 1179 1485 1241 colle
1523 1256 1527 1265 Ι

271 1286 370 1364 gium
384 1285 526 1365 aliquod
542 1286 578 1349 in
592 1285 740 1350 Polonia
755 1285 1008 1350 instituendum
1023 1285 1238 1349 hortaretur.

335 1390 422 1455 1485.
468 1390 620 1456 Profecti
632 1402 713 1457 suut
725 1393 866 1481 demum
877 1392 1075 1473 Septembri
1087 1410 1220 1471 mense,
1233 1401 1267 1455 et
1279 1392 1404 1454 itinere
1417 1391 1499 1454 duo·

271 1516 350 1564 rum
365 1512 399 1563 et
412 1500 557 1579 triginta
570 1501 705 1565 dierum
718 1500 882 1580 Augusta
894 1500 1112 1564 Varsoviam
1126 1508 1375 1579 pervenerunt;
1388 1510 1501 1562 totum

270 1606 461 1671 Bohemiae
477 1624 626 1687 regnum
641 1618 675 1671 et
690 1607 823 1672 Slesiae
838 1608 1062 1689 provinciam
1077 1616 1313 1684 transeuntes,
1332 1614 1370 1669 ut
1385 1605 1421 1669 in
1436 1604 1499 1668 Po·

270 1714 402 1777 loniant
415 1714 698 1794 ingrederentur.

332 1818 420 1883 1486.
463 1821 514 1886 Ibi
525 1821 711 1903 Reginam,
725 1824 866 1905 nomine
878 1824 1024 1900 Bonam,
1036 1822 1145 1901 Regis
1158 1820 1324 1885 Poloniae
1336 1828 1498 1896 matrem,

234 2012 236 2017 Ι
272 1929 501 2006 invenerunt,
523 1946 614 2009 quae
635 1931 672 1994 in
690 1931 876 2011 procinctu
894 1931 968 2012 jam
987 1941 1064 1993 erat
1084 1939 1122 1992 ut
1145 1930 1179 1992 in
1199 1929 1337 1991 Italiam
1356 1928 1498 1991 rediret.

269 2033 339 2100 Sed
353 2034 497 2100 Vilnam
512 2054 635 2117 usque,
652 2039 712 2102 ubi
727 2038 804 2103 Rex
819 2056 860 2101 eo
876 2050 1035 2117 tempore
1054 2037 1248 2116 residebat,
1270 2038 1337 2101 iter
1358 2035 1498 2116 quinde·

269 2143 338 2207 cim
353 2156 413 2206 aut
428 2144 558 2223 viginti
571 2144 708 2210 dierum
723 2147 897 2227 reliquum
912 2154 1000 2209 erat.

330 2248 418 2314 1487.
463 2250 634 2330 Quamvis
661 2264 779 2317 autem
802 2255 839 2317 in
864 2252 1035 2317 Hibernia
1060 2261 1224 2315 versatus
1250 2248 1411 2332 [suisset]
1438 2250 1499 2313 ali·

269 2358 410 2439 quando
425 2356 462 2421 P.
480 2357 663 2423 Salmeron
681 2360 701 2437 ¹,
720 2360 776 2423 ubi
796 2378 867 2423 non
889 2362 1004 2423 solum
1023 2359 1247 2423 incommoda
1263 2358 1416 2439 hospitia
1436 2357 1498 2420 sed

268 2466 365 2528 nulla
379 2474 461 2527 sunt
475 2466 510 2529 in
527 2467 769 2546 complurimis
784 2468 882 2546 locis;
899 2469 936 2530 iu
950 2468 1018 2530 hac
1034 2477 1135 2547 parte
1151 2466 1334 2530 Poloniam
1349 2482 1422 2527 non
1444 2482 1497 2527 ce·

269 2572 352 2635 dere
366 2570 558 2637 Hiberniae
574 2575 810 2653 existimabat;
827 2584 860 2638 et
876 2575 1040 2655 quamvis
1056 2574 1275 2653 diligentiam
1290 2571 1499 2635 adhibuerat

270 2679 478 2760 EpiscopuS,
494 2698 577 2745 raro
593 2681 781 2746 admodum
799 2694 858 2746 aut
874 2683 997 2746 vinum
1019 2692 1080 2746 aut
1102 2683 1292 2745 cervisiam
1312 2681 1357 2743 ad
1376 2690 1498 2760 potum

270 2787 510 2878 inveniebant,
527 2798 561 2852 et
577 2806 668 2869 aqua
685 2790 834 2853 libenter
850 2789 904 2854 usi
919 2791 1079 2868 fuissent,
1097 2789 1127 2852 si
1142 2789 1271 2851 bonam
1286 2788 1382 2851 illam
1402 2788 1497 2850 inve·

271 2894 417 2958 uissent.
427 2894 481 2958 De
492 2897 593 2961 lectis
603 2903 648 2960 ad
661 2897 905 2978 dormiendum
914 2898 1010 2961 nulla
1022 2897 1163 2972 mentio,
1173 2896 1280 2958 immo
1289 2893 1428 2959 difficile
1440 2894 1498 2958 ad·

272 3002 415 3066 modum
426 3013 502 3067 erat
515 3005 648 3086 aliquid
659 3008 842 3085 palearum
854 3005 1025 3084 iuvenire,
1039 3014 1076 3067 ut
1088 3021 1195 3084 super
1206 3004 1313 3067 humo
1326 3002 1499 3066 dormien-

271 3109 354 3174 dum
379 3128 450 3173 non
468 3120 574 3192 esset,
591 3131 656 3176 nec
682 3117 881 3193 stragulum
899 3115 1018 3193 ullum,
1043 3128 1112 3193 quo
1134 3129 1172 3175 se
1192 3113 1271 3193 quis
1284 3121 1433 3191 tegeret,
1449 3111 1498 3173 in·

269 3217 488 3282 veniebatur.
502 3217 571 3282 Sed
583 3220 661 3297 iter,
676 3221 768 3303 quod
780 3229 965 3302 supererat
977 3239 998 3284 a
1010 3219 1154 3284 civitate
1166 3216 1500 3283 VarsoviaVilnam

269 3341 391 3407 usque,
409 3329 518 3390 multo
534 3337 611 3392 erat
627 3329 801 3410 asperius
1180 3334 1182 3337 ’

333 3431 419 3496 1488.
466 3433 567 3514 Quod
593 3438 718 3500 attinet
744 3436 789 3500 ad
814 3437 995 3517 negotium
1026 3435 1223 3516 religionis,
1251 3434 1499 3498 intellexerunt

271 3537 472 3604 Varsoviae
487 3543 707 3608 nobilitatem
727 3545 802 3626 ejus
822 3545 924 3624 regni
944 3560 1161 3624 magnopere
1176 3541 1343 3606 infectam
1359 3558 1448 3617 esse,
1465 3550 1499 3603 et

269 3646 405 3727 Regem
419 3650 466 3714 ad
480 3649 514 3713 id
537 3668 647 3731 usque
668 3664 805 3734 tempus
825 3652 1075 3716 conniventem
1094 3651 1273 3713 habuisse.
1289 3647 1378 3712 Etsi
1394 3648 1438 3710 ab
1456 3665 1498 3710 eo

268 3755 452 3837 impetrari
466 3759 639 3838 potuisset
655 3761 788 3840 punitio
808 3760 1081 3839 haereticorum,
1098 3775 1170 3821 uon
1185 3757 1353 3836 exiguum
1369 3771 1499 3836 operae

268 3864 421 3943 pretium
436 3881 475 3928 se
489 3864 667 3930 facturum
682 3867 840 3931 Nuntius
856 3867 1094 3931 existimabat.

332 3969 418 4034 1489.
463 3971 649 4037 Allocutus
665 3987 718 4038 est
732 3974 770 4037 P.
787 3972 973 4038 Salmeron
988 3973 1174 4054 Reginam,
1187 3982 1222 4036 et
1237 3972 1280 4035 de
1295 3970 1415 4051 aliquo
1430 3970 1498 4033 col·

268 4078 362 4157 legio
379 4077 414 4142 in
429 4078 576 4144 Polouia
596 4083 843 4146 constituendo
859 4101 939 4146 eam
959 4083 1089 4163 alloqui
1110 4091 1236 4145 rursus‘
1251 4079 1498 4156 constituerat3

268 4186 332 4249 sed
346 4201 428 4250 cum
443 4187 503 4250 illa
514 4186 588 4268 jam
603 4191 764 4255 accincta
779 4200 872 4254 esset
888 4192 933 4254 ad
948 4191 1014 4254 iter
1025 4189 1195 4267 italicum,
1211 4204 1338 4268 parum
1352 4203 1498 4266 sperare

268 4300 407 4372 poterat
423 4294 467 4357 ab
483 4296 576 4358 eain
592 4296 738 4362 Polonia
754 4299 1020 4379 praestandum.

332 4400 419 4464 1490.
463 4401 547 4466 Inde
571 4404 721 4484 profecti
746 4405 905 4485 Vilnam‚
936 4404 1121 4469 Lituaniae
1149 4410 1267 4486 caput,
1296 4400 1496 4486 quindecim

269 4559 482 4572 *ιι-

313 4641 321 4676 ¹
350 4641 415 4689 Vide
425 4653 512 4702 supra,
525 4651 542 4690 t.
552 4657 569 4700 1,
580 4657 640 4704 pag.
649 4646 683 4703 96,
694 4659 718 4692 n.
728 4647 763 4704 84,
774 4653 800 4692 et
810 4659 873 4705 pag.
884 4648 919 4703 98,
930 4659 954 4693 tt.
965 4646 999 4696 88.
