3642 5350
805 426 868 483 Au.
892 423 963 484 1556
1446 428 1499 488 5⁴1

264 568 357 633 idem
385 571 530 651 spiritus
558 571 744 652 utrobique
780 579 905 633 contra
933 569 1101 650 pusillum
1128 587 1279 652 gregem
1307 569 1499 638 Societatis

265 693 426 758 pugnare
441 678 637 743 videbatur.

326 781 418 848 2338.
461 784 644 865 Quaedam
658 797 778 851 tamen
795 786 934 848 litterae
951 784 1103 864 indicae,
1119 784 1155 848 in
1171 782 1389 865 Portugallia
1403 787 1501 868 typis

266 909 439 971 excusae,
465 911 507 956 eo
534 901 691 974 tempore
716 892 1044 971 Caesaraugustam
1081 901 1273 970 venerunt,
1302 894 1501 974 exquibus

268 998 382 1062 bonus
400 999 488 1063 odor
508 1015 690 1079 egressus,
708 998 1013 1063 contradictorum
1031 999 1326 1063 insectationibus
1345 1017 1424 1064 sese
1439 1017 1499 1081 op·

175 1114 180 1122 ’
268 1105 434 1184 ponebat.
457 1105 624 1170 Oscensis
646 1107 755 1170 etiam
776 1103 1002 1188 Episcopus¹
1023 1121 1165 1184 semper
1187 1113 1331 1170 strenue
1355 1106 1443 1187 egit,
1464 1118 1501 1172 et

268 1210 410 1291 quidem
434 1212 517 1277 totis
535 1213 688 1292 viribus,
711 1213 959 1289 defensorem,
984 1227 1050 1274 nec
1071 1211 1220 1275 deerant
1241 1213 1303 1292 qui
1327 1222 1362 1276 et
1381 1230 1499 1277 sacra·

268 1328 386 1381 menta
401 1319 496 1400 apud
510 1328 653 1383 nostros
667 1329 702 1383 et
717 1318 908 1384 conciones
923 1318 1204 1398 frequentarent.

326 1423 418 1488 2339.
462 1425 527 1489 His
541 1435 659 1490 autem
675 1425 798 1490 diebus
813 1425 1044 1506 Inquisitores
1059 1424 1105 1488 ad
1120 1423 1318 1504 Collegium
1337 1435 1499 1491 nostrum

266 1549 329 1595 eos
342 1532 542 1614 neophytos
558 1533 696 1597 mittere
712 1534 884 1612 solebant,
901 1535 961 1614 qui
977 1552 1023 1597 ex
1037 1551 1183 1598 carcere
1198 1533 1313 1597 sancti
1328 1535 1422 1598 illius
1441 1535 1499 1598 tri-

266 1639 405 1703 bunalis
430 1640 690 1719 educebantur;
716 1659 783 1704 nec
809 1658 871 1704 eos
897 1640 1041 1704 omnino
1067 1641 1197 1704 liberos
1219 1657 1297 1704 esse
1318 1642 1498 1719 volebant,

268 1746 380 1810 donec
396 1764 417 1810 a
434 1748 567 1811 nostris
583 1748 619 1811 in
634 1747 716 1811 fidei
730 1748 835 1811 rebus
851 1756 971 1810 essent
990 1747 1170 1826 instructi;
1192 1747 1287 1828 quod
1307 1747 1361 1811 bis
1380 1747 1499 1827 singu-

268 1852 311 1915 lis
336 1853 459 1917 diebus
484 1873 504 1916 a
530 1854 684 1934 quodam
711 1871 756 1918 ex
781 1854 914 1919 nostris
943 1853 1190 1918 sacerdotibus
1219 1852 1434 1934 curabatur,
1464 1863 1499 1918 et

268 1959 418 2038 insignis
432 1961 569 2024 fructus
584 1979 629 2024 ex
643 1960 846 2042 hujusmodi
862 1960 1080 2024 catechismo
1096 1960 1316 2041 capiebatur3
1338 1977 1422 2024 nam
1440 1977 1500 2040 ge-

268 2083 335 2130 nus
349 2065 435 2131 illud
453 2067 637 2132 hominum
652 2068 687 2130 in
703 2067 850 2132 summis
865 2066 1090 2146 ignorantiae
1105 2067 1270 2147 tenebris,
1288 2067 1381 2148 quod
1396 2067 1441 2131 ad
1457 2085 1500 2130 ea

268 2173 407 2249 attinet,
425 2176 516 2254 quae
538 2174 721 2253 religionis
741 2173 958 2239 christianae
973 2183 1072 2250 sunt,
1088 2175 1316 2250 versabatur;
1334 2183 1368 2238 et
1384 2174 1500 2239 denuo

266 2279 365 2343 initio
378 2281 507 2343 mensis
521 2279 604 2362 Julii
616 2279 654 2343 P.
669 2278 870 2345 Santander
882 2281 930 2345 ad
940 2279 1116 2360 quaedam
1129 2278 1331 2359 hujusmodi
1343 2281 1501 2362 neophy-

266 2395 382 2450 torum
406 2388 485 2450 loca
505 2387 781 2468 praedicationis
802 2389 921 2467 gratia
940 2404 1108 2467 egressus
1127 2396 1199 2466 est,
1221 2398 1412 2468 postquam
1438 2389 1498 2451 ali·

268 2492 425 2573 quandiu
445 2493 754 2575 Caesaraugustae
773 2495 898 2559 fuisset
918 2495 1163 2573 concionatuS,
1184 2504 1219 2556 et
1238 2503 1429 2575 utcumque
1448 2506 1500 2559 tu-

267 2601 410 2680 multus,
436 2600 495 2682 qui
519 2609 664 2681 propter
689 2601 852 2683 superius
878 2601 973 2664 dicta
999 2608 1124 2664 contra
1149 2611 1294 2664 nostros
1324 2602 1501 2664 excitatus

265 2707 392 2786 fuerat,
410 2708 634 2789 aliquomodo
649 2710 923 2790 conquievisset;
939 2709 1195 2789 expetebantur
1210 2710 1305 2772 enim
1321 2726 1342 2771 a
1358 2708 1500 2789 quibus-

267 2816 349 2880 dam
364 2814 565 2895 huJusmodi
581 2818 821 2892 excursiones
843 2826 878 2879 et
899 2825 1041 2880 nostros
1060 2816 1167 2879 etiam
1186 2815 1343 2878 nonnulli
1364 2816 1499 2879 morde·

266 2923 368 3001 bant,
385 2922 479 3001 quod
494 2922 692 2986 crebriores
707 2923 787 2987 illas
801 2941 872 2986 non
886 2922 1062 3001 facerent;
1080 2921 1243 3003 quamvis
1258 2930 1403 3002 propter
1419 2939 1499 3002 ope·

265 3030 443 3092 rariorum
458 3030 690 3109 paucitatem,
706 3047 777 3093 non
798 3048 843 3092 ex
863 3030 977 3092 bonae
995 3029 1190 3092 voluntatis
1210 3027 1366 3107 defectu,
1388 3028 1423 3091 id
1443 3046 1501 3091 ac·

267 3136 412 3199 cideret.

324 3241 415 3305 2340.
459 3241 566 3307 Dedit
581 3252 700 3307 autem
713 3243 905 3323 Inquisitor
920 3242 1118 3307 Cervantes
1140 3243 1241 3323 (cum
1260 3260 1331 3324 quo
1351 3259 1410 3305 res
1431 3242 1499 3305 col·

265 3349 337 3413 lata
351 3349 483 3429 fuerat)
499 3350 749 3414 auctoritatem
763 3367 865 3413 suam
879 3350 916 3413 Ρ.
932 3337 1149 3429 Santander,
1167 3367 1258 3430 quae
1274 3348 1323 3411 illi
1339 3348 1502 3429 perutilis

267 3456 302 3518 in
328 3456 395 3519 hoc
420 3456 615 3521 ministerio
639 3458 715 3536 fuit,
740 3458 847 3521 immo
868 3458 944 3521 sine
963 3458 1023 3521 illa
1045 3474 1172 3537 parum
1191 3456 1444 3535 praestitisset;
1467 3463 1502 3518 et

267 3580 349 3627 cum
373 3564 612 3645 septendecim
632 3564 755 3628 diebus
776 3564 811 3627 in
831 3564 1043 3646 quibusdam
1063 3564 1152 3627 locis
1172 3560 1300 3645 [esset]
1323 3571 1500 3639 versatus

268 3687 340 3734 non
359 3670 531 3735 mediocri
550 3688 630 3736 cum
651 3672 801 3735 utilitate
821 3671 1026 3736 eorumdem
1043 3670 1369 3749 Caesaraugustam
1385 3667 1500 3731 rediit.

268 3776 363 3841 Ante
377 3795 464 3841 vero
479 3796 586 3859 quam
601 3778 845 3858 egrederetur,
862 3779 907 3841 ad
922 3777 1205 3842 benedictionem
1225 3776 1416 3854 petendam
1435 3774 1500 3838 Ar·

269 3885 533 3967 chlepiscopum
549 3903 630 3950 cum
645 3884 682 3948 Ρ.
701 3885 838 3949 Roman
859 3886 1011 3964 adierat,
1034 3895 1071 3948 ut
1090 3883 1372 3947 benedictionem
1391 3882 1503 3961 ipsius
1564 3882 1569 3891 '

268 3993 475 4074 postularet,
493 4002 528 4055 et
542 4010 618 4056 rem
633 3993 775 4073 quidem
790 3992 856 4056 sibi
871 3994 1014 4073 placere
1031 3989 1257 4071 significavit,
1275 3989 1340 4056 sed
1348 3988 1503 4051 fructum

268 4116 306 4163 se
323 4100 491 4178 exiguum
513 4116 675 4179 sperare,
699 4110 732 4162 et
753 4100 918 4181 quamvis
938 4116 1048 4178 supra
1067 4097 1351 4179 expectationem
1371 4094 1503 4174 placuit

266 4203 344 4268 Deo
359 4204 512 4269 fructum
527 4207 669 4286 referri,
686 4207 852 4288 tepiditas
867 4216 988 4269 tamen
1003 4205 1202 4285 religionis,
1220 4220 1311 4284 quae
1333 4203 1369 4264 in
1384 4200 1500 4279 hujus·

267 4312 362 4375 modi
381 4312 583 4376 hominibus
603 4314 830 4390 cernebatur,
853 4323 887 4377 et
902 4312 1079 4393 fragilitas
1094 4328 1244 4385 summa,
1262 4325 1430 4386 magnam
1445 4324 1501 4371 oc-

220 4440 224 4447 ·
267 4418 451 4482 casionem
466 4418 666 4500 hujusmodi
682 4420 896 4484 diffidentiae
912 4419 1032 4484 dabat.

273 4580 486 4589 ————

311 4662 318 4692 ¹
348 4660 442 4706 Petrus
453 4661 577 4717 Agustln.
589 4662 656 4707 Vide
666 4672 756 4719 supra,
769 4674 792 4707 n.
803 4662 864 4708 2303.
