3642 5350
770 413 833 470 Au.
855 411 925 470 1556
1426 406 1462 485 27

231 583 279 632 ex
304 572 504 627 nostrorum
531 560 712 623 laboribus
734 557 949 636 sperandum
978 574 1072 635 esse;
1104 556 1198 637 quod
1222 557 1316 619 enirn
1341 555 1461 619 odere·

232 674 336 735 batur
361 670 541 749 templum,
568 667 700 732 scholis
722 665 872 746 publicis
892 680 1077 727 commune
1099 664 1283 726 nobiscum
1307 663 1462 726 futurum

232 787 321 842 etat.

292 885 341 948 69.
385 881 526 962 Adjecit
541 881 648 945 etiam
663 898 734 943 non
749 881 898 944 idoneos
916 879 1055 943 futuros
1070 896 1148 942 esse
1164 879 1345 942 auditores
1366 878 1461 942 theo·

231 992 359 1071 logiae,
375 991 444 1054 nisi
460 990 557 1074 prius
572 991 608 1052 in
623 987 880 1068 philosophicis
895 987 1081 1050 exercitati
1101 994 1231 1063 essent,
1255 993 1289 1048 et
1311 985 1389 1048 ideo
1403 1002 1458 1048 ra·

234 1099 365 1162 tionem
386 1114 464 1160 esse
489 1096 689 1159 habendam
710 1103 784 1157 tarn
808 1104 1081 1174 praeceptorum
1107 1109 1213 1174 quarn
1236 1092 1459 1155 scholastico·

233 1222 321 1282 rum,
339 1203 398 1284 qui
413 1203 616 1266 liberalibus
631 1201 768 1280 'artibus
781 1200 907 1262 darent
922 1217 1078 1280 operam.

292 1309 343 1373 70.
387 1309 525 1374 Placuit
544 1307 638 1372 Duci
659 1307 835 1371 Bavariae
861 1307 950 1370 haec
974 1305 1090 1370 Patris
1109 1306 1460 1399 Ignatiiliberalitas,

231 1418 342 1480 etsie
367 1415 559 1494 collegium
584 1417 768 1494 amplexus
793 1423 857 1492 est,
882 1423 986 1493 prout
1008 1413 1083 1493 ipse
1109 1413 1340 1493 proponebat.
1366 1412 1463 1476 Misit

232 1525 338 1588 etiarn
357 1523 539 1600 viaticum,
558 1530 598 1584 et
621 1521 768 1584 arbitrio
789 1519 905 1584 Patris
924 1520 1053 1600 Ignatii
1076 1521 1219 1600 reliquit
1238 1530 1277 1583 ut
1302 1523 1360 1583 vel
1379 1530 1462 1584 ante

233 1629 386 1711 majores
400 1643 521 1693 aestus
536 1628 724 1707 collegium
739 1629 903 1705 mitteret,
921 1631 979 1690 vei
993 1637 1074 1707 post
1088 1627 1194 1690 tinem
1209 1628 1354 1691 aestatis
1367 1625 1388 1706 '3
1400 1627 1462 1690 sed

233 1738 270 1801 Ρ.
286 1737 447 1816 ignatius
466 1737 530 1800 sub
550 1735 688 1798 initium
708 1733 854 1798 aestatis
872 1735 992 1814 potius
1011 1734 1200 1799 mittendos
1222 1751 1300 1798 esse
1318 1715 1462 1798 nostros

231 1845 381 1923 censuit,
399 1855 433 1907 et
448 1843 648 1906 octodecim
662 1843 768 1921 elegit
783 1841 929 1920 Romae,
947 1842 1074 1922 quibus
1094 1843 1131 1904 in
1145 1841 1337 1905 Germania
1353 1842 1462 1921 aliqui

232 1950 457 2032 coadjutores
473 1960 574 2012 erant
590 1948 818 2028 adjungendi.
862 1993 864 2014 1

292 2058 343 2120 71.
387 2057 576 2120 Rectorem
591 2064 710 2120 autern
725 2055 906 2119 constituit
921 2055 1064 2119 Patrem
1078 2054 1264 2132 Thomam,
1279 2055 1460 2143 novioma·

233 2183 379 2246 gensem
394 2165 417 2242 ¹,
442 2165 501 2244 qui
523 2164 710 2242 theologus
731 2161 873 2243 quidem
892 2172 981 2241 erat,
1003 2162 1067 2226 sed
1086 2180 1157 2226 non
1172 2162 1388 2241 theologiam
1402 2163 1461 2226 do·

232 2284 374 2337 clarus·
396 2270 622 2334 Professores
652 2278 771 2333 autern
801 2268 905 2348 hujus
930 2268 1110 2333 facultatis
1138 2269 1208 2334 duo
1237 2270 1336 2332 missi
1367 2280 1461 2349 sunt,

233 2379 297 2443 Dr.
314 2379 449 2443 scilicet
470 2376 627 2459 Joannes
648 2376 850 2457 Coviglion‚
872 2387 907 2440 ct
926 2377 989 2440 Dr.
1006 2377 1232 2441 Hermannus
1247 2375 1385 2457 Tyreus
1399 2373 1411 2407 ⁸
1425 2377 1462 2440 in

233 2485 394 2550 Romano
415 2484 574 2563 Collegio
590 2493 784 2563 promotus:
803 2493 839 2560 et·
853 2485 958 2547 simul
978 2501 1059 2547 cum
1074 2501 1115 2546 eo
1132 2500 1197 2547 sex
1211 2483 1280 2562 alii,
1298 2484 1462 2564 quamvis

233 2611 303 2656 non
318 2593 402 2655 ituri
417 2592 452 2654 in
468 2590 709 2668 Germaniam,
727 2590 770 2653 ad
785 2591 1031 2669 magisterium
1048 2589 1293 2677 philosophiae
1308 2592 1461 2672 promoti

233 2700 385 2778 fuerunt,
399 2699 493 2762 inter
504 2714 593 2779 quos
604 2697 746 2762 fuerunt
756 2698 881 2761 Patres
892 2698 1106 2762 Benedictus
1120 2697 1285 2777 PalmiuS,
1303 2709 1338 2762 et
1352 2700 1460 2763 Bene·

233 2808 348 2872 dictus
360 2806 490 2869 Perera
505 2803 527 2883 ⁴,
545 2814 578 2869 et
591 2804 628 2868 P.
642 2804 773 2869 Paulus
784 2804 926 2869 Offaeus
938 2802 960 2882 ⁸,
976 2823 1018 2869 ac
1029 2804 1212 2869 Hurtadus
1222 2802 1245 2866 ⁶.
1258 2806 1330 2870 Alii
1341 2807 1459 2886 etiam,

233 2913 482 2977 humaniorum
497 2913 696 2975 litterarum
711 2912 748 2975 in
762 2912 875 2976 tribus
889 2912 1021 2992 linguis
1032 2912 1252 2993 professores
1264 2914 1381 2993 futuri,
1395 2916 1460 2978 ele-

233 3021 283 3084 cti
296 3018 413 3084 sunt⁷.

293 3128 343 3191 72.
387 3126 598 3206 Properavit
614 3134 731 3191 autem
746 3125 792 3189 ad
806 3127 872 3191 hos
890 3126 1081 3191 mittendos
1096 3126 1134 3189 P.
1147 3127 1317 3207 ignatius,
1333 3138 1409 3215 tum
1423 3138 1462 3192 ut

236 3232 328 3297 Duci
350 3251 392 3297 ea
415 3235 452 3297 in
471 3250 510 3296 re
529 3232 803 3313 gratificaretur,
826 3242 900 3297 turn
921 3243 959 3296 ut
978 3234 1122 3314 quidam
1140 3250 1300 3298 rumores
1313 3234 1460 3314 sinistri,

236 3342 295 3423 qui
309 3351 391 3422 post
412 3340 662 3419 Augustanam
676 3338 843 3404 Diaetam
863 3340 998 3404 Romae
1018 3342 1268 3405 increbuerunt
1288 3343 1380 3407 inter
1403 3343 1461 3408 ho·

233 3449 347 3513 mines
366 3466 439 3511 non
460 3448 639 3527 vulgareS,
664 3448 844 3511 contrario
864 3447 1027 3512 veritatis
1046 3448 1288 3529 experimento
1308 3452 1461 3531 sopiren-

276 3798 285 3831 t
312 3796 380 3840 Vide
392 3796 487 3841 cartas
496 3794 529 3839 de
540 3794 595 3839 San
609 3795 725 3850 ignatio,
735 3802 753 3841 t.
766 3808 800 3847 vr,
810 3808 870 3853 pag.
878 3796 928 3843 627.

274 3869 286 3901 ¹
312 3868 438 3922 Magister
448 3868 562 3912 Thomas
572 3867 705 3921 Lentulos,
717 3869 934 3923 noviomagensis,
946 3881 978 3914 ex
988 3870 1120 3915 Gneldrla.

274 3938 286 3972 ³
313 3939 421 3995 Saepius
432 3940 556 3984 scribitur
570 3938 717 3995 Thyraeus,
727 3953 759 3984 ax
769 3942 917 3995 germanico
931 3944 973 3987 vel
983 3943 1108 3988 flandrica
1118 3942 1249 3996 DorkenS,
1258 3950 1286 3988 ut
1302 3946 1381 3990 habet
1391 3947 1463 3993 Han·

234 4022 290 4066 suu,
299 4010 462 4056 Rhainisclta
472 4012 569 4063 aaran,
575 4023 637 4067 pag.
647 4012 695 4065 206,
706 4019 794 4057 annot.
804 4012 825 4057 2.

274 4084 286 4116 ⁴
313 4082 421 4137 Saepius
432 4089 458 4127 et
468 4084 565 4127 rectius
577 4084 699 4128 Peraira.

274 4154 286 4186 ⁸
313 4152 420 4209 Semper
429 4154 484 4198 fere
494 4154 633 4209 Hoffaeus.

274 4224 287 4257 θ
314 4225 447 4271 Hurtadus
458 4225 546 4275 Perea,
557 4226 690 4279 hispanus.

274 4296 285 4327 '¹
313 4298 380 4341 Vide
392 4299 417 4341 ln
428 4297 523 4341 Carras
535 4299 568 4342 de
579 4298 633 4342 San
643 4298 762 4353 Ignacio,
773 4306 792 4345 t.
804 4308 839 4355 vr,
852 4312 913 4355 pag.
922 4300 964 4345 ⁴97
971 4306 998 4345 et
1008 4302 1056 4354 ¹293,
1068 4301 1223 4357 citatorum
1233 4314 1335 4354 eorurra,
1344 4315 1409 4359 quos
1418 4305 1463 4350 In·

231 4370 398 4426 gotstadium
414 4370 560 4413 mittendos
574 4371 734 4415 decernebat
748 4371 778 4415 R.
790 4372 819 4416 P.
833 4372 959 4425 ignatius
971 4374 1004 4417 de
1015 4374 1147 4419 sacietate
1157 4373 1235 4429 Jesu,
1248 4377 1291 4420 ubi
1306 4377 1465 4431 singulorum

233 4454 283 4491 non
297 4443 381 4488 solum
396 4442 506 4493 nomina,
522 4442 567 4486 sed
582 4450 608 4487 ct
619 4442 698 4497 dotes,
710 4450 736 4487 et
752 4444 870 4498 eruditio,
886 4450 946 4495 eto,
955 4446 1143 4490 describuntur.
1154 4446 1221 4491 Vide
1231 4450 1311 4493 etlam
1319 4450 1464 4505 Aaarcotrt,

233 4515 358 4559 Historia
370 4514 529 4558 Provinciae
541 4514 704 4558 Germaniae
715 4514 871 4570 Superioris
885 4514 1028 4561 Societatis
1036 4518 1112 4573 Jrsu,
1121 4518 1184 4563 Dec.
1199 4530 1226 4573 tr,
1238 4533 1262 4563 n.
1275 4521 1308 4575 26;
1319 4521 1463 4578 Vsnottaa,

234 4586 357 4631 Histoire
367 4587 401 4629 da
411 4585 429 4629 t'
444 4584 596 4629 Universae
605 4586 631 4629 κί’
641 4584 801 4641 Ingoistadt,
812 4593 830 4631 t.
847 4598 867 4641 r,
881 4600 941 4643 pag.
954 4588 1002 4640 30&
1017 4596 1043 4633 et
1058 4589 1202 4646 Pleuron,
1216 4592 1389 4638 Mortumrrtta
1403 4594 1465 4638 Gar·

235 4660 327 4703 mania
338 4658 516 4712 Pedagogica,
525 4660 577 4703 vol.
587 4669 613 4710 u,
625 4658 706 4701 Ratio
716 4658 879 4711 studiorum,
890 4662 950 4712 etc„
960 4666 979 4705 t.
989 4672 1006 4716 1,
1016 4673 1077 4717 pag.
1087 4662 1136 4708 3⁴9.
