3642 5350
811 434 876 494 Au.
898 434 968 493 155⁶
1453 430 1511 490 549

328 579 421 644 2371.
465 579 622 644 Curabat
640 588 760 644 autem
775 578 812 642 P.
830 579 993 659 Baptista
1013 578 1220 658 diligenter,
1241 587 1279 642 ut
1294 576 1509 656 temporales

269 689 378 750 etiam
393 685 635 765 necessitates,
648 702 739 766 quae
757 687 794 750 in
807 686 875 749 illis
886 685 1027 766 populis
1038 694 1168 765 essent,
1181 684 1405 763 intelligeres
1417 699 1508 763 quas

177 829 182 840 ·
270 795 392 858 statim
412 793 458 858 ad
476 793 692 874 Episcopum
714 792 907 856 deserebat.
934 792 1014 873 Ipse
1033 803 1168 868 autem,
1196 801 1235 856 ut
1254 799 1332 855 erat
1351 789 1509 870 benigno

269 900 392 965 animo
409 916 452 964 ac
467 899 503 964 P.
521 899 704 981 Baptistae
719 899 824 964 fidem
839 915 1009 979 magnam
1022 899 1188 978 habebat,
1204 897 1366 962 omnibus
1380 896 1508 960 subve-

270 1007 403 1071 niebat.
432 1007 573 1086 Exiguo
600 1009 720 1088 itaque
742 1015 919 1087 tempore,
950 1022 1120 1087 magnam
1147 1005 1319 1086 pecuniae
1345 1004 1421 1068 vim
1442 1019 1510 1084 per

272 1113 311 1179 P.
327 1114 526 1195 Baptistam
541 1115 577 1177 in
593 1115 735 1195 pietatis
748 1112 951 1194 hujusmodi
965 1113 1133 1195 operibus
1146 1112 1335 1190 distribuit,
1348 1128 1392 1175 ac
1406 1127 1507 1191 prae·

269 1222 376 1302 cipue
396 1221 434 1285 in
452 1221 654 1301 virginibus
672 1222 889 1302 pauperibus
907 1220 1137 1285 matrimonio
1159 1218 1394 1298 collocandis,
1416 1234 1509 1307 quae

271 1347 292 1392 a
318 1328 525 1408 parentibus
546 1337 649 1392 erant
674 1329 876 1408 destitutae,
892 1329 992 1392 etsie
1017 1326 1221 1408 hujusmodi
1240 1324 1508 1390 misericordiae

269 1435 440 1516 operibus
453 1437 566 1498 bonus
581 1435 779 1517 Episcopus
795 1435 1014 1500 afficiebatur
1029 1453 1072 1499 ac
1087 1434 1341 1512 delectabatur,
1358 1442 1410 1511 ut,
1426 1447 1508 1496 cum

272 1542 427 1623 quodam
441 1542 478 1605 in
492 1543 621 1622 populo
637 1543 769 1607 nullam
789 1543 1055 1622 eleemosynam
1075 1541 1301 1621 relinqueret,
1324 1538 1419 1620 quod
1433 1539 1509 1603 nul·

273 1648 395 1713 lumin
423 1665 465 1712 eo
482 1658 668 1728 urgentem
684 1647 892 1730 cujusquam
908 1648 1093 1729 penuriam
1112 1645 1151 1712 P.
1172 1647 1332 1728 Baptista
1353 1645 1507 1710 iuvenis·

273 1764 340 1836 set;
357 1755 502 1820 diceret:
521 1753 570 1820 “O
595 1754 716 1834 Pater,
744 1773 852 1837 quam
873 1755 959 1820 mihi
984 1755 1159 1836 displicet,
1184 1754 1278 1834 quod
1291 1754 1360 1817 hoc
1375 1753 1411 1816 in
1427 1754 1508 1817 loco

274 1861 362 1926 nihil
376 1863 705 1942 seminaverimu5„;
719 1863 905 1938 intellexit,
919 1872 1050 1940 tamen,
1064 1879 1135 1926 non
1150 1861 1305 1925 defuisse
1319 1876 1445 1924 curam
1460 1858 1509 1922 in·
1609 1872 1612 1875 ·

273 1969 449 2050 quirendi‚
466 1969 529 2033 sed
544 1971 795 2034 necessitatem
812 1971 833 2034 ¹.
1482 2021 1485 2026 .

332 2075 423 2140 2372.
469 2075 614 2140 Praeter
626 2077 838 2141 concionum
850 2076 1015 2156 officium,
1029 2076 1137 2141 etiam
1150 2074 1378 2140 examinandi
1391 2090 1509 2138 sacer·

270 2184 373 2246 dotes
388 2200 474 2246 cura
490 2181 528 2245 Ρ.
542 2183 723 2264 Baptistae
738 2185 953 2252 demandata
968 2196 1057 2264 erat;
1073 2185 1126 2248 eis
1141 2193 1277 2262 autem,
1298 2199 1389 2263 quos
1404 2181 1510 2246 valde

271 2291 422 2369 ignoran
441 2307 480 2354 es
493 2290 736 2372 deprehendit,
759 2291 916 2356 vicarios
935 2291 1116 2371 assignari
1134 2291 1333 2372 Episcopus
1353 2287 1508 2353 curavit.

331 2395 424 2460 2373.
469 2394 622 2460 Peccata
643 2408 761 2461 autem
781 2399 939 2478 publica,
956 2409 1030 2462 tam
1048 2397 1277 2462 sacerdotum
1296 2413 1404 2476 quam
1424 2394 1508 2458 alio·

169 2503 177 2516 “
271 2521 361 2583 ιιιιιι,
378 2501 457 2566 Deo
472 2501 681 2584 adjuvante,
702 2505 841 2568 sublata
866 2505 1021 2569 fuerunt.
1046 2503 1141 2568 Inter
1161 2520 1224 2567 eas
1238 2511 1358 2566 autem
1378 2500 1509 2565 utilita-

271 2623 338 2687 teS,
354 2627 444 2693 quas
459 2627 503 2675 ex
519 2611 586 2675 hac
602 2611 811 2676 lustratione
825 2612 1025 2694 Episcopus
1038 2609 1210 2695 percepit,
1226 2610 1287 2675 illa
1308 2609 1390 2689 luit,
1412 2608 1509 2690 quod

270 2718 405 2797 videre,
428 2728 463 2782 et
484 2716 744 2798 quodammodo
768 2730 1002 2799 contrectare,
1030 2720 1144 2801 potuit
1166 2714 1364 2798 cujusmodi
1389 2722 1509 2780 essent

269 2825 395 2906 gregis
408 2825 476 2888 sibi
490 2825 670 2889 commissi
683 2827 931 2903 necessitates,
947 2835 982 2890 et
997 2843 1104 2907 quam
1118 2826 1204 2889 utile
1224 2833 1368 2888 nostrae
1389 2821 1507 2887 Socie-

271 2932 357 2995 tatis
369 2932 616 3010 ministerium,
634 2942 673 2995 ut
687 2932 881 2997 remedium
894 2934 947 2997 eis
967 2932 1207 3011 adhiberetur,
1222 2931 1379 2995 futurum
1397 2939 1505 2993 esset.

316 3037 422 3139 3374.
466 3038 510 3102 Et
525 3038 575 3103 ita
590 3038 763 3103 Murciam
780 3040 883 3103 rediit
899 3050 999 3104 tauta
1015 3057 1096 3104 cum
1110 3040 1204 3103 fame
1223 3038 1372 3117 Collegii
1392 3037 1506 3101 absol·

272 3144 392 3225 vendi,
409 3154 447 3209 ut
461 3162 637 3209 summum
653 3145 810 3210 studium
825 3147 1011 3226 adhibens,
1026 3148 1078 3210 sic
1099 3163 1189 3226 opus
1207 3153 1451 3226 promoveret,
1468 3152 1508 3207 ut

268 3252 498 3317 admirationi
513 3255 758 3334 spectantibus
777 3256 813 3319 id
828 3264 934 3318 esset.
951 3255 1011 3335 Et,
1028 3263 1067 3318 ut
1086 3254 1271 3318 crescebat
1286 3270 1374 3333 erga
1389 3250 1508 3316 Socie-

269 3370 381 3425 tatem
397 3360 597 3425 dilectionis
612 3360 772 3440 affectus,
789 3362 839 3425 ita
855 3362 1039 3426 crescebat
1054 3362 1162 3426 etiam
1176 3359 1340 3425 aedificia
1359 3368 1395 3424 et
1415 3376 1508 3423 com-

273 3468 481 3532 moditatem
500 3478 705 3533 nostrorum
730 3468 1009 3533 ministeriorum
1029 3468 1185 3548 augendi
1208 3466 1412 3548 propensio.
1434 3465 1509 3531 Nec

271 3575 368 3638 enim
382 3574 499 3637 minus
514 3574 607 3637 intra
622 3576 746 3639 urbem
761 3576 888 3656 ipsam,
902 3593 1014 3655 ‘quam
1032 3576 1069 3639 in
1084 3573 1287 3653 dioecesim,
1304 3574 1427 3637 utilem
1447 3588 1507 3635 no·

271 3694 430 3745 strorum
445 3698 589 3761 operam
605 3683 867 3763 experiebatur,
891 3692 926 3745 et
948 3699 1030 3746 cum
1051 3700 1072 3745 a
1097 3692 1172 3745 tam
1189 3681 1313 3762 paucis
1333 3678 1508 3760 operariis

270 3789 370 3867 (narn
384 3798 521 3868 septem
536 3798 638 3852 erant
653 3805 789 3868 omues,
807 3798 842 3853 et
856 3806 981 3853 eorum
995 3789 1150 3870 quinque
1170 3788 1376 3851 sacerdotes
1391 3787 1427 3851 in
1447 3803 1508 3851 au·

273 3906 397 3959 tumno
413 3896 616 3977 praeterito)
631 3904 705 3959 tam
721 3897 831 3960 multa
850 3896 1028 3977 praestari
1052 3895 1371 3973 animadverteret,
1388 3892 1509 3957 multis

269 4002 498 4067 commodam
527 4002 783 4067 habitationem
809 4004 1006 4083 etreliqua
1031 4020 1160 4084 parare
1179 4001 1438 4080 constituebat,
1454 4009 1507 4079 ut,

270 4118 380 4172 aucto
396 4126 556 4188 numero,
572 4108 709 4173 fructus
724 4110 833 4174 etiam
849 4119 1053 4191 augeretur.

331 4214 425 4278 2375.
467 4214 618 4280 Prorsus
642 4233 773 4296 magua
792 4227 870 4280 erat
889 4216 1074 4281 doctrinae
1094 4215 1242 4296 penuria
1258 4216 1295 4279 in
1310 4232 1353 4278 eo
1374 4214 1509 4295 episco-

270 4329 374 4402 patu;
391 4339 472 4386 cum
486 4332 606 4387 tamen
620 4323 771 4404 Murcia,
788 4325 909 4404 inqua
929 4324 1128 4405 Episcopus
1148 4321 1445 4402 Carthaginensis
1459 4337 1511 4384 re·

270 4536 306 4569 en
315 4525 355 4569 los
364 4525 419 4580 olon
429 4537 476 4569 con
486 4526 524 4570 los
534 4537 667 4571 sermones
676 4526 718 4571 del
729 4526 823 4581 Padre,
834 4527 951 4572 dlzlendo
960 4538 1003 4572 ser
1014 4527 1118 4582 aquelto
1129 4537 1190 4581 moy
1201 4531 1259 4570 otro
1271 4526 1303 4569 de
1318 4526 1343 4571 lo
1358 4536 1407 4581 que
1422 4526 1447 4571 el
1461 4525 1511 4570 Ρι-

270 4597 320 4640 dre
331 4597 473 4652 predlcnut
488 4629 501 4651 „
509 4596 633 4643 Litterae
642 4596 875 4651 Quadrimestres,
884 4604 903 4645 t.
912 4609 950 4653 ιιι,
959 4610 1020 4654 με.
1029 4598 1081 4643 672.

315 4668 326 4702 ¹
354 4665 476 4713 Litterae
485 4670 718 4723 Quadrimestres,
728 4676 747 4715 t.
757 4681 795 4723 ιιι,
811 4671 880 4716 ibid.
