3642 5350
811 531 874 589 aa.
897 528 967 588 1556
1450 482 1523 587 791·

272 686 367 743 trem
391 676 546 741 habebat
573 674 692 741 virum
716 675 926 759 primarium
950 684 986 741 et
1010 672 1181 741 Societati
1208 675 1501 741 addictissimum.

273 780 339 849 Hic
352 781 506 865 juvenis
523 799 604 849 cum
619 784 759 849 curiose
780 782 972 849 admodum
990 792 1139 849 omatus
1158 783 1348 864 incederet,
1368 784 1503 849 relictis

274 891 434 957 vestibus
454 908 535 956 cum
556 907 641 955 ense
655 899 691 955 et
708 892 864 973 pugione
884 889 1077 970 deauratis,
1093 899 1129 955 et
1149 900 1294 955 nostrae
1314 877 1504 957 Societatis

274 994 425 1065 induens
443 998 613 1079 tunicam,
633 999 768 1063 nostris
787 1015 825 1063 se
851 994 1025 1078 adjunxit.
1053 997 1204 1079 Quidam
1219 994 1294 1079 ejus
1308 996 1431 1079 irater,
1446 999 1504 1065 vir

274 1106 379 1173 valde
393 1107 600 1187 honoratus,
617 1108 677 1188 qui
692 1106 821 1171 ibidem
835 1105 1060 1185 versabatur,
1077 1123 1159 1171 cum
1179 1106 1404 1171 Provinciale
1425 1124 1502 1172 coe·

273 1214 323 1295 pit
338 1214 383 1279 de
396 1214 507 1279 iratre
521 1231 587 1278 suo
602 1213 827 1294 contendere3
844 1212 907 1278 sed
927 1212 1033 1278 facile
1054 1212 1197 1278 Christo
1216 1215 1364 1279 vocanti
1383 1215 1501 1294 cessit,

272 1321 372 1387 etita
389 1320 586 1387 Cochiuum
607 1300 766 1401 veniens,
788 1338 854 1385 nec
876 1320 1102 1386 mediocriter
1117 1321 1390 1403 abnegationem
1411 1323 1504 1388 inter

274 1428 401 1495 milites
415 1446 599 1509 exercens,
612 1444 693 1493 cum
707 1429 773 1494 sub
784 1438 921 1493 vestem
936 1426 1125 1493 Societatis
1139 1446 1267 1494 ocreas
1280 1428 1397 1495 adhuc
1416 1430 1504 1494 mill·

271 1546 379 1618 tareS,
406 1553 495 1620 quas
515 1546 719 1618 permutare
743 1555 814 1601 non
837 1546 1014 1621 potuerat,
1037 1537 1196 1616 haberet;
1222 1537 1281 1603 ubi
1305 1538 1504 1603 Cochiuum

271 1645 494 1727 pervenisset
508 1652 542 1709 et
557 1644 799 1727 spiritualibus
814 1646 995 1712 exercitiis
1009 1645 1133 1710 luisset
1147 1647 1320 1726 excultus,
1336 1662 1504 1727 magnam

272 1752 382 1818 animi
395 1768 521 1835 pacem
536 1760 749 1817 consecutus
764 1761 818 1817 est
834 1750 855 1817 ¹.

333 1857 425 1923 3401.
467 1858 552 1924 Dux
566 1871 644 1924 erat
659 1860 813 1925 triremis
827 1861 1034 1942 primariae,
1051 1862 1088 1926 in
1102 1877 1172 1942 qua
1186 1864 1302 1927 solent
1315 1861 1505 1944 Pro-reges

273 1968 350 2032 sive
365 1965 631 2032 Gubernatores
644 1964 767 2032 Indiae
781 1968 956 2049 navigare
968 1986 1050 2034 cum
1064 1967 1143 2058 aliis
1157 1969 1343 2050 nobilibus,
1357 1978 1393 2035 et
1402 1987 1503 2052 prae·

273 2083 326 2140 ter
338 2075 510 2139 honorem
524 2091 595 2138 non
607 2073 838 2155 mediocrem,
858 2076 1073 2158 stipendium
1087 2077 1428 2160 quadringentorum
1442 2095 1502 2143 au·

273 2199 417 2247 reorum
431 2181 583 2263 singulis
596 2182 699 2247 annis
714 2182 878 2264 habebat3
890 2192 925 2248 et
940 2182 989 2249 ita
1002 2185 1150 2249 multum
1160 2184 1417 2251 aedificationis
1428 2183 1504 2266 ejus

272 2290 456 2371 ingressus
470 2298 542 2353 tam
558 2288 734 2353 nobilibus
748 2306 854 2371 quam
870 2290 949 2355 aliis
960 2290 1129 2356 militibus
1143 2292 1317 2374 praebuit,
1330 2310 1412 2358 cum
1423 2310 1503 2358 eum

271 2396 378 2462 etiam
393 2396 656 2479 eleemosynam
668 2413 749 2462 cum
760 2414 868 2462 sacco
879 2396 891 2429 ’
902 2415 967 2479 per
977 2398 1102 2463 urbem
1113 2407 1303 2481 petentem,
1315 2409 1351 2465 et
1361 2400 1431 2466 alia
1443 2402 1504 2467 hu·

271 2504 431 2571 militatis
446 2501 561 2568 officia
576 2512 801 2569 exercentem
820 2504 994 2584 viderent,
1016 2504 1061 2569 ad
1081 2523 1173 2588 quae
1192 2507 1307 2572 illese
1327 2508 1442 2590 ipsum
1458 2508 1503 2573 ab

273 2610 385 2693 initio,
412 2610 580 2693 quamdiu
604 2611 755 2692 viveret,
776 2611 1023 2694 damnaverat,
1044 2614 1208 2695 quamvls
1223 2612 1299 2697 ejus
1317 2615 1454 2682 indoles
1468 2624 1503 2682 et

273 2719 433 2803 aptitudo
443 2718 495 2804 ad
508 2720 625 2786 studia
643 2719 843 2787 litterarum
858 2720 954 2787 aliud
967 2724 1174 2803 postularet.

336 2828 381 2894 Et
394 2827 486 2894 haec
500 2827 545 2893 de
558 2827 683 2894 Tanaa
698 2837 735 2893 et
746 2827 893 2894 Bazaini
908 2829 1086 2909 collegiis.

461 3149 526 3217 DE
546 3147 792 3217 COLLEGIIS
813 3148 1000 3217 COCCINI
1019 3147 1080 3214 ET
1101 3145 1311 3213 CAULANI

330 3474 422 3541 3402.
466 3475 505 3541 P.
522 3474 736 3540 Franciscus
750 3474 860 3539 Perez
874 3471 1020 3539 Coccini
1040 3469 1241 3555 Superioris
1259 3478 1294 3535 et
1315 3471 1502 3534 conciona-

272 3584 361 3648 toris
380 3600 503 3649 curam
522 3583 686 3664 gerebat,
713 3599 818 3665 quern
842 3591 916 3647 tres
940 3599 987 3646 ex
1009 3578 1142 3644 nostris
1164 3578 1334 3643 fratribus
1358 3576 1502 3642 comita-

272 3689 400 3754 bantur
414 3699 449 3755 et
460 3687 646 3770 juvabant;
663 3689 722 3755 ubi
737 3689 805 3754 hoc
820 3706 914 3754 anno
928 3686 1107 3753 consuetis
1122 3694 1158 3751 et
1168 3683 1243 3767 jam
1257 3685 1346 3749 alias
1360 3683 1503 3766 scriptis

272 3797 563 3878 occupationibus
577 3798 733 3862 vacabat
746 3795 768 3861 ⁸.
789 3797 866 3862 Hoc
881 3805 1002 3861 tamen
1016 3804 1185 3860 autumno
1199 3795 1236 3857 in
1255 3790 1450 3858 subsidium
1470 3792 1503 3855 ei

271 3905 402 3970 missus
413 3913 467 3970 est
477 3904 515 3969 P.
529 3904 701 3970 Melchior
712 3903 883 3984 Carnero,
895 3903 957 3986 qui
967 3903 1119 3981 interim,
1132 3900 1216 3966 dum
1226 3901 1263 3964 in
1276 3898 1502 3980 Aethiopiam

199 4076 202 4082 ,
271 4013 331 4077 via
346 4011 583 4094 aperiebatur,
599 4013 785 4093 perutilem
797 4029 943 4094 operam
954 4009 1074 4076 Indiae
1084 4027 1156 4074 non
1167 4010 1281 4074 solum
1293 4024 1363 4072 uno
1375 4007 1412 4071 in
1422 4007 1503 4070 loco

272 4120 442 4184 navabat.

330 4225 422 4292 3403.
465 4225 544 4292 Hoc
559 4245 653 4294 anno
667 4228 725 4293 ille
739 4227 777 4292 Ρ.
795 4227 925 4309 Ignatii
940 4227 1078 4292 litteras
1093 4242 1174 4318 cum
1190 4223 1365 4305 singulari
1379 4239 1503 4288 conso·

270 4335 403 4400 latione
415 4335 525 4400 animi
535 4335 639 4401 simul
651 4353 730 4401 cum
742 4333 889 4400 Litteris
903 4333 1121 4416 Apostolicis
1133 4330 1308 4415 [accepit],
1322 4331 1450 4415 quibus
1464 4340 1503 4396 ut

269 4439 410 4507 titulum
425 4443 653 4524 episcopatus
666 4443 821 4508 nicensis
841 4441 1036 4524 acciperet,
1053 4450 1088 4506 et
1102 4438 1286 4522 coadjutor
1305 4455 1349 4504 ac
1363 4451 1501 4504 succes:

312 4645 322 4679 ¹
349 4645 417 4692 Vide
428 4647 582 4703 ortulanum,
593 4649 611 4694 t.
622 4661 653 4701 c.,
662 4649 706 4694 lib.
716 4659 770 4703 xri,
781 4660 805 4694 n.
813 4649 849 4694 75.

311 4717 323 4752 ⁸
349 4717 498 4768 maacha

311 4791 323 4825 ⁸
349 4791 444 4838 conia
454 4803 520 4850 quae
530 4793 601 4840 dicta
611 4799 671 4840 sunt
682 4805 771 4850 snpra,
782 4799 800 4840 t.
811 4797 837 4847 t.
848 4805 908 4850 pag.
916 4793 967 4850 oto,
977 4805 1003 4840 n.
1015 4794 1069 4840 1849
1077 4801 1105 4840 et
1114 4805 1169 4850 seq.
