3642 5350
801 429 866 488 Art·
888 428 958 488 1556
1435 428 1489 487 521

261 584 354 654 rant,
371 575 407 638 in
422 591 546 638 eorum
561 581 765 654 contemptu
779 573 994 654 conspicuae
1008 573 1167 654 fuerunt,
1183 582 1219 638 et
1236 573 1327 637 duae
1348 574 1490 636 illarum

262 681 504 761 virginitatem
518 679 597 744 Deo
612 689 800 760 voverunt;
812 681 918 745 tertia
928 681 1147 746 tantumdem
1162 690 1239 744 erat
1251 679 1404 758 factura,
1420 680 1490 743 nisi

260 788 308 852 ad
323 789 554 852 maturiorem
569 788 890 852 considerationem
905 787 1165 868 quodammodo
1179 787 1305 866 invita,
1321 785 1367 866 id,
1383 796 1490 867 prout

260 895 449 958 consilium
462 895 530 976 ipsi
545 895 666 958 datum
679 895 807 974 suerat,
823 894 1034 959 distulisset.

321 1001 413 1066 2256.
455 1001 588 1067 Factae
612 1012 694 1066 sunt
714 1014 833 1066 autem
852 1004 1053 1082 complures
1077 1001 1318 1066 consessiones
1341 1017 1489 1081 genera·

262 1111 324 1189 les,
338 1127 428 1190 quae
443 1109 489 1173 ad
502 1110 661 1190 priorum
676 1108 851 1173 desectum
870 1107 1105 1189 supplendum
1128 1118 1231 1172 erant
1251 1108 1487 1172 necessariae.

262 1215 425 1280 Morituri
439 1217 547 1280 etiam
561 1217 623 1279 vix
638 1216 795 1279 contenti
813 1227 933 1295 erant,
950 1214 1019 1279 nisi
1038 1214 1166 1295 aliquis
1181 1232 1227 1278 ex
1247 1212 1490 1294 collegialibus

259 1325 313 1386 eis
328 1323 510 1387 adfuisset.

321 1429 413 1494 2257.
457 1430 521 1494 Vir
533 1430 677 1512 quidam
692 1431 807 1494 solum
821 1438 961 1494 vertere
977 1429 1171 1509 cogebatur
1186 1430 1232 1492 ob
1246 1429 1413 1493 delictum
1429 1428 1490 1489 ali·

259 1536 357 1618 quod
373 1537 534 1602 Gandiae
553 1547 811 1620 perpetratum,
832 1547 868 1601 et
882 1553 1033 1601 uxorem
1054 1554 1098 1601 ac
1114 1538 1244 1601 multos
1263 1535 1395 1599 liberos
1415 1551 1491 1616 per·

259 1644 354 1708 ditos
372 1645 607 1725 relinquebat,
624 1643 754 1725 grandi
774 1644 880 1708 etiam
900 1644 1113 1707 detrimento
1128 1643 1188 1706 alii
1210 1644 1324 1721 illato;
1345 1658 1411 1706 nec
1429 1640 1489 1703 ad·

262 1750 422 1814 versario
436 1749 512 1834 eius
526 1751 741 1832 persuadere
755 1751 834 1832 quis
852 1759 1009 1832 poterat,
1026 1759 1064 1814 ut
1085 1750 1136 1813 illi
1150 1749 1292 1812 veniam
1311 1748 1489 1812 condona·

260 1867 326 1920 ret.
344 1857 433 1921 Cum
447 1870 566 1922 autem
580 1857 723 1938 quidam
737 1875 783 1921 ex
797 1858 940 1938 nostris,
956 1857 1192 1939 praecedente
1207 1856 1379 1935 oratione,
1394 1855 1489 1918 idem

261 1971 445 2045 tentasset,
460 1965 566 2028 venia
580 1965 768 2047 impetrata
783 1974 837 2030 est
852 1965 896 2029 ab
911 1983 970 2044 eo,
986 1965 1137 2046 quisine
1155 1972 1269 2027 morte
1290 1961 1489 2026 adversarii

259 2073 356 2134 nullo
371 2071 475 2135 modo
491 2089 570 2136 eam
584 2089 623 2136 se
638 2072 852 2138 donaturum
872 2069 1083 2137 affirmabat.¹
1106 2071 1140 2135 A
1154 2070 1366 2151 magistratu
1381 2068 1488 2133 etiam

263 2178 367 2241 venia
382 2179 447 2242 suit
462 2179 622 2256 obtenta;
640 2189 674 2244 et
689 2180 739 2244 ita
753 2179 908 2244 familiae
923 2189 959 2242 et
972 2179 1093 2244 multis
1112 2178 1409 2260 aliisconsultum
1423 2188 1487 2250 est;

259 2294 297 2348 et
312 2286 422 2366 quiin
437 2286 580 2350 exilium
596 2286 788 2352 mittendus
804 2285 914 2365 ¹erat,
927 2284 1049 2350 divino
1061 2285 1220 2365 servitio,
1233 2301 1381 2348 manens
1396 2283 1490 2347 Gan·

261 2391 354 2470 diae,
371 2404 406 2455 et
420 2394 533 2456 laetus
547 2394 714 2458 vacabat.

319 2497 410 2562 2258.
455 2499 694 2565 Constituerat
709 2517 805 2564 anno
819 2500 1048 2582 praecedenti
1059 2499 1098 2564 P.
1113 2497 1329 2563 Franciscus
1344 2497 1488 2578 Borgia,

259 2616 299 2670 ut
315 2606 517 2689 theologiae
537 2608 654 2671 studia
679 2609 716 2671 in
740 2608 982 2673 Universitate
1007 2606 1204 2672 Gandiensi
1228 2605 1487 2685 omitterentur;

258 2714 389 2793 partim
404 2715 498 2795 quod
513 2716 717 2780 scholastici
732 2716 871 2780 externi
886 2714 930 2778 ad
945 2716 1116 2779 lectiones
1130 2732 1202 2778 non
1215 2714 1390 2791 venirent,
1406 2729 1486 2792 par·

260 2820 323 2884 tim
337 2822 431 2903 quod
446 2823 559 2887 nostri
577 2824 683 2902 pauci
703 2840 781 2887 esse
800 2831 981 2904 poterant,
1002 2840 1083 2887 cum
1106 2821 1255 2901 Collegii
1269 2820 1396 2884 domus
1415 2838 1489 2883 ma-

256 2930 341 3008 gnis
363 2930 529 3009 expensis
550 2940 642 2993 esset
661 2929 879 3011 reparanda,
902 2947 1138 3009 comparum
1156 2929 1268 2993 solide
1287 2927 1487 3007 aedificata,

260 3037 399 3100 ruinam
414 3037 617 3102 minaretur.

319 3141 409 3205 2259.
453 3142 612 3224 Quatuor
624 3160 710 3224 ergo
722 3144 929 3208 sacerdotes
941 3154 1090 3223 tantum,
1103 3155 1138 3207 et
1149 3143 1297 3207 totidem
1308 3141 1487 3223 coadjuto-

257 3266 328 3325 res,
345 3258 380 3311 et
393 3249 464 3313 duo
479 3253 735 3331 grammaticae
748 3261 1000 3332 praeceptores
1011 3252 1048 3315 in
1059 3269 1101 3315 eo
1113 3251 1272 3332 Collegio
1284 3250 1399 3316 relicti
1412 3249 1486 3314 sue·

257 3366 351 3435 rant;
367 3372 459 3420 unus
474 3359 581 3422 etiam
597 3375 643 3422 ex
657 3359 901 3422 sacerdotibus
924 3360 1163 3424 conscientiae
1183 3376 1288 3423 casus
1307 3360 1487 3440 praelege-

257 3464 331 3526 bat.
347 3461 416 3543 Qui
430 3474 548 3528 autem
564 3466 792 3530 humaniores
802 3468 942 3532 litteras
953 3466 1139 3547 docebant,
1153 3484 1235 3531 cum
1250 3482 1382 3547 magna
1396 3467 1488 3530 utili·

257 3577 332 3633 tate
343 3568 540 3651 juventutis
554 3572 748 3653 institutae,
765 3590 830 3639 suo
845 3590 990 3638 munere
1004 3573 1253 3654 fungebantur.

223 3691 229 3709 ·
318 3676 363 3742 Et
377 3678 467 3741 haec
483 3678 526 3742 de
541 3679 700 3759 Collegio
716 3680 923 3744 Gandiensi.

521 4000 585 4065 DE
601 3999 832 4066 COLLEGIO
848 4000 1225 4067 BARCHINONENSI

317 4212 408 4277 2260.
451 4212 490 4278 In
505 4216 583 4295 ipsa
597 4215 720 4295 vigilia
735 4214 940 4280 Nativitatis
954 4216 1115 4296 Domini,
1132 4216 1192 4297 qui
1206 4215 1308 4296 huius
1323 4216 1408 4280 anni
1421 4216 1484 4279 ini·

256 4321 345 4384 tium
363 4328 431 4399 est,
452 4322 602 4385 ecclesia
623 4321 770 4403 Collegii
789 4320 1089 4387 Barchinonensis
1107 4331 1297 4403 utcumque
1322 4324 1485 4387 absoluta

253 4438 326 4508 est,
341 4446 412 4491 non
427 4427 567 4509 quidem
583 4430 745 4503 omnino,
761 4427 824 4493 sed
838 4447 949 4511 usque
964 4430 1009 4494 ad
1024 4429 1213 4511 quemdam
1232 4430 1405 4512 parietem
1424 4448 1485 4494 no·

298 4670 306 4701 ¹
335 4668 381 4713 hls.
393 4668 532 4714 mitturus.
