3642 5350
783 435 847 494 Au.
868 434 938 494 1556
1423 429 1479 489 537

244 577 381 642 sionem
393 575 582 662 [praebuit]
595 580 703 644 libere
715 580 924 646 detrahendi
933 581 995 657 eis,
1012 580 1072 662 qui
1084 578 1249 660 operibus
1259 575 1402 656 pietatis
1414 593 1475 638 va-

246 685 390 765 cabant,
405 687 569 766 quamvis
588 687 691 751 facile
711 688 811 752 multi
831 688 1080 751 intellexerunt
1098 703 1144 750 ex
1165 684 1274 748 animi
1293 683 1475 763 perturba·

248 792 343 855 tione
357 793 571 857 monachum
586 812 630 858 ea
645 794 791 875 dixisse;
807 795 883 876 qui,
900 812 946 858 ex
960 793 1145 873 Aragonia
1164 791 1350 867 recedens,
1373 787 1474 852 Tole-

248 907 323 962 tum
344 915 383 962 se
398 900 556 980 contulit,
573 912 607 964 et
632 902 793 981 graviter
818 900 1009 965 admodum
1034 898 1203 980 Princeps
1220 897 1361 982 Joanna
1380 896 1474 959 hanc

249 1006 414 1070 monachi
428 1006 626 1072 libertatem
640 1009 845 1073 seditiosam
860 1008 984 1072 tulisse
997 1007 1138 1071 dicitur.

307 1110 399 1176 2324.
442 1113 571 1178 Missus
584 1115 699 1179 fuerat
714 1115 752 1179 P.
766 1113 979 1199 Franciscus
994 1116 1037 1178 de
1053 1110 1160 1193 Rojas
1175 1121 1213 1176 ut
1227 1110 1359 1175 nostris
1373 1127 1472 1190 prae·

246 1229 353 1299 esset,
366 1229 401 1284 et
412 1221 448 1284 in
456 1221 780 1286 hisdifficultatibus
789 1222 934 1286 eosdem
941 1219 1095 1301 juvaret;
1110 1228 1145 1284 et
1154 1218 1314 1297 fideliter,
1326 1217 1473 1296 diligen-

248 1336 301 1390 ter
316 1335 351 1390 et
365 1336 529 1391 amanter
543 1346 581 1392 se
595 1329 632 1392 in
647 1329 753 1392 rebus
768 1328 957 1393 Societatis
976 1328 1106 1408 gessit;
1123 1335 1159 1390 et
1173 1325 1272 1406 ipsae
1286 1322 1474 1387 Societatis

245 1433 549 1498 contradictiones
572 1436 688 1516 magis
713 1453 794 1500 eum
819 1436 1018 1499 accendere
1040 1434 1263 1497 videbantur.
1295 1428 1365 1494 Sed
1391 1447 1473 1493 cum

246 1541 372 1620 paucis
395 1542 519 1605 diebus
539 1542 587 1605 ibi
610 1552 849 1607 commoratus
871 1551 977 1621 esset,
999 1542 1139 1606 demum
1158 1539 1405 1604 Vallisoletum
1425 1535 1473 1599 ad

246 1645 285 1710 Ρ.
301 1645 534 1712 Franciscum
548 1649 664 1729 rediit,
675 1661 821 1732 propter
832 1650 976 1730 negotia
988 1648 1034 1712 ad
1044 1650 1233 1730 ipsummet
1246 1644 1471 1726 pertinentia;

152 1747 154 1755 '
246 1763 283 1817 et
299 1772 379 1818 cum
394 1763 467 1818 tres
482 1773 634 1836 menseS,
652 1766 689 1821 ut
702 1756 748 1821 de
762 1766 857 1821 statu
871 1774 990 1821 rerum
1005 1771 1150 1819 suarum
1165 1752 1390 1829 deliberaret,
1408 1767 1471 1813 ac-

245 1862 411 1942 cepisset3
429 1864 579 1944 amplius
595 1881 661 1927 nec
677 1863 1014 1944 Caesaraugustam,
1030 1878 1097 1925 nec
1117 1862 1163 1924 ad
1184 1858 1398 1923 Societatem
1420 1873 1473 1920 re-

245 1969 322 2048 diit,
339 1987 405 2033 nec
421 1973 496 2034 sine
511 1971 682 2035 facultate
697 1971 928 2053 Superiorum
941 1979 1044 2034 extra
1058 1970 1155 2033 illam
1169 1966 1299 2031 mansit
1314 1965 1335 2030 ³.

306 2075 398 2142 2325.
441 2077 562 2143 Nostri
590 2079 699 2159 igitur
727 2095 792 2143 suo
821 2079 857 2143 in
883 2078 1069 2156 collegiolo
1097 2077 1276 2139 consuetis
1304 2071 1473 2137 Societati

243 2185 560 2249 exercitationibus
570 2187 762 2262 vacabant,
779 2203 845 2249 nec
860 2185 936 2250 dies
945 2183 1162 2265 praeteribat
1177 2183 1294 2263 inquo
1306 2180 1415 2261 aliqui
1427 2179 1472 2243 ad

242 2291 505 2356 confessionem
520 2304 554 2356 et
569 2293 854 2356 communionem
869 2311 939 2356 non
954 2291 1178 2365 accederent,
1191 2298 1341 2353 nectam
1353 2287 1472 2352 multis

242 2397 515 2464 advenientibus
529 2401 642 2464 nostri
656 2400 865 2490 confessarii
879 2399 1088 2463 satisfacere
1098 2404 1276 2478 poterant;
1289 2404 1324 2458 et
1338 2395 1472 2475 aliquot
1546 2377 1552 2388 ’

244 2505 422 2570 mensibus
437 2507 540 2589 hujus
560 2509 644 2571 anni
666 2508 811 2589 elapsis,
839 2509 959 2588 plures
983 2523 1089 2588 quam
1111 2514 1194 2568 ante
1210 2511 1469 2583 tempestatem,

242 2622 448 2679 nostrorum
474 2633 583 2697 opera
607 2623 642 2680 et
666 2615 907 2680 familiaritate
932 2614 1002 2678 frui
1027 2611 1227 2695 cupiebant,
1255 2627 1335 2675 cum
1363 2610 1470 2690 paulo

243 2728 326 2784 ante
341 2738 385 2784 ne
400 2723 618 2803 respicerent
633 2723 787 2805 quidem.
803 2724 847 2788 Et
863 2724 899 2788 in
918 2721 1073 2803 quodam
1088 2720 1255 2802 jubilae0,
1276 2718 1471 2783 Caesarau-

239 2837 369 2907 gustae
383 2832 620 2910 promulgato,
637 2840 774 2894 tantum
790 2831 924 2910 negotii
938 2830 1160 2911 poenitentes
1174 2827 1306 2891 nostris
1328 2824 1469 2889 exhibe·

243 2936 339 3013 bant,
365 2945 403 2999 ut
423 2936 547 3000 diebus
562 2946 685 3001 noctes
706 2936 923 3017 conjungere
948 2937 995 3000 ad
1009 2953 1133 3000 eorum
1153 2932 1394 2999 confessiones
1409 2949 1469 2994 au·

242 3040 391 3105 diendas
411 3053 638 3123 cogerentur,
667 3055 700 3108 et
723 3045 861 3125 aliquos
881 3044 1087 3108 sacerdotes
1105 3053 1275 3105 externos
1301 3039 1470 3103 adhibere

241 3150 410 3229 oportuit,
439 3149 498 3230 qui
523 3149 630 3214 SM
646 3151 912 3216 Eucharistiam
926 3168 969 3215 eo
984 3152 1041 3215 die
1070 3148 1384 3225 communicarent,
1400 3163 1470 3227 quo

137 3290 143 3301 ·
238 3254 341 3335 J'uxta
359 3258 617 3337 praescriptum
635 3257 779 3339 jubilaei
801 3260 971 3323 sumenda
990 3269 1083 3337 erat,
1105 3257 1198 3338 quod
1217 3273 1340 3320 omnes
1358 3253 1471 3317 nostri

246 3362 528 3428 confessionibus
543 3366 594 3428 sic
614 3364 882 3446 distinerentur,
903 3376 1031 3430 utnon
1049 3365 1100 3428 eis
1111 3371 1259 3427 vacaret
1279 3360 1389 3425 ΒΜ
1404 3359 1469 3423 Eu·

243 3456 452 3533 charistiarn
471 3472 685 3536 ministrare.

301 3574 392 3639 2326.
436 3576 635 3642 Audierunt
659 3590 777 3643 autem
801 3580 993 3645 multorum
1012 3578 1253 3642 confessiones
1271 3575 1469 3656 generales,
1508 3607 1511 3611 ·

151 3768 156 3779 ⁵
241 3693 426 3764 eteorum,
442 3686 501 3765 qui
516 3702 695 3767 nunquam
710 3697 815 3751 antea
831 3687 875 3751 ad
889 3688 988 3769 ipsos
1002 3694 1239 3760 accesserant;
1253 3692 1299 3763 et,
1312 3680 1379 3745 Dei
1390 3698 1471 3761 gra-

240 3790 292 3853 tia
303 3788 467 3872 juvante,
484 3794 593 3855 multa
607 3802 754 3875 peccata
769 3795 909 3875 publica
925 3802 1126 3857 cessarunt:
1144 3792 1274 3855 multae
1293 3790 1433 3853 animae
1447 3808 1470 3852 a

243 3896 404 3962 faucibus
436 3898 619 3963 daemonis
643 3910 785 3982 ereptae
810 3902 972 3965 fuerunt:
998 3902 1190 3964 multorum
1217 3898 1468 3977 conscientiae,

240 4021 334 4084 quae
349 4005 476 4069 misere
491 4006 588 4069 vitiis
602 4008 816 4086 serviebant,
832 4018 1034 4089 reparatae,
1051 4008 1087 4070 in
1102 4014 1250 4087 accepta
1260 4004 1379 4086 gratia
1393 4022 1469 4085 per·

240 4127 409 4175 severare
423 4112 653 4194 videbantur;
673 4115 737 4177 sed
755 4115 805 4179 illi
823 4114 1022 4178 evidentius
1042 4114 1101 4195 qui
1120 4123 1248 4177 octavo
1268 4114 1326 4176 vel
1347 4112 1468 4193 quinto

274 4290 451 4301 ...-—.—.

283 4386 292 4421 ¹
321 4388 404 4444 Saepe
415 4390 440 4433 in
450 4390 626 4444 superioribus
636 4392 811 4435 voluminibus
821 4392 964 4436 indicatum
973 4398 1013 4435 est
1023 4391 1131 4435 Patrem
1140 4392 1171 4434 de
1182 4390 1261 4446 Rojas
1272 4398 1377 4435 nutasse
1387 4391 1413 4435 lu
1421 4400 1469 4434 suu

242 4461 389 4513 vocatione.
399 4462 544 4506 studiorum
554 4463 732 4517 graduumque
742 4464 964 4519 suscipiendorum
975 4474 1062 4507 causa.
1073 4462 1140 4507 Vide
1150 4474 1237 4517 supra,
1255 4468 1274 4507 t.
1288 4473 1324 4515 ιν,
1343 4473 1403 4518 ρας.
1420 4461 1468 4512 596.

241 4544 267 4576 n.
279 4532 339 4585 latu
351 4538 371 4575 t.
381 4545 408 4586 v,
418 4544 471 4587 pag
489 4532 538 4587 887,
549 4545 572 4576 n.
585 4533 645 4589 10483
656 4534 796 4589 Epistulae
804 4536 918 4586 «litatae,
928 4543 947 4579 t.
958 4547 974 4587 1,
985 4546 1045 4589 pag.
1055 4534 1201 4578 bob-Prae
1211 4534 1323 4578 caeteris
1333 4544 1396 4578 vero
1410 4533 1469 4587 lege

240 4605 267 4647 in
278 4602 326 4647 lroc
337 4602 464 4647 Chronico
473 4605 635 4658 splendidum
645 4607 738 4656 locum.
749 4606 862 4659 optimae
872 4618 935 4651 sane
951 4607 1043 4661 frugis,
1060 4606 1103 4651 ubl
1121 4617 1164 4650 res
1178 4606 1294 4651 funditus
1309 4605 1470 4657 declaratur,

240 4682 260 4720 t.
271 4685 309 4729 111,
319 4686 380 4729 pag.
389 4675 438 4729 3⁶7,
449 4686 473 4718 n.
483 4676 531 4719 806.
