3642 5350
782 448 846 511 Au.
868 448 940 510 1556
1424 450 1476 513 &il

244 595 449 661 necessaria
477 594 524 659 ad
549 596 749 662 aedificium
771 604 807 662 et
827 597 1117 662 sustentationem
1138 597 1480 664 nostrorum'offere·

245 701 351 783 bant;
379 702 441 767 aed
460 703 543 784 quia
568 722 643 769 rem
669 720 749 769 cum
779 704 854 769 suis
872 704 1135 769 consultoribus
1151 722 1223 769 non
1247 714 1478 786 tractaverat,

245 809 332 873 nihil
347 807 392 873 de
406 810 625 875 admittenda
641 811 824 893 praedicta
837 812 943 883 domo
957 811 1153 877 constituit.
1168 812 1253 876 lnde
1266 811 1427 878 Tanaum
1446 823 1481 879 et

245 914 452 997 Bazainum,
468 925 506 981 ut
520 918 683 999 superius
697 918 852 983 diximus
864 916 886 999 ¹,
902 918 1071 1001 perrexit,
1086 929 1123 983 et
1135 917 1278 984 demum
1287 919 1481 986 Coccinum

245 1024 313 1087 sub
327 1023 463 1089 initium
479 1023 564 1088 anni
578 1026 758 1106 sequentis
772 1025 887 1090 rediit.

304 1130 397 1193 3556.
440 1128 551 1195 Multa
579 1143 835 1197 commemorat
861 1130 905 1198 de
939 1131 1017 1215 eius
1051 1134 1260 1215 provinciae
1289 1135 1480 1216 opulentia,

245 1253 353 1318 quam
371 1238 477 1319 longe
495 1238 652 1320 praefert
669 1240 718 1319 ei,
739 1257 847 1322 quam
866 1240 901 1304 in
921 1241 1141 1322 Portugallia
1161 1242 1314 1307 viderat.
1336 1242 1481 1308 Curiam

244 1346 351 1409 etiam
365 1344 625 1411 Gubernatoris
644 1363 776 1428 magna
796 1347 963 1412 nobilitas
987 1358 1022 1412 et
1042 1349 1269 1414 ornatissima
1290 1350 1480 1415 comitaba·

244 1463 317 1531 tur;
343 1461 378 1517 et
402 1468 473 1516 non
500 1452 629 1517 minori
656 1453 845 1535 splendore
874 1452 1158 1521 Gubernatorem
1185 1456 1222 1520 in
1250 1454 1350 1521 India
1375 1474 1482 1538 quam

245 1558 380 1639 Regem
405 1560 443 1624 in
469 1560 685 1641 Portugallia
705 1562 958 1627 comitabatur:
978 1561 1073 1643 quod
1092 1563 1150 1627 ille
1169 1572 1208 1628 ut
1232 1564 1481 1630 documentum

245 1666 447 1748 accipiebat
462 1667 623 1749 honoria,
639 1668 699 1750 qui
712 1667 925 1734 deferendus
936 1681 990 1734 est
1005 1669 1138 1735 Christi
1152 1668 1299 1736 Vicario
1313 1672 1349 1735 in
1365 1672 1480 1753 terris,

245 1790 326 1838 cum
339 1772 576 1855 Gubernator,
587 1775 682 1858 quod
694 1774 803 1857 Regis
820 1775 1061 1858 Portugalliae
1071 1794 1262 1859 personam
1273 1779 1433 1861 referret,
1444 1782 1481 1845 in

247 1890 346 1945 tanta
367 1884 595 1947 veneratione
614 1883 820 1965 baberetur,
841 1893 879 1949 ut
896 1884 1024 1965 ingens
1042 1886 1236 1951 multitudo
1258 1886 1427 1953 nobilium
1446 1897 1482 1953 et

246 1988 398 2054 militum
420 1990 453 2054 ei
478 1989 738 2057 officiosissime·
754 1991 977 2071 assisterent,
1002 1992 1082 2057 licet
1101 2004 1252 2073 quatuor
1272 2002 1307 2058 et
1327 1994 1481 2077 quinque

247 2095 355 2161 horas
368 2098 406 2161 in
417 2099 644 2167 monasterio
666 2099 784 2180 aliquo
804 2116 885 2164 cum
904 2100 1082 2180 religiosis
1103 2102 1316 2182 loqueretur.
1337 2101 1482 2167 Confert

247 2203 343 2267 adid
358 2204 453 2285 quod
462 2204 633 2270 beneficia
647 2223 791 2286 magna,
805 2218 839 2271 et
851 2206 1028 2271 interdum
1040 2206 1177 2289 majora
1188 2225 1294 2290 quam
1304 2210 1381 2292 ipse
1390 2208 1480 2291 Rex,

247 2308 367 2375 facere
380 2321 506 2393 potest.
523 2312 643 2378 Multis
657 2314 764 2378 etiam
779 2314 815 2378 in
829 2313 936 2379 rebus
950 2314 1084 2379 eisdem
1099 2316 1347 2398 caeremoniis
1363 2334 1433 2398 quo
1445 2317 1481 2381 in

247 2416 466 2499 Portugallia
477 2418 624 2500 Regem,
641 2418 746 2503 [eum]
763 2422 895 2486 colunt,

308 2526 400 2589 3557.
442 2526 621 2593 Admonet
636 2528 710 2593 suis
730 2529 856 2594 litteris
876 2528 916 2593 P.
938 2528 1177 2595 Provincialis
1200 2532 1297 2596 nullo
1318 2531 1424 2597 modo
1445 2533 1480 2598 in

248 2631 383 2700 Indiam
397 2653 460 2700 eos
474 2652 551 2700 esse
567 2636 767 2718 mittendos,
783 2636 844 2719 qui
858 2637 895 2702 in
909 2639 966 2703 sui
981 2637 1219 2719 abnegatione
1230 2656 1357 2721 pamm
1367 2639 1480 2723 profe·

248 2742 357 2823 cisse,
373 2754 408 2807 et
421 2743 619 2825 imperfecti
632 2762 711 2810 esse
726 2745 762 2809 in
776 2745 920 2826 Europa
934 2744 947 2777 ¹
968 2746 1298 2828 deprehenduntur;
1319 2765 1403 2813 nam
1424 2767 1481 2814 ex·

248 2851 420 2931 perientia
445 2849 580 2930 docuit,
598 2853 692 2933 quod
711 2850 913 2934 hujusmodi
934 2853 970 2916 in
988 2851 1088 2919 India
1107 2855 1217 2919 multo
1243 2855 1361 2920 minus
1379 2857 1482 2938 profi·

248 2957 360 3038 ciunt,
381 2967 416 3023 et
439 2959 696 3040 insuperabiles
716 2976 758 3024 ac
781 2959 990 3025 innumeras
1012 2962 1220 3026 occasiones
1244 2962 1293 3027 ibi
1315 2963 1447 3029 habent
1471 2963 1483 2995 ³

247 3064 455 3130 scandalum
469 3066 662 3148 praebendi
675 3075 710 3131 et
724 3065 914 3132 Societatis
928 3069 1230 3134 existimationem
1244 3069 1422 3153 laedendi,
1445 3081 1481 3136 et

247 3172 508 3255 quodammodo
520 3173 705 3238 evertendi
718 3171 742 3238 ⁴.
757 3173 803 3238 Et
814 3173 884 3239 duo
895 3191 1029 3253 genera
1041 3175 1223 3242 bominum
1234 3194 1277 3241 eo
1288 3178 1480 3261 praecipue

249 3281 419 3346 mittenda
439 3280 616 3361 suggerit3
637 3281 786 3346 alterum
806 3299 940 3362 eorum,
961 3300 1050 3364 quos
1070 3293 1209 3348 constat
1230 3283 1276 3348 ad
1297 3302 1378 3350 eam
1394 3287 1478 3350 mis·

249 3389 386 3453 sionem
399 3403 596 3470 propensos
613 3385 726 3471 [esse]
741 3406 787 3453 ex
802 3388 979 3455 desiderio
993 3390 1151 3472 patiendi
1164 3400 1310 3474 propter
1324 3391 1391 3458 Dei
1405 3395 1478 3474 glo·

249 3496 357 3576 riam;
374 3497 524 3560 alterum
543 3512 678 3576 eorum,
700 3497 759 3578 qui
777 3495 882 3578 hujus
896 3497 1078 3563 missionis
1098 3498 1335 3565 obedientiam
1354 3500 1478 3566 admit·

248 3612 327 3669 tunt
351 3603 521 3679 suaviter,
547 3611 581 3666 et
607 3602 772 3669 diuturna
797 3605 1017 3684 experientia
1038 3607 1220 3686 cognitum
1242 3616 1296 3671 est
1317 3607 1411 3688 quod
1432 3607 1477 3673 ad

248 3713 416 3776 virtutem
431 3712 521 3775 bene
534 3710 696 3792 dispositi
707 3711 788 3792 sint,
805 3721 839 3775 et
854 3710 1039 3792 flexibiles;
1052 3722 1087 3778 et
1098 3714 1158 3795 qui
1168 3714 1369 3778 executioni
1380 3732 1479 3780 man·

248 3819 367 3885 daturi
380 3821 557 3903 videntur,
578 3837 669 3903 quae
689 3820 778 3884 bene
796 3822 1064 3902 proposuerint;
1085 3832 1121 3886 et
1140 3824 1232 3886 inter
1245 3821 1312 3886 hos
1327 3838 1401 3902 eos,
1418 3823 1478 3905 qui

248 3945 398 4010 corpore
412 3946 501 3993 sano
515 3937 550 3993 et
564 3929 658 3992 bono
669 3925 802 4009 judicio
817 3936 852 3991 et
867 3929 944 3992 zelo
958 3930 1142 4010 proximos
1158 3929 1307 4012 iuvandi
1326 3928 1478 4009 praediti

248 4046 342 4115 sunt,
356 4053 440 4100 nam
455 4036 545 4100 tales
565 4035 602 4098 in
624 4032 822 4099 christiana
840 4033 1005 4100 doctrina
1024 4035 1115 4100 bene
1136 4036 1311 4116 instructi,
1335 4045 1371 4101 et
1390 4036 1476 4102 idio·

247 4154 343 4207 mata
357 4143 497 4206 illarum
510 4143 696 4222 regionum
711 4149 955 4222 assequentes,
971 4161 1043 4208 non
1057 4143 1174 4208 minus
1192 4152 1377 4226 praestare
1394 4161 1475 4225 pos·

248 4260 330 4316 sunt
344 4267 452 4332 quam
465 4250 548 4315 boni
562 4251 844 4326 concionatores,
861 4257 934 4313 tam
948 4249 984 4314 in
1000 4251 1257 4316 conservandis
1271 4251 1479 4318 christianis

250 4411 448 4420 „.-—-.-—-..

290 4494 299 4527 ¹
329 4491 618 4548 Supranautaetaeq.

289 4567 302 4600 ¹
328 4565 544 4612 Malteratesse.

289 4639 300 4672 ³
328 4637 473 4683 limitabat.

289 4712 303 4745 ⁴
329 4709 374 4756 lla.
384 4711 478 4754 lterum
485 4710 582 4766 repetit
591 4708 698 4754 hubent.
