<?xml version="1.0" encoding="UTF-8"?>
<!DOCTYPE html PUBLIC "-//W3C//DTD XHTML 1.0 Transitional//EN"
    "http://www.w3.org/TR/xhtml1/DTD/xhtml1-transitional.dtd">
<html xmlns="http://www.w3.org/1999/xhtml" xml:lang="en" lang="en">
 <head>
  <title>
</title>
<meta http-equiv="Content-Type" content="text/html;charset=utf-8" />
  <meta name='ocr-system' content='tesseract 3.04.00' />
  <meta name='ocr-capabilities' content='ocr_page ocr_carea ocr_par ocr_line ocrx_word'/>
</head>
<body>
  <div class='ocr_page' id='page_1' title='image "./vitaignatiiloio00polagoog_0787.png"; bbox 0 0 3642 5350; ppageno 0'>
   <div class='ocr_carea' id='block_1_1' title="bbox 789 402 1482 526">
    <p class='ocr_par' dir='ltr' id='par_1_1' title="bbox 789 402 1482 526">
     <span class='ocr_line' id='line_1_1' title="bbox 789 402 1482 526; baseline -0.003 -17"><span class='ocrx_word' id='word_1_1' title='bbox 789 448 852 509; x_wconf 74' lang='lat' dir='ltr'>nn.</span> <span class='ocrx_word' id='word_1_2' title='bbox 874 438 944 509; x_wconf 81' lang='lat'>1556</span> <span class='ocrx_word' id='word_1_3' title='bbox 1272 402 1284 416; x_wconf 52' lang='lat'>⁵</span> <span class='ocrx_word' id='word_1_4' title='bbox 1327 516 1332 526; x_wconf 53' lang='grc'><strong>,</strong></span> <span class='ocrx_word' id='word_1_5' title='bbox 1427 448 1482 508; x_wconf 82' lang='lat'>767</span> 
     </span>
    </p>
   </div>
   <div class='ocr_carea' id='block_1_2' title="bbox 247 592 1484 4445">
    <p class='ocr_par' dir='ltr' id='par_1_2' title="bbox 251 592 1482 1216">
     <span class='ocr_line' id='line_1_2' title="bbox 252 592 1481 677; baseline 0.004 -20"><span class='ocrx_word' id='word_1_6' title='bbox 252 594 380 657; x_wconf 89' lang='lat' dir='ltr'>simum</span> <span class='ocrx_word' id='word_1_7' title='bbox 405 592 440 657; x_wconf 90' lang='lat' dir='ltr'>id</span> <span class='ocrx_word' id='word_1_8' title='bbox 466 594 631 675; x_wconf 78' lang='lat' dir='ltr'>agebant,</span> <span class='ocrx_word' id='word_1_9' title='bbox 658 602 697 659; x_wconf 91' lang='lat' dir='ltr'>ut</span> <span class='ocrx_word' id='word_1_10' title='bbox 720 594 770 659; x_wconf 92' lang='lat' dir='ltr'>illi</span> <span class='ocrx_word' id='word_1_11' title='bbox 794 594 957 660; x_wconf 92' lang='lat' dir='ltr'>homines</span> <span class='ocrx_word' id='word_1_12' title='bbox 970 594 1146 662; x_wconf 89' lang='lat' dir='ltr'>rationem</span> <span class='ocrx_word' id='word_1_13' title='bbox 1166 594 1315 661; x_wconf 78' lang='lat' dir='ltr'>reddere</span> <span class='ocrx_word' id='word_1_14' title='bbox 1334 602 1481 677; x_wconf 85' lang='lat' dir='ltr'><strong>possent</strong></span> 
     </span>
     <span class='ocr_line' id='line_1_3' title="bbox 253 701 1482 785; baseline 0.004 -21"><span class='ocrx_word' id='word_1_15' title='bbox 253 702 390 766; x_wconf 90' lang='lat' dir='ltr'>illorum</span> <span class='ocrx_word' id='word_1_16' title='bbox 414 702 678 783; x_wconf 84' lang='lat' dir='ltr'>mysteriorum,</span> <span class='ocrx_word' id='word_1_17' title='bbox 699 720 790 785; x_wconf 88' lang='lat' dir='ltr'>quae</span> <span class='ocrx_word' id='word_1_18' title='bbox 809 701 854 768; x_wconf 88' lang='lat' dir='ltr'>ab</span> <span class='ocrx_word' id='word_1_19' title='bbox 873 702 1034 768; x_wconf 84' lang='lat' dir='ltr'><strong>Ecclesia</strong></span> <span class='ocrx_word' id='word_1_20' title='bbox 1054 702 1089 767; x_wconf 92' lang='lat' dir='ltr'>in</span> <span class='ocrx_word' id='word_1_21' title='bbox 1113 702 1198 768; x_wconf 88' lang='lat' dir='ltr'>anni</span> <span class='ocrx_word' id='word_1_22' title='bbox 1218 702 1372 768; x_wconf 88' lang='lat' dir='ltr'>decursu</span> <span class='ocrx_word' id='word_1_23' title='bbox 1393 704 1482 769; x_wconf 86' lang='lat' dir='ltr'>cele·</span> 
     </span>
     <span class='ocr_line' id='line_1_4' title="bbox 251 808 1480 893; baseline 0.004 -21"><span class='ocrx_word' id='word_1_24' title='bbox 251 808 410 885; x_wconf 88' lang='lat' dir='ltr'>brantur;</span> <span class='ocrx_word' id='word_1_25' title='bbox 428 818 463 874; x_wconf 89' lang='lat' dir='ltr'>et</span> <span class='ocrx_word' id='word_1_26' title='bbox 476 810 569 874; x_wconf 89' lang='lat' dir='ltr'>hanc</span> <span class='ocrx_word' id='word_1_27' title='bbox 584 809 824 892; x_wconf 84' lang='lat' dir='ltr'>cognitionem</span> <span class='ocrx_word' id='word_1_28' title='bbox 844 810 957 893; x_wconf 90' lang='lat' dir='ltr'>pluris</span> <span class='ocrx_word' id='word_1_29' title='bbox 971 810 1160 891; x_wconf 79' lang='lat' dir='ltr'>faciebant,</span> <span class='ocrx_word' id='word_1_30' title='bbox 1177 828 1284 893; x_wconf 88' lang='lat' dir='ltr'>quam</span> <span class='ocrx_word' id='word_1_31' title='bbox 1298 820 1337 875; x_wconf 93' lang='lat' dir='ltr'>ut</span> <span class='ocrx_word' id='word_1_32' title='bbox 1352 809 1480 877; x_wconf 87' lang='lat' dir='ltr'>oratio·</span> 
     </span>
     <span class='ocr_line' id='line_1_5' title="bbox 251 917 1482 1001; baseline 0.004 -21"><span class='ocrx_word' id='word_1_33' title='bbox 251 933 316 981; x_wconf 89' lang='lat' dir='ltr'>nes</span> <span class='ocrx_word' id='word_1_34' title='bbox 331 918 535 982; x_wconf 87' lang='lat' dir='ltr'>memoriter</span> <span class='ocrx_word' id='word_1_35' title='bbox 549 926 720 999; x_wconf 74' lang='lat' dir='ltr'>tenerent,</span> <span class='ocrx_word' id='word_1_36' title='bbox 737 918 901 1001; x_wconf 90' lang='lat' dir='ltr'>quamvis</span> <span class='ocrx_word' id='word_1_37' title='bbox 915 935 961 983; x_wconf 92' lang='lat' dir='ltr'>ne</span> <span class='ocrx_word' id='word_1_38' title='bbox 970 917 1007 984; x_wconf 90' lang='lat' dir='ltr'>id</span> <span class='ocrx_word' id='word_1_39' title='bbox 1018 918 1159 999; x_wconf 92' lang='lat' dir='ltr'>quidem</span> <span class='ocrx_word' id='word_1_40' title='bbox 1173 918 1432 1001; x_wconf 79' lang='lat' dir='ltr'>negligebatur3</span> <span class='ocrx_word' id='word_1_41' title='bbox 1446 927 1482 986; x_wconf 92' lang='lat' dir='ltr'>et</span> 
     </span>
     <span class='ocr_line' id='line_1_6' title="bbox 252 1024 1482 1108; baseline 0.003 -20"><span class='ocrx_word' id='word_1_42' title='bbox 252 1024 363 1103; x_wconf 91' lang='lat' dir='ltr'>multi,</span> <span class='ocrx_word' id='word_1_43' title='bbox 381 1024 501 1107; x_wconf 91' lang='lat' dir='ltr'>plures</span> <span class='ocrx_word' id='word_1_44' title='bbox 521 1035 640 1093; x_wconf 87' lang='lat' dir='ltr'>autem</span> <span class='ocrx_word' id='word_1_45' title='bbox 657 1025 811 1091; x_wconf 88' lang='lat' dir='ltr'>feminae</span> <span class='ocrx_word' id='word_1_46' title='bbox 829 1042 938 1108; x_wconf 89' lang='lat' dir='ltr'>quam</span> <span class='ocrx_word' id='word_1_47' title='bbox 957 1024 1039 1106; x_wconf 87' lang='lat' dir='ltr'>viri,</span> <span class='ocrx_word' id='word_1_48' title='bbox 1060 1043 1141 1091; x_wconf 86' lang='lat' dir='ltr'>eam</span> <span class='ocrx_word' id='word_1_49' title='bbox 1160 1026 1335 1091; x_wconf 89' lang='lat' dir='ltr'>rationem</span> <span class='ocrx_word' id='word_1_50' title='bbox 1357 1025 1482 1092; x_wconf 90' lang='lat' dir='ltr'>redde·</span> 
     </span>
     <span class='ocr_line' id='line_1_7' title="bbox 251 1132 1397 1216; baseline 0.003 -21"><span class='ocrx_word' id='word_1_51' title='bbox 251 1132 349 1211; x_wconf 90' lang='lat' dir='ltr'>bant,</span> <span class='ocrx_word' id='word_1_52' title='bbox 366 1142 404 1197; x_wconf 92' lang='lat' dir='ltr'>ut</span> <span class='ocrx_word' id='word_1_53' title='bbox 419 1149 541 1198; x_wconf 87' lang='lat' dir='ltr'>coram</span> <span class='ocrx_word' id='word_1_54' title='bbox 556 1134 644 1214; x_wconf 92' lang='lat' dir='ltr'>ipsis</span> <span class='ocrx_word' id='word_1_55' title='bbox 658 1132 844 1199; x_wconf 90' lang='lat' dir='ltr'>christiani</span> <span class='ocrx_word' id='word_1_56' title='bbox 858 1142 1000 1199; x_wconf 86' lang='lat' dir='ltr'>veteres</span> <span class='ocrx_word' id='word_1_57' title='bbox 1014 1142 1160 1216; x_wconf 88' lang='lat' dir='ltr'>possent</span> <span class='ocrx_word' id='word_1_58' title='bbox 1175 1135 1397 1199; x_wconf 86' lang='lat' dir='ltr'>erubescere.</span> 
     </span>
    </p>

    <p class='ocr_par' dir='ltr' id='par_1_3' title="bbox 250 1239 1483 1644">
     <span class='ocr_line' id='line_1_8' title="bbox 309 1239 1482 1323; baseline 0.003 -20"><span class='ocrx_word' id='word_1_59' title='bbox 309 1239 401 1304; x_wconf 90' lang='grc'><strong>3314.</strong></span> <span class='ocrx_word' id='word_1_60' title='bbox 444 1240 546 1306; x_wconf 89' lang='lat' dir='ltr'>Multi</span> <span class='ocrx_word' id='word_1_61' title='bbox 559 1252 679 1307; x_wconf 88' lang='lat' dir='ltr'>autem</span> <span class='ocrx_word' id='word_1_62' title='bbox 692 1240 738 1306; x_wconf 89' lang='lat' dir='ltr'>ad</span> <span class='ocrx_word' id='word_1_63' title='bbox 753 1241 999 1307; x_wconf 77' lang='lat' dir='ltr'>Eucharistiae</span> <span class='ocrx_word' id='word_1_64' title='bbox 1013 1241 1250 1323; x_wconf 88' lang='lat' dir='ltr'>sumptionem</span> <span class='ocrx_word' id='word_1_65' title='bbox 1261 1242 1349 1307; x_wconf 86' lang='lat' dir='ltr'>satis</span> <span class='ocrx_word' id='word_1_66' title='bbox 1362 1242 1482 1309; x_wconf 87' lang='lat' dir='ltr'>idonei</span> 
     </span>
     <span class='ocr_line' id='line_1_9' title="bbox 250 1347 1483 1431; baseline 0.003 -21"><span class='ocrx_word' id='word_1_67' title='bbox 250 1347 500 1429; x_wconf 88' lang='lat' dir='ltr'>censebantur;</span> <span class='ocrx_word' id='word_1_68' title='bbox 516 1358 551 1414; x_wconf 91' lang='lat' dir='ltr'>et</span> <span class='ocrx_word' id='word_1_69' title='bbox 564 1348 602 1413; x_wconf 92' lang='lat' dir='ltr'>hi</span> <span class='ocrx_word' id='word_1_70' title='bbox 615 1366 703 1430; x_wconf 90' lang='lat' dir='ltr'>prae</span> <span class='ocrx_word' id='word_1_71' title='bbox 713 1351 877 1421; x_wconf 83' lang='lat' dir='ltr'>caeteris,</span> <span class='ocrx_word' id='word_1_72' title='bbox 891 1364 981 1431; x_wconf 90' lang='lat' dir='ltr'>quos</span> <span class='ocrx_word' id='word_1_73' title='bbox 992 1347 1168 1429; x_wconf 82' lang='lat' dir='ltr'>charigos</span> <span class='ocrx_word' id='word_1_74' title='bbox 1179 1348 1303 1414; x_wconf 87' lang='lat' dir='ltr'>vocari</span> <span class='ocrx_word' id='word_1_75' title='bbox 1317 1349 1483 1431; x_wconf 89' lang='lat' dir='ltr'>superius</span> 
     </span>
     <span class='ocr_line' id='line_1_10' title="bbox 250 1454 1481 1538; baseline 0.002 -19"><span class='ocrx_word' id='word_1_76' title='bbox 250 1454 406 1520; x_wconf 87' lang='lat' dir='ltr'>diximus</span> <span class='ocrx_word' id='word_1_77' title='bbox 424 1456 446 1532; x_wconf 79' lang='lat'>¹,</span> <span class='ocrx_word' id='word_1_78' title='bbox 466 1473 537 1538; x_wconf 85' lang='lat' dir='ltr'>qua</span> <span class='ocrx_word' id='word_1_79' title='bbox 557 1474 603 1521; x_wconf 85' lang='lat' dir='ltr'>ex</span> <span class='ocrx_word' id='word_1_80' title='bbox 620 1465 728 1537; x_wconf 79' lang='lat' dir='ltr'>gente</span> <span class='ocrx_word' id='word_1_81' title='bbox 750 1456 863 1538; x_wconf 89' lang='lat' dir='ltr'>multi,</span> <span class='ocrx_word' id='word_1_82' title='bbox 886 1466 926 1521; x_wconf 91' lang='lat' dir='ltr'>ut</span> <span class='ocrx_word' id='word_1_83' title='bbox 947 1464 1151 1522; x_wconf 89' lang='lat' dir='ltr'>nostrorum</span> <span class='ocrx_word' id='word_1_84' title='bbox 1170 1457 1390 1523; x_wconf 88' lang='lat' dir='ltr'>institutione</span> <span class='ocrx_word' id='word_1_85' title='bbox 1410 1456 1481 1523; x_wconf 91' lang='lat' dir='ltr'>frui</span> 
     </span>
     <span class='ocr_line' id='line_1_11' title="bbox 253 1562 935 1644; baseline 0.001 -17"><span class='ocrx_word' id='word_1_86' title='bbox 253 1571 410 1644; x_wconf 88' lang='lat' dir='ltr'>possent,</span> <span class='ocrx_word' id='word_1_87' title='bbox 427 1563 463 1627; x_wconf 91' lang='lat' dir='ltr'>in</span> <span class='ocrx_word' id='word_1_88' title='bbox 477 1562 665 1629; x_wconf 87' lang='lat' dir='ltr'>Brasiliam</span> <span class='ocrx_word' id='word_1_89' title='bbox 680 1573 935 1630; x_wconf 83' lang='lat' dir='ltr'>convenerant.</span> 
     </span>
    </p>

    <p class='ocr_par' dir='ltr' id='par_1_4' title="bbox 250 1668 1483 2274">
     <span class='ocr_line' id='line_1_12' title="bbox 309 1668 1482 1755; baseline 0.003 -22"><span class='ocrx_word' id='word_1_90' title='bbox 309 1668 401 1734; x_wconf 85' lang='grc'><strong>3315.</strong></span> <span class='ocrx_word' id='word_1_91' title='bbox 444 1669 616 1736; x_wconf 87' lang='lat' dir='ltr'>Elucebat</span> <span class='ocrx_word' id='word_1_92' title='bbox 631 1680 750 1738; x_wconf 88' lang='lat' dir='ltr'>autem</span> <span class='ocrx_word' id='word_1_93' title='bbox 764 1672 801 1736; x_wconf 89' lang='lat' dir='ltr'>in</span> <span class='ocrx_word' id='word_1_94' title='bbox 820 1672 872 1737; x_wconf 92' lang='lat' dir='ltr'>eis</span> <span class='ocrx_word' id='word_1_95' title='bbox 890 1672 1013 1738; x_wconf 82' lang='lat' dir='ltr'>fervor</span> <span class='ocrx_word' id='word_1_96' title='bbox 1032 1672 1177 1753; x_wconf 91' lang='lat' dir='ltr'>quidam</span> <span class='ocrx_word' id='word_1_97' title='bbox 1191 1680 1227 1737; x_wconf 89' lang='lat' dir='ltr'>et</span> <span class='ocrx_word' id='word_1_98' title='bbox 1240 1671 1482 1755; x_wconf 91' lang='lat' dir='ltr'>promptitudo</span> 
     </span>
     <span class='ocr_line' id='line_1_13' title="bbox 252 1775 1481 1862; baseline 0.004 -22"><span class='ocrx_word' id='word_1_99' title='bbox 252 1776 297 1841; x_wconf 91' lang='lat' dir='ltr'>ad</span> <span class='ocrx_word' id='word_1_100' title='bbox 312 1794 371 1841; x_wconf 91' lang='lat' dir='ltr'>tes</span> <span class='ocrx_word' id='word_1_101' title='bbox 390 1775 542 1855; x_wconf 87' lang='lat' dir='ltr'>divinas,</span> <span class='ocrx_word' id='word_1_102' title='bbox 559 1789 594 1844; x_wconf 91' lang='lat' dir='ltr'>et</span> <span class='ocrx_word' id='word_1_103' title='bbox 608 1780 717 1843; x_wconf 93' lang='lat' dir='ltr'>multo</span> <span class='ocrx_word' id='word_1_104' title='bbox 737 1780 937 1862; x_wconf 87' lang='lat' dir='ltr'>paratiores</span> <span class='ocrx_word' id='word_1_105' title='bbox 952 1778 1131 1845; x_wconf 86' lang='lat' dir='ltr'>adomnia</span> <span class='ocrx_word' id='word_1_106' title='bbox 1148 1779 1242 1845; x_wconf 86' lang='lat' dir='ltr'>bona</span> <span class='ocrx_word' id='word_1_107' title='bbox 1256 1780 1481 1845; x_wconf 83' lang='lat' dir='ltr'>invenieban-</span> 
     </span>
     <span class='ocr_line' id='line_1_14' title="bbox 251 1886 1483 1970; baseline 0.004 -22"><span class='ocrx_word' id='word_1_108' title='bbox 251 1893 310 1949; x_wconf 91' lang='lat' dir='ltr'>tur</span> <span class='ocrx_word' id='word_1_109' title='bbox 334 1902 441 1967; x_wconf 87' lang='lat' dir='ltr'>quam</span> <span class='ocrx_word' id='word_1_110' title='bbox 460 1886 688 1953; x_wconf 90' lang='lat' dir='ltr'>brasilienses</span> <span class='ocrx_word' id='word_1_111' title='bbox 707 1887 769 1968; x_wconf 91' lang='lat' dir='ltr'>illi,</span> <span class='ocrx_word' id='word_1_112' title='bbox 788 1886 998 1968; x_wconf 88' lang='lat' dir='ltr'>quibuscum</span> <span class='ocrx_word' id='word_1_113' title='bbox 1018 1888 1132 1953; x_wconf 90' lang='lat' dir='ltr'>nostri</span> <span class='ocrx_word' id='word_1_114' title='bbox 1149 1887 1333 1968; x_wconf 87' lang='lat' dir='ltr'>virebant,</span> <span class='ocrx_word' id='word_1_115' title='bbox 1355 1888 1483 1970; x_wconf 89' lang='lat' dir='ltr'>quibus</span> 
     </span>
     <span class='ocr_line' id='line_1_15' title="bbox 251 1993 1481 2077; baseline 0 -18"><span class='ocrx_word' id='word_1_116' title='bbox 251 2010 322 2059; x_wconf 85' lang='lat' dir='ltr'>non</span> <span class='ocrx_word' id='word_1_117' title='bbox 337 1993 460 2059; x_wconf 89' lang='lat' dir='ltr'>deerat</span> <span class='ocrx_word' id='word_1_118' title='bbox 474 1995 632 2075; x_wconf 81' lang='lat' dir='ltr'>cognitio</span> <span class='ocrx_word' id='word_1_119' title='bbox 645 1995 809 2076; x_wconf 86' lang='lat' dir='ltr'>(acumen</span> <span class='ocrx_word' id='word_1_120' title='bbox 830 1996 924 2061; x_wconf 89' lang='lat' dir='ltr'>enim</span> <span class='ocrx_word' id='word_1_121' title='bbox 946 1996 1081 2077; x_wconf 83' lang='lat' dir='ltr'>ingenii</span> <span class='ocrx_word' id='word_1_122' title='bbox 1102 1995 1191 2060; x_wconf 87' lang='lat' dir='ltr'>satis</span> <span class='ocrx_word' id='word_1_123' title='bbox 1210 1996 1247 2059; x_wconf 91' lang='lat' dir='ltr'>in</span> <span class='ocrx_word' id='word_1_124' title='bbox 1268 1994 1356 2077; x_wconf 92' lang='lat' dir='ltr'>ipsis</span> <span class='ocrx_word' id='word_1_125' title='bbox 1368 1995 1481 2059; x_wconf 87' lang='lat' dir='ltr'>eluce-</span> 
     </span>
     <span class='ocr_line' id='line_1_16' title="bbox 250 2101 1481 2183; baseline 0.002 -19"><span class='ocrx_word' id='word_1_126' title='bbox 250 2101 336 2177; x_wconf 89' lang='lat' dir='ltr'>bat),</span> <span class='ocrx_word' id='word_1_127' title='bbox 349 2101 412 2166; x_wconf 89' lang='lat' dir='ltr'>sed</span> <span class='ocrx_word' id='word_1_128' title='bbox 423 2102 557 2167; x_wconf 89' lang='lat' dir='ltr'>malitia</span> <span class='ocrx_word' id='word_1_129' title='bbox 569 2110 604 2167; x_wconf 91' lang='lat' dir='ltr'>et</span> <span class='ocrx_word' id='word_1_130' title='bbox 616 2102 808 2168; x_wconf 87' lang='lat' dir='ltr'>obstinatio</span> <span class='ocrx_word' id='word_1_131' title='bbox 818 2102 855 2167; x_wconf 90' lang='lat' dir='ltr'>in</span> <span class='ocrx_word' id='word_1_132' title='bbox 867 2102 942 2167; x_wconf 90' lang='lat' dir='ltr'>suis</span> <span class='ocrx_word' id='word_1_133' title='bbox 952 2101 1122 2183; x_wconf 91' lang='lat' dir='ltr'>moribus,</span> <span class='ocrx_word' id='word_1_134' title='bbox 1136 2118 1180 2167; x_wconf 90' lang='lat' dir='ltr'>ne</span> <span class='ocrx_word' id='word_1_135' title='bbox 1191 2101 1275 2167; x_wconf 88' lang='lat' dir='ltr'>fidei</span> <span class='ocrx_word' id='word_1_136' title='bbox 1285 2102 1481 2182; x_wconf 88' lang='lat' dir='ltr'>obedirent,</span> 
     </span>
     <span class='ocr_line' id='line_1_17' title="bbox 250 2207 435 2274; baseline -0.016 -2"><span class='ocrx_word' id='word_1_137' title='bbox 250 2207 435 2274; x_wconf 86' lang='lat' dir='ltr'>efficiebat.</span> 
     </span>
    </p>

    <p class='ocr_par' dir='ltr' id='par_1_5' title="bbox 249 2314 1483 2622">
     <span class='ocr_line' id='line_1_18' title="bbox 309 2314 1482 2400; baseline 0 -19"><span class='ocrx_word' id='word_1_138' title='bbox 309 2314 402 2382; x_wconf 88' lang='grc'><strong>3316.</strong></span> <span class='ocrx_word' id='word_1_139' title='bbox 444 2316 565 2399; x_wconf 86' lang='lat' dir='ltr'>Aliqui</span> <span class='ocrx_word' id='word_1_140' title='bbox 579 2326 699 2384; x_wconf 86' lang='lat' dir='ltr'>autem</span> <span class='ocrx_word' id='word_1_141' title='bbox 709 2334 813 2383; x_wconf 86' lang='lat' dir='ltr'>senes</span> <span class='ocrx_word' id='word_1_142' title='bbox 827 2318 919 2383; x_wconf 89' lang='lat' dir='ltr'>inter</span> <span class='ocrx_word' id='word_1_143' title='bbox 931 2318 1009 2398; x_wconf 86' lang='lat' dir='ltr'>hos,</span> <span class='ocrx_word' id='word_1_144' title='bbox 1024 2318 1085 2400; x_wconf 88' lang='lat' dir='ltr'>qui</span> <span class='ocrx_word' id='word_1_145' title='bbox 1096 2318 1277 2383; x_wconf 88' lang='lat' dir='ltr'>orationes</span> <span class='ocrx_word' id='word_1_146' title='bbox 1288 2315 1482 2382; x_wconf 85' lang='lat' dir='ltr'>memoriae</span> 
     </span>
     <span class='ocr_line' id='line_1_19' title="bbox 249 2424 1483 2508; baseline -0.001 -19"><span class='ocrx_word' id='word_1_147' title='bbox 249 2425 502 2491; x_wconf 89' lang='lat' dir='ltr'>commendare</span> <span class='ocrx_word' id='word_1_148' title='bbox 517 2426 661 2491; x_wconf 90' lang='lat' dir='ltr'>minime</span> <span class='ocrx_word' id='word_1_149' title='bbox 678 2434 855 2508; x_wconf 89' lang='lat' dir='ltr'>poterant,</span> <span class='ocrx_word' id='word_1_150' title='bbox 871 2442 953 2491; x_wconf 91' lang='lat' dir='ltr'>cum</span> <span class='ocrx_word' id='word_1_151' title='bbox 967 2434 1088 2490; x_wconf 89' lang='lat' dir='ltr'>tamen</span> <span class='ocrx_word' id='word_1_152' title='bbox 1108 2424 1189 2489; x_wconf 90' lang='lat' dir='ltr'>fidei</span> <span class='ocrx_word' id='word_1_153' title='bbox 1208 2425 1380 2489; x_wconf 86' lang='lat' dir='ltr'>articulos</span> <span class='ocrx_word' id='word_1_154' title='bbox 1393 2424 1483 2488; x_wconf 91' lang='lat' dir='ltr'>bene</span> 
     </span>
     <span class='ocr_line' id='line_1_20' title="bbox 250 2532 1481 2622; baseline -0.002 -25"><span class='ocrx_word' id='word_1_155' title='bbox 250 2542 413 2598; x_wconf 88' lang='lat' dir='ltr'>tenerent</span> <span class='ocrx_word' id='word_1_156' title='bbox 427 2541 462 2598; x_wconf 96' lang='lat' dir='ltr'>et</span> <span class='ocrx_word' id='word_1_157' title='bbox 477 2534 523 2598; x_wconf 86' lang='lat' dir='ltr'>ad</span> <span class='ocrx_word' id='word_1_158' title='bbox 537 2534 609 2599; x_wconf 87' lang='lat' dir='ltr'>alia</span> <span class='ocrx_word' id='word_1_159' title='bbox 622 2534 739 2616; x_wconf 90' lang='lat' dir='ltr'>parati</span> <span class='ocrx_word' id='word_1_160' title='bbox 754 2540 884 2614; x_wconf 89' lang='lat' dir='ltr'>essent,</span> <span class='ocrx_word' id='word_1_161' title='bbox 898 2532 945 2597; x_wconf 88' lang='lat' dir='ltr'>ad</span> <span class='ocrx_word' id='word_1_162' title='bbox 954 2532 1171 2622; x_wconf 80' lang='lat' dir='ltr'>baptismum</span> <span class='ocrx_word' id='word_1_163' title='bbox 1183 2532 1481 2614; x_wconf 89' lang='lat' dir='ltr'>suscipiebantur.</span> 
     </span>
    </p>

    <p class='ocr_par' dir='ltr' id='par_1_6' title="bbox 248 2638 1484 3692">
     <span class='ocr_line' id='line_1_21' title="bbox 310 2638 1482 2725; baseline -0.003 -19"><span class='ocrx_word' id='word_1_164' title='bbox 310 2640 401 2706; x_wconf 89' lang='grc'><strong>3317.</strong></span> <span class='ocrx_word' id='word_1_165' title='bbox 445 2640 545 2708; x_wconf 92' lang='lat' dir='ltr'>Unus</span> <span class='ocrx_word' id='word_1_166' title='bbox 560 2658 605 2708; x_wconf 87' lang='lat' dir='ltr'>ex</span> <span class='ocrx_word' id='word_1_167' title='bbox 615 2641 683 2725; x_wconf 90' lang='lat' dir='ltr'>his,</span> <span class='ocrx_word' id='word_1_168' title='bbox 695 2642 756 2709; x_wconf 92' lang='lat' dir='ltr'>diu</span> <span class='ocrx_word' id='word_1_169' title='bbox 767 2642 1056 2721; x_wconf 86' lang='lat' dir='ltr'>catechumenus,</span> <span class='ocrx_word' id='word_1_170' title='bbox 1073 2656 1145 2706; x_wconf 90' lang='lat' dir='ltr'>non</span> <span class='ocrx_word' id='word_1_171' title='bbox 1155 2640 1271 2704; x_wconf 88' lang='lat' dir='ltr'>solum</span> <span class='ocrx_word' id='word_1_172' title='bbox 1281 2640 1358 2721; x_wconf 88' lang='lat' dir='ltr'>ipse</span> <span class='ocrx_word' id='word_1_173' title='bbox 1369 2638 1482 2721; x_wconf 90' lang='lat' dir='ltr'>bapti·</span> 
     </span>
     <span class='ocr_line' id='line_1_22' title="bbox 251 2746 1484 2832; baseline -0.002 -18"><span class='ocrx_word' id='word_1_174' title='bbox 251 2767 367 2814; x_wconf 89' lang='lat' dir='ltr'>smum</span> <span class='ocrx_word' id='word_1_175' title='bbox 379 2750 555 2815; x_wconf 87' lang='lat' dir='ltr'>instanter</span> <span class='ocrx_word' id='word_1_176' title='bbox 565 2751 780 2832; x_wconf 90' lang='lat' dir='ltr'>postulabat,</span> <span class='ocrx_word' id='word_1_177' title='bbox 792 2759 827 2815; x_wconf 91' lang='lat' dir='ltr'>et</span> <span class='ocrx_word' id='word_1_178' title='bbox 838 2751 875 2816; x_wconf 91' lang='lat' dir='ltr'>in</span> <span class='ocrx_word' id='word_1_179' title='bbox 885 2749 1099 2815; x_wconf 88' lang='lat' dir='ltr'>necessariis</span> <span class='ocrx_word' id='word_1_180' title='bbox 1110 2746 1354 2830; x_wconf 87' lang='lat' dir='ltr'>perdiscendis</span> <span class='ocrx_word' id='word_1_181' title='bbox 1365 2747 1484 2813; x_wconf 88' lang='lat' dir='ltr'>elabo-</span> 
     </span>
     <span class='ocr_line' id='line_1_23' title="bbox 251 2854 1484 2939; baseline -0.001 -17"><span class='ocrx_word' id='word_1_182' title='bbox 251 2867 407 2939; x_wconf 77' lang='lat' dir='ltr'>neverat,</span> <span class='ocrx_word' id='word_1_183' title='bbox 424 2859 488 2923; x_wconf 91' lang='lat' dir='ltr'>sed</span> <span class='ocrx_word' id='word_1_184' title='bbox 502 2877 602 2924; x_wconf 91' lang='lat' dir='ltr'>suam</span> <span class='ocrx_word' id='word_1_185' title='bbox 624 2860 733 2924; x_wconf 89' lang='lat' dir='ltr'>etiam</span> <span class='ocrx_word' id='word_1_186' title='bbox 750 2875 899 2924; x_wconf 87' lang='lat' dir='ltr'>uxorem</span> <span class='ocrx_word' id='word_1_187' title='bbox 913 2858 1083 2934; x_wconf 87' lang='lat' dir='ltr'>vetulam,</span> <span class='ocrx_word' id='word_1_188' title='bbox 1099 2871 1190 2939; x_wconf 84' lang='lat' dir='ltr'>quae</span> <span class='ocrx_word' id='word_1_189' title='bbox 1205 2873 1226 2921; x_wconf 89' lang='lat' dir='ltr'>a</span> <span class='ocrx_word' id='word_1_190' title='bbox 1241 2855 1373 2920; x_wconf 90' lang='lat' dir='ltr'>nostris</span> <span class='ocrx_word' id='word_1_191' title='bbox 1387 2854 1484 2921; x_wconf 84' lang='lat' dir='ltr'>ride·</span> 
     </span>
     <span class='ocr_line' id='line_1_24' title="bbox 251 2962 1483 3048; baseline -0.003 -19"><span class='ocrx_word' id='word_1_192' title='bbox 251 2965 356 3030; x_wconf 89' lang='lat' dir='ltr'>batur</span> <span class='ocrx_word' id='word_1_193' title='bbox 370 2965 458 3030; x_wconf 89' lang='lat' dir='ltr'>nihil</span> <span class='ocrx_word' id='word_1_194' title='bbox 469 2982 574 3048; x_wconf 90' lang='lat' dir='ltr'>posse</span> <span class='ocrx_word' id='word_1_195' title='bbox 585 2967 780 3048; x_wconf 90' lang='lat' dir='ltr'>percipere,</span> <span class='ocrx_word' id='word_1_196' title='bbox 792 2967 875 3032; x_wconf 91' lang='lat' dir='ltr'>licet</span> <span class='ocrx_word' id='word_1_197' title='bbox 890 2981 998 3046; x_wconf 90' lang='lat' dir='ltr'>saepe</span> <span class='ocrx_word' id='word_1_198' title='bbox 1011 2964 1210 3041; x_wconf 88' lang='lat' dir='ltr'>doceretur,</span> <span class='ocrx_word' id='word_1_199' title='bbox 1223 2962 1392 3042; x_wconf 86' lang='lat' dir='ltr'>privatim</span> <span class='ocrx_word' id='word_1_200' title='bbox 1406 2962 1483 3043; x_wconf 91' lang='lat' dir='ltr'>ipse</span> 
     </span>
     <span class='ocr_line' id='line_1_25' title="bbox 251 3070 1483 3155; baseline -0.002 -20"><span class='ocrx_word' id='word_1_201' title='bbox 251 3071 433 3155; x_wconf 83' lang='lat' dir='ltr'>instruxit,</span> <span class='ocrx_word' id='word_1_202' title='bbox 454 3082 489 3137; x_wconf 88' lang='lat' dir='ltr'>et</span> <span class='ocrx_word' id='word_1_203' title='bbox 508 3074 637 3139; x_wconf 89' lang='lat' dir='ltr'>docuit.</span> <span class='ocrx_word' id='word_1_204' title='bbox 664 3073 732 3139; x_wconf 89' lang='lat' dir='ltr'>Hic</span> <span class='ocrx_word' id='word_1_205' title='bbox 751 3072 905 3155; x_wconf 91' lang='lat' dir='ltr'>quadam</span> <span class='ocrx_word' id='word_1_206' title='bbox 924 3072 981 3138; x_wconf 89' lang='lat' dir='ltr'>die</span> <span class='ocrx_word' id='word_1_207' title='bbox 1005 3070 1183 3136; x_wconf 90' lang='lat' dir='ltr'>dominica</span> <span class='ocrx_word' id='word_1_208' title='bbox 1207 3079 1291 3134; x_wconf 85' lang='lat' dir='ltr'>ante</span> <span class='ocrx_word' id='word_1_209' title='bbox 1313 3070 1483 3152; x_wconf 89' lang='lat' dir='ltr'>baptismi</span> 
     </span>
     <span class='ocr_line' id='line_1_26' title="bbox 250 3178 1483 3262; baseline -0.002 -18"><span class='ocrx_word' id='word_1_210' title='bbox 250 3181 521 3262; x_wconf 90' lang='lat' dir='ltr'>susceptionem,</span> <span class='ocrx_word' id='word_1_211' title='bbox 548 3198 671 3246; x_wconf 88' lang='lat' dir='ltr'>coram</span> <span class='ocrx_word' id='word_1_212' title='bbox 695 3181 859 3246; x_wconf 88' lang='lat' dir='ltr'>omnibus</span> <span class='ocrx_word' id='word_1_213' title='bbox 878 3181 915 3245; x_wconf 94' lang='lat' dir='ltr'>in</span> <span class='ocrx_word' id='word_1_214' title='bbox 941 3178 1092 3245; x_wconf 89' lang='lat' dir='ltr'>ecclesia</span> <span class='ocrx_word' id='word_1_215' title='bbox 1116 3179 1382 3259; x_wconf 85' lang='lat' dir='ltr'>interrogatus,</span> <span class='ocrx_word' id='word_1_216' title='bbox 1408 3187 1483 3242; x_wconf 90' lang='lat' dir='ltr'>tam</span> 
     </span>
     <span class='ocr_line' id='line_1_27' title="bbox 248 3283 1483 3370; baseline -0.002 -19"><span class='ocrx_word' id='word_1_217' title='bbox 248 3294 345 3351; x_wconf 89' lang='lat' dir='ltr'>recte</span> <span class='ocrx_word' id='word_1_218' title='bbox 359 3295 503 3370; x_wconf 88' lang='lat' dir='ltr'>tamque</span> <span class='ocrx_word' id='word_1_219' title='bbox 515 3287 698 3354; x_wconf 81' lang='lat' dir='ltr'>ferventer</span> <span class='ocrx_word' id='word_1_220' title='bbox 713 3287 876 3354; x_wconf 91' lang='lat' dir='ltr'>omnibus</span> <span class='ocrx_word' id='word_1_221' title='bbox 890 3284 1229 3366; x_wconf 79' lang='lat' dir='ltr'>interrogationibus</span> <span class='ocrx_word' id='word_1_222' title='bbox 1242 3283 1357 3348; x_wconf 90' lang='lat' dir='ltr'>bonus</span> <span class='ocrx_word' id='word_1_223' title='bbox 1371 3300 1483 3350; x_wconf 85' lang='lat' dir='ltr'>senex</span> 
     </span>
     <span class='ocr_line' id='line_1_28' title="bbox 248 3388 1481 3478; baseline -0.002 -20"><span class='ocrx_word' id='word_1_224' title='bbox 248 3394 443 3478; x_wconf 89' lang='lat' dir='ltr'>respondit,</span> <span class='ocrx_word' id='word_1_225' title='bbox 469 3403 507 3460; x_wconf 92' lang='lat' dir='ltr'>ut</span> <span class='ocrx_word' id='word_1_226' title='bbox 533 3412 604 3460; x_wconf 89' lang='lat' dir='ltr'>non</span> <span class='ocrx_word' id='word_1_227' title='bbox 629 3396 799 3461; x_wconf 90' lang='lat' dir='ltr'>mediocri</span> <span class='ocrx_word' id='word_1_228' title='bbox 819 3393 953 3476; x_wconf 83' lang='lat' dir='ltr'>gaudio</span> <span class='ocrx_word' id='word_1_229' title='bbox 970 3401 1114 3458; x_wconf 87' lang='lat' dir='ltr'>nostros</span> <span class='ocrx_word' id='word_1_230' title='bbox 1132 3389 1303 3456; x_wconf 90' lang='lat' dir='ltr'>affecerit.</span> <span class='ocrx_word' id='word_1_231' title='bbox 1330 3388 1481 3472; x_wconf 90' lang='lat' dir='ltr'>Deinde,</span> 
     </span>
     <span class='ocr_line' id='line_1_29' title="bbox 249 3497 1483 3586; baseline -0.002 -20"><span class='ocrx_word' id='word_1_232' title='bbox 249 3501 354 3567; x_wconf 91' lang='lat' dir='ltr'>simul</span> <span class='ocrx_word' id='word_1_233' title='bbox 369 3518 450 3567; x_wconf 91' lang='lat' dir='ltr'>cum</span> <span class='ocrx_word' id='word_1_234' title='bbox 465 3520 577 3568; x_wconf 85' lang='lat' dir='ltr'>uxore</span> <span class='ocrx_word' id='word_1_235' title='bbox 591 3502 802 3586; x_wconf 87' lang='lat' dir='ltr'>baptizatus,</span> <span class='ocrx_word' id='word_1_236' title='bbox 823 3519 905 3568; x_wconf 90' lang='lat' dir='ltr'>cum</span> <span class='ocrx_word' id='word_1_237' title='bbox 924 3501 1049 3566; x_wconf 90' lang='lat' dir='ltr'>eadem</span> <span class='ocrx_word' id='word_1_238' title='bbox 1064 3497 1144 3581; x_wconf 89' lang='lat' dir='ltr'>jure</span> <span class='ocrx_word' id='word_1_239' title='bbox 1162 3498 1379 3564; x_wconf 89' lang='lat' dir='ltr'>matrimonii</span> <span class='ocrx_word' id='word_1_240' title='bbox 1398 3498 1483 3578; x_wconf 79' lang='lat' dir='ltr'>legi·</span> 
     </span>
     <span class='ocr_line' id='line_1_30' title="bbox 250 3608 1346 3692; baseline 0.005 -18"><span class='ocrx_word' id='word_1_241' title='bbox 250 3608 334 3674; x_wconf 92' lang='lat' dir='ltr'>time</span> <span class='ocrx_word' id='word_1_242' title='bbox 350 3608 562 3692; x_wconf 87' lang='lat' dir='ltr'>conjunctus</span> <span class='ocrx_word' id='word_1_243' title='bbox 577 3618 643 3676; x_wconf 91' lang='lat' dir='ltr'>est.</span> <span class='ocrx_word' id='word_1_244' title='bbox 1342 3653 1346 3661; x_wconf 86' lang='lat'><strong>·</strong></span> 
     </span>
    </p>

    <p class='ocr_par' dir='ltr' id='par_1_7' title="bbox 250 3713 1483 4124">
     <span class='ocr_line' id='line_1_31' title="bbox 309 3713 1481 3797; baseline -0.003 -15"><span class='ocrx_word' id='word_1_245' title='bbox 309 3715 400 3783; x_wconf 74' lang='grc'><strong>3318.</strong></span> <span class='ocrx_word' id='word_1_246' title='bbox 443 3717 577 3783; x_wconf 85' lang='lat' dir='ltr'>Eodem</span> <span class='ocrx_word' id='word_1_247' title='bbox 591 3719 699 3784; x_wconf 91' lang='lat' dir='ltr'>etiam</span> <span class='ocrx_word' id='word_1_248' title='bbox 712 3717 770 3784; x_wconf 91' lang='lat' dir='ltr'>die</span> <span class='ocrx_word' id='word_1_249' title='bbox 784 3717 922 3785; x_wconf 84' lang='lat' dir='ltr'>Natalis</span> <span class='ocrx_word' id='word_1_250' title='bbox 935 3716 1079 3782; x_wconf 90' lang='lat' dir='ltr'>Domini</span> <span class='ocrx_word' id='word_1_251' title='bbox 1094 3716 1225 3781; x_wconf 87' lang='lat' dir='ltr'>multae</span> <span class='ocrx_word' id='word_1_252' title='bbox 1238 3713 1405 3796; x_wconf 87' lang='lat' dir='ltr'>feminae,</span> <span class='ocrx_word' id='word_1_253' title='bbox 1422 3732 1481 3797; x_wconf 91' lang='lat' dir='ltr'>pa·</span> 
     </span>
     <span class='ocr_line' id='line_1_32' title="bbox 251 3823 1483 3907; baseline -0.001 -19"><span class='ocrx_word' id='word_1_254' title='bbox 251 3833 305 3889; x_wconf 88' lang='lat' dir='ltr'>tre</span> <span class='ocrx_word' id='word_1_255' title='bbox 318 3826 472 3892; x_wconf 88' lang='lat' dir='ltr'>lusitano</span> <span class='ocrx_word' id='word_1_256' title='bbox 487 3834 604 3907; x_wconf 87' lang='lat' dir='ltr'>natae,</span> <span class='ocrx_word' id='word_1_257' title='bbox 620 3841 753 3907; x_wconf 81' lang='lat' dir='ltr'>magna</span> <span class='ocrx_word' id='word_1_258' title='bbox 768 3843 849 3891; x_wconf 92' lang='lat' dir='ltr'>cum</span> <span class='ocrx_word' id='word_1_259' title='bbox 863 3825 1052 3890; x_wconf 87' lang='lat' dir='ltr'>devotione</span> <span class='ocrx_word' id='word_1_260' title='bbox 1066 3823 1253 3889; x_wconf 84' lang='lat' dir='ltr'>confessae</span> <span class='ocrx_word' id='word_1_261' title='bbox 1267 3831 1361 3902; x_wconf 90' lang='lat' dir='ltr'>sunt,</span> <span class='ocrx_word' id='word_1_262' title='bbox 1378 3834 1413 3888; x_wconf 92' lang='lat' dir='ltr'>et</span> <span class='ocrx_word' id='word_1_263' title='bbox 1428 3839 1483 3887; x_wconf 88' lang='lat' dir='ltr'>sa·</span> 
     </span>
     <span class='ocr_line' id='line_1_33' title="bbox 250 3929 1483 4015; baseline -0.002 -19"><span class='ocrx_word' id='word_1_264' title='bbox 250 3941 433 3998; x_wconf 88' lang='lat' dir='ltr'>eramento</span> <span class='ocrx_word' id='word_1_265' title='bbox 459 3932 604 3999; x_wconf 90' lang='lat' dir='ltr'>Domini</span> <span class='ocrx_word' id='word_1_266' title='bbox 627 3933 952 4015; x_wconf 88' lang='lat' dir='ltr'>communicarunt,</span> <span class='ocrx_word' id='word_1_267' title='bbox 978 3932 1074 4014; x_wconf 90' lang='lat' dir='ltr'>quod</span> <span class='ocrx_word' id='word_1_268' title='bbox 1098 3942 1133 3996; x_wconf 91' lang='lat' dir='ltr'>et</span> <span class='ocrx_word' id='word_1_269' title='bbox 1158 3931 1237 3996; x_wconf 88' lang='lat' dir='ltr'>allis</span> <span class='ocrx_word' id='word_1_270' title='bbox 1261 3929 1483 4013; x_wconf 87' lang='lat' dir='ltr'>temporibus</span> 
     </span>
     <span class='ocr_line' id='line_1_34' title="bbox 250 4039 678 4124; baseline 0.009 -20"><span class='ocrx_word' id='word_1_271' title='bbox 250 4056 357 4124; x_wconf 91' lang='lat' dir='ltr'>saepe</span> <span class='ocrx_word' id='word_1_272' title='bbox 371 4039 491 4107; x_wconf 88' lang='lat' dir='ltr'>facere</span> <span class='ocrx_word' id='word_1_273' title='bbox 506 4041 678 4108; x_wconf 87' lang='lat' dir='ltr'>solebant.</span> 
     </span>
    </p>

    <p class='ocr_par' dir='ltr' id='par_1_8' title="bbox 247 4144 1483 4445">
     <span class='ocr_line' id='line_1_35' title="bbox 308 4144 1481 4229; baseline -0.004 -17"><span class='ocrx_word' id='word_1_274' title='bbox 308 4147 399 4214; x_wconf 88' lang='grc'><strong>3319.</strong></span> <span class='ocrx_word' id='word_1_275' title='bbox 444 4147 611 4214; x_wconf 88' lang='lat' dir='ltr'>Calendis</span> <span class='ocrx_word' id='word_1_276' title='bbox 629 4147 843 4215; x_wconf 87' lang='lat' dir='ltr'>Novembris</span> <span class='ocrx_word' id='word_1_277' title='bbox 858 4144 962 4229; x_wconf 84' lang='lat' dir='ltr'>huJ‘us</span> <span class='ocrx_word' id='word_1_278' title='bbox 977 4147 1062 4211; x_wconf 88' lang='lat' dir='ltr'>anni</span> <span class='ocrx_word' id='word_1_279' title='bbox 1076 4147 1113 4211; x_wconf 90' lang='lat' dir='ltr'>in</span> <span class='ocrx_word' id='word_1_280' title='bbox 1125 4147 1316 4212; x_wconf 89' lang='lat' dir='ltr'>ecclesiam</span> <span class='ocrx_word' id='word_1_281' title='bbox 1334 4159 1481 4223; x_wconf 85' lang='lat' dir='ltr'>novam,</span> 
     </span>
     <span class='ocr_line' id='line_1_36' title="bbox 247 4251 1483 4336; baseline -0.001 -19"><span class='ocrx_word' id='word_1_282' title='bbox 247 4253 399 4319; x_wconf 86' lang='lat' dir='ltr'>fratrum</span> <span class='ocrx_word' id='word_1_283' title='bbox 413 4265 615 4320; x_wconf 91' lang='lat' dir='ltr'>nostrorum</span> <span class='ocrx_word' id='word_1_284' title='bbox 629 4256 821 4336; x_wconf 85' lang='lat' dir='ltr'>laboribus,</span> <span class='ocrx_word' id='word_1_285' title='bbox 837 4264 872 4320; x_wconf 87' lang='lat' dir='ltr'>et</span> <span class='ocrx_word' id='word_1_286' title='bbox 887 4255 1079 4336; x_wconf 84' lang='lat' dir='ltr'>praecipue</span> <span class='ocrx_word' id='word_1_287' title='bbox 1099 4252 1138 4319; x_wconf 90' lang='lat' dir='ltr'>P.</span> <span class='ocrx_word' id='word_1_288' title='bbox 1159 4252 1336 4335; x_wconf 86' lang='lat' dir='ltr'>Alphonsi</span> <span class='ocrx_word' id='word_1_289' title='bbox 1356 4251 1483 4331; x_wconf 87' lang='lat' dir='ltr'>Blasii,</span> 
     </span>
     <span class='ocr_line' id='line_1_37' title="bbox 247 4360 1482 4445; baseline 0 -21"><span class='ocrx_word' id='word_1_290' title='bbox 247 4371 501 4444; x_wconf 89' lang='lat' dir='ltr'>constructam,</span> <span class='ocrx_word' id='word_1_291' title='bbox 517 4380 597 4428; x_wconf 91' lang='lat' dir='ltr'>cum</span> <span class='ocrx_word' id='word_1_292' title='bbox 612 4363 840 4445; x_wconf 88' lang='lat' dir='ltr'>processione</span> <span class='ocrx_word' id='word_1_293' title='bbox 854 4361 969 4427; x_wconf 88' lang='lat' dir='ltr'>nostri</span> <span class='ocrx_word' id='word_1_294' title='bbox 983 4361 1139 4443; x_wconf 79' lang='lat' dir='ltr'>ingressi</span> <span class='ocrx_word' id='word_1_295' title='bbox 1151 4369 1250 4440; x_wconf 90' lang='lat' dir='ltr'>sunt,</span> <span class='ocrx_word' id='word_1_296' title='bbox 1267 4368 1302 4425; x_wconf 89' lang='lat' dir='ltr'>et</span> <span class='ocrx_word' id='word_1_297' title='bbox 1316 4360 1482 4442; x_wconf 89' lang='lat' dir='ltr'>sequenti</span> 
     </span>
    </p>
   </div>
   <div class='ocr_carea' id='block_1_3' title="bbox 252 4541 451 4551">
    <p class='ocr_par' dir='ltr' id='par_1_9' title="bbox 252 4541 451 4551">
     <span class='ocr_line' id='line_1_38' title="bbox 252 4541 451 4551; baseline 0.01 -2"><span class='ocrx_word' id='word_1_298' title='bbox 252 4541 451 4551; x_wconf 71' lang='lat'>--—---</span> 
     </span>
    </p>
   </div>
   <div class='ocr_carea' id='block_1_4' title="bbox 253 4639 1486 4772">
    <p class='ocr_par' dir='ltr' id='par_1_10' title="bbox 253 4639 1486 4772">
     <span class='ocr_line' id='line_1_39' title="bbox 291 4639 1486 4702; baseline -0.003 -14"><span class='ocrx_word' id='word_1_299' title='bbox 291 4639 300 4672; x_wconf 82' lang='lat'><strong>¹</strong></span> <span class='ocrx_word' id='word_1_300' title='bbox 330 4640 397 4688; x_wconf 83' lang='lat' dir='ltr'>Vlda</span> <span class='ocrx_word' id='word_1_301' title='bbox 406 4653 494 4699; x_wconf 77' lang='lat' dir='ltr'>snpra.</span> <span class='ocrx_word' id='word_1_302' title='bbox 502 4649 521 4688; x_wconf 93' lang='lat' dir='ltr'>t.</span> <span class='ocrx_word' id='word_1_303' title='bbox 530 4656 557 4700; x_wconf 81' lang='lat' dir='ltr'>v,</span> <span class='ocrx_word' id='word_1_304' title='bbox 567 4655 628 4702; x_wconf 65' lang='lat' dir='ltr'>pan.</span> <span class='ocrx_word' id='word_1_305' title='bbox 637 4645 686 4700; x_wconf 82' lang='grc'><strong>613,</strong></span> <span class='ocrx_word' id='word_1_306' title='bbox 696 4656 722 4689; x_wconf 88' lang='lat' dir='ltr'>n.</span> <span class='ocrx_word' id='word_1_307' title='bbox 733 4644 794 4698; x_wconf 73' lang='grc'><strong>1691,</strong></span> <span class='ocrx_word' id='word_1_308' title='bbox 804 4649 831 4690; x_wconf 85' lang='lat' dir='ltr'>et</span> <span class='ocrx_word' id='word_1_309' title='bbox 841 4655 902 4700; x_wconf 67' lang='lat' dir='ltr'>pst.</span> <span class='ocrx_word' id='word_1_310' title='bbox 911 4645 962 4700; x_wconf 73' lang='lat'>⁶2¹,</span> <span class='ocrx_word' id='word_1_311' title='bbox 973 4655 999 4690; x_wconf 88' lang='lat' dir='ltr'>n.</span> <span class='ocrx_word' id='word_1_312' title='bbox 1011 4641 1071 4698; x_wconf 73' lang='lat' dir='ltr'>nun</span> <span class='ocrx_word' id='word_1_313' title='bbox 1082 4649 1102 4689; x_wconf 88' lang='lat' dir='ltr'>t.</span> <span class='ocrx_word' id='word_1_314' title='bbox 1113 4653 1149 4696; x_wconf 82' lang='lat' dir='ltr'>tv,</span> <span class='ocrx_word' id='word_1_315' title='bbox 1163 4653 1224 4699; x_wconf 68' lang='lat' dir='ltr'>pag.</span> <span class='ocrx_word' id='word_1_316' title='bbox 1234 4641 1283 4698; x_wconf 75' lang='grc'><strong>616,</strong></span> <span class='ocrx_word' id='word_1_317' title='bbox 1299 4653 1324 4686; x_wconf 94' lang='lat' dir='ltr'>n.</span> <span class='ocrx_word' id='word_1_318' title='bbox 1342 4639 1402 4695; x_wconf 73' lang='grc' dir='ltr'>ιωὸς</span> <span class='ocrx_word' id='word_1_319' title='bbox 1417 4644 1436 4685; x_wconf 85' lang='grc'>1.</span> <span class='ocrx_word' id='word_1_320' title='bbox 1447 4647 1486 4694; x_wconf 86' lang='lat' dir='ltr'>m,</span> 
     </span>
     <span class='ocr_line' id='line_1_40' title="bbox 253 4713 729 4772; baseline 0.013 -16"><span class='ocrx_word' id='word_1_321' title='bbox 253 4721 315 4768; x_wconf 68' lang='lat' dir='ltr'>pan.</span> <span class='ocrx_word' id='word_1_322' title='bbox 324 4713 373 4770; x_wconf 74' lang='lat' dir='ltr'>ur,</span> <span class='ocrx_word' id='word_1_323' title='bbox 384 4714 468 4770; x_wconf 67' lang='grc'><strong>11993,</strong></span> <span class='ocrx_word' id='word_1_324' title='bbox 479 4723 505 4762; x_wconf 84' lang='lat' dir='ltr'>et</span> <span class='ocrx_word' id='word_1_325' title='bbox 515 4727 577 4772; x_wconf 66' lang='lat' dir='ltr'>prr.</span> <span class='ocrx_word' id='word_1_326' title='bbox 585 4717 635 4772; x_wconf 73' lang='grc'><strong>439,</strong></span> <span class='ocrx_word' id='word_1_327' title='bbox 647 4728 671 4762; x_wconf 86' lang='lat' dir='ltr'>n.</span> <span class='ocrx_word' id='word_1_328' title='bbox 680 4715 729 4762; x_wconf 76' lang='grc'><strong>991.</strong></span> 
     </span>
    </p>
   </div>
   <div class='ocr_carea' id='block_1_5' title="bbox 0 0 1826 5350">
    <p class='ocr_par' dir='ltr' id='par_1_11' title="bbox 0 0 1826 5350">
     <span class='ocr_line' id='line_1_41' title="bbox 0 0 1826 5350; baseline 0 0"><span class='ocrx_word' id='word_1_329' title='bbox 0 0 1826 5350; x_wconf 95' lang='lat' dir='ltr'> </span> 
     </span>
    </p>
   </div>
  </div>
 </body>
</html>
