3642 5350
733 482 735 485 ,
782 428 939 491 tarsos
1424 429 1478 493 ιιι
1548 498 1559 510 ,

246 574 383 658 magna*
404 576 593 657 opulentia*
609 575 739 641 mtitbs
753 574 895 641 'habete
911 574 1023 657 filios,
1047 578 1098 642 ita
1112 587 1152 641 ·et
1171 578 1311 642 multas
1328 592 1476 658 uxorem

247 682 409 767 quamvis
423 682 995 765 potiust'coucubinaetcons'endae
1004 685 1089 765 sint,
1100 700 1183 750 cum
1191 682 1335 767 elis-pro
1340 693 1409 749 suo'
1420 685 1477 767 pr-

246 792 360 857 bitrio
373 791 511 871 possint
529 790 746 873 relinquere:
765 792 859 873 'quae
872 799 999 857 ,tamen
1017 790 1135 873 ma'gis
1147 791 1479 872 legitimathabetur

246 896 349 979 uxor,
365 896 424 963 'est'
435 896 569 963 sororis
584 898 670 980 filia,
684 898 755 962 non
770 907 890 964 autem
897 898 1042 987 'fratris;
1052 899 1147 981 ‘quia
1161 899 1277 981 neptis
1298 916 1345 963 en
1364 898 1478 965 fratre

246 1005 397 1087 profilia
418 1006 583 1087 habetur;
606 1024 688 1071 nam
708 1005 775 1070 sibi
794 1005 1023 1070 brasilieuses
1042 1005 1258 1088 persuadent
1276 1007 1411 1071 liberos
1422 1023 1475 1071 ex

246 1122 359 1178 matre
383 1130 529 1177 carnem
556 1129 629 1177 non
651 1112 836 1195 accipere,
842 1111 963 1176 sed
956 1130 1002 1177 ex
1030 1121 1153 1227 patre;
1179 1122 1215 1178 et
1236 1102 1290 1177 ita
1313 1118 1475 1179 ventrem

245 1220 369 1285 matris
383 1222 482 1285 'velut
495 1237 641 1285 saccum
654 1237 744 1286 esse.
1113 1240 1131 1251 ’·
1352 1246 1355 1252 ·
1409 1248 1412 1251 ·

303 1325 395 1393 3289.
438 1328 493 1393 Ex
507 1327 563 1393 his
577 1344 665 1409 ergo
679 1329 916 1394 matrimoniis
930 1329 1089 1409 sequitur
1106 1334 1208 1393 tanta
1225 1330 1475 1411 consanguini-

154 1448 155 1453 ’
244 1444 300 1499 tas
314 1436 405 1499 inter
420 1435 551 1503 liberos
565 1438 699 1517 omnes,
715 1444 755 1501 ut
768 1438 848 1501 cum
863 1436 992 1518 aliquis
1003 1435 1220 1500 christianus
1235 1436 1396 1517 efficitur,
1412 1438 1476 1502 vix

244 1542 278 1606 in
294 1528 432 1607 duobus
448 1550 482 1607 et
496 1543 609 1607 tribus
631 1544 734 1625 pagis
754 1544 883 1608 vicinis
904 1544 1074 1607 feminam
1092 1543 1267 1623 inveniat,
1283 1562 1392 1625 quam
1413 1545 1475 1611 du·

244 1650 326 1713 cere
340 1649 377 1713 in
392 1666 540 1714 uxorem
554 1650 630 1714 sine
644 1650 908 1732 dispensatione
918 1650 1091 1731 possidet
1101 1658 1232 1729 tumen,
1245 1650 1341 1731 quod
1354 1651 1474 1716 admo·

244 1756 327 1820 dum
343 1756 379 1821 hi
394 1756 555 1822 homines
576 1757 621 1822 ad
636 1766 822 1839 peccatum
837 1758 957 1822 carnis
971 1766 1053 1821 sunt
1067 1757 1261 1837 proclives,
1276 1775 1349 1822 non
1370 1758 1475 1823 aude·

244 1844 329 1928 bant
344 1864 457 1929 nostri
472 1864 571 1946 prius
585 1865 725 1929 adultos
738 1864 921 1946 baptizare
940 1881 1048 1945 quam
1061 1881 1211 1929 uxorem
1224 1863 1472 1947 quaesiissent,

245 1972 352 2053 quam'
365 1982 447 2053 post
460 1970 676 2054 baptismum
697 1973 817 2037 statim
836 1972 873 2037 in
894 1972 1120 2037 matrimonio
1139 1972 1207 2037 sibi
1224 1970 1374 2055 jungere
1394 1990 1474 2054 pos·

242 2087 338 2159 sent3
359 2087 395 2143 et
413 2080 493 2145 ideo
514 2078 694 2144 liberalem
713 2098 792 2145 esse
811 2089 975 2162 oportere
993 2078 1177 2145 Summum
1199 2080 1405 2145 Pontificem
1427 2080 1474 2144 ad

242 2186 562 2267 dispensationem,
587 2186 694 2251 etiam
725 2187 762 2251 in
786 2187 958 2267 gradibus
983 2187 1185 2268 prohibitis,
1208 2187 1473 2255 matrimonium

241 2292 490 2374 contrahendi,
502 2291 731 2375 [censebant];
747 2302 783 2363 et
796 2294 961 2375 quamvis
969 2294 1083 2362 nostri
1095 2289 1308 2358 auctoritate
1318 2294 1473 2376 Aposto-

241 2402 310 2465 lica
334 2400 712 2483 possentuispensare
737 2417 818 2466 cum
838 2399 1049 2481 infidelibus,
1075 2400 1135 2480 qui
1159 2401 1196 2465 in
1218 2401 1298 2482 lege
1319 2409 1472 2467 naturae

242 2508 468 2573 matrimonia
492 2508 533 2573 in·
550 2508 725 2590 ·gradibus
749 2508 937 2590 prohibitis
960 2508 1238 2587 contraxissent,
1259 2508 1296 2572 in
1319 2508 1472 2574 Brasilia

239 2614 329 2681 haec
350 2614 505 2682 facultas
518 2616 599 2682 usui
612 2633 691 2681 non
698 2625 786 2698 erat,
799 2632 881 2681 cum
892 2615 990 2680 nulla
1000 2614 1092 2681 inter
1103 2614 1200 2697 ipsos
1216 2623 1336 2681 essent
1350 2615 1468 2681 matri·

241 2723 371 2788 monia.
438 2725 440 2730 '
517 2775 523 2785 .
608 2755 611 2770 ·
1023 2749 1027 2754 ·
1198 2750 1201 2754 ¹
1409 2770 1411 2775 -

248 2829 389 2896 ΙΙ3290.
428 2831 510 2896 Hac
524 2841 646 2898 tamen
654 2831 828 2899 industria
842 2832 956 2896 nostri
971 2776 1170 2914 utebantur,
1180 2838 1223 2896 ut
1236 2848 1318 2897 cum
1331 2830 1470 2914 aliquos

241 2937 388 3003 idoneos
409 2939 454 3004 ad
473 2938 688 3020 baptismum
707 2939 972 3018 suscipiendum
993 2938 1197 3018 vidissent,
1213 2946 1295 3019 post
1315 2938 1471 3007 catechi:
1568 2949 1571 2953 ’

237 3061 366 3111 smum·
379 3046 636 3127 sufficientem,
653 3046 908 3111 docerent·eos
930 3044 1095 3128 [ducere]
1120 3063 1252 3112 uxores
1273 3047 1469 3114 secundum

239 3155 355 3234 legem
369 3157 538 3234 naturae,
559 3161 598 3218 ut
616 3171 699 3218 cum
719 3158 843 3235 postea
857 3153 1056 3235 baptismus
1068 3163 1292 3236 sequeretur,
1306 3151 1382 3235 J'am
1393 3171 1470 3220 ma·

237 3262 405 3326 trimonio
420 3260 630 3343 coniunctos
644 3261 839 3341 secundum
848 3271 1000 3326 naturae
1014 3261 1129 3342 legem
1145 3261 1357 3342 invenirent,
1370 3261 1467 3326 etita

237 3385 468 3450 perseverare
483 3369 520 3433 in
535 3387 576 3433 eo
591 3377 771 3450 poterant,
788 3369 884 3451 quod
895 3370 976 3450 lege
994 3377 1146 3434 naturae
1159 3367 1376 3450 prohibitum
1394 3387 1466 3434 non

222 3463 342 3541 'esset
335 3485 486 3559 ,postea
495 3486 615 3543 tamen
622 3477 740 3544 Sedes
750 3477 962 3559 Apostolica
978 3477 1186 3558 ampliorem
1201 3476 1246 3541 ad
1265 3474 1467 3558 hujusmodi

239 3585 522 3667 dispensationes
537 3583 769 3668 [facultatem]
784 3587 944 3651 contulit
1439 3631 1469 3671 η

248 3691 390 3757 3291.
433 3693 554 3759 Tertia
569 3703 646 3758 erat
662 3693 861 3773 difficultas,
878 3691 1071 3773 quodcum
1081 3692 1196 3758 nostri
1208 3691 1325 3773 pauci,
1338 3698 1373 3755 et
1383 3693 1469 3773 pagi

238 3801 499 3866 brasiliensium
513 3802 613 3867 multi
621 3811 758 3882 essent,
774 3801 806 3866 si
820 3801 888 3866 soli
902 3799 1143 3881 mittebantur,
1159 3816 1231 3863 non
1245 3799 1322 3864 sine
1336 3813 1468 3880 magno

237 3909 394 3990 periculo
410 3909 446 3974 id
459 3909 581 3989 fiebat,
598 3909 812 3974 cumomuia
826 3908 1153 3989 mulieribuspleua
1168 3915 1306 3987 essent,
1329 3906 1376 3970 ad
1388 3923 1468 3988 pec·

234 4024 315 4082 cata
330 4017 449 4080 carnis
462 4017 660 4099 propensis;
675 4025 711 4080 et
725 4017 818 4094 ideo,
834 4016 865 4080 si
883 4015 983 4080 ullibi
995 4015 1167 4095 gentium,
1183 4014 1288 4079 eisin
1307 4013 1395 4083 locis
1405 4031 1467 4078 ·ca·

234 4124 365 4189 stitutis
386 4125 565 4188 excellens
586 4124 718 4198 donum
743 4132 797 4189 est
816 4123 1059 4189 necessarium
1077 4139 1159 4187 cum
1176 4137 1311 4201 magno
1334 4121 1403 4186 Dei
1425 4120 1465 4187 ti·-

231 4249 347 4312 more;
373 4231 404 4296 si
428 4232 523 4297 enim
546 4242 684 4298 tantum
708 4250 779 4297 uno
803 4232 841 4297 in
865 4213 945 4296 loco
970 4231 1085 4296 nostri
1110 4238 1357 4309 versarentur,
1385 4246 1470 4294 cum

232 4340 358 4420 paucis
371 4348 510 4422 tempus
524 4351 617 4406 esset
631 4341 857 4421 exigendum,
874 4339 970 4420 quod
980 4340 1171 4404 multorum
1183 4337 1317 4402 auxilio
1331 4337 1464 4418 impen-

232 4465 310 4512 sum
327 4449 508 4529 oportuit.
1515 4513 1521 4522 ,

291 4553 403 4620 3292..
426 4555 625 4638 Episcopus
649 4507 875 4622 Brasiliensis
900 4564 1066 4637 quartam
1090 4554 1198 4619 etiam
1223 4552 1465 4618 difficultatem

234 4663 422 4727 sentiebat
412 4664 530 4744 ,quod
542 4664 635 4732 nudi
644 4665 863 4741 incederent,
877 4673 912 4728 et
927 4665 963 4729 in
978 4681 1031 4727 eo
1037 4672 1163 4728 contra
1182 4663 1301 4746 legem
1314 4669 1467 4729 naturae
