3642 5350
378 406 433 467 300
834 411 961 471 Canon.
983 406 1060 470 Soc.
1080 408 1150 483 Jas.

379 553 494 633 batur,
510 554 630 617 nescio
646 570 714 635 quo
729 554 856 635 spiritu
871 554 907 618 in
927 554 1096 635 templum
1116 563 1277 619 nostrum
1296 554 1445 632 veniret,
1468 562 1503 618 et
1525 553 1608 618 dum

378 659 416 724 P.
438 660 594 742 Joannes
620 660 800 743 Philippus
820 661 1107 742 concionaretur,
1123 663 1176 726 sic
1195 662 1327 742 sagitta
1341 661 1454 726 divini
1476 660 1607 725 amoris

379 766 550 832 transfixa
565 768 643 845 suit,
658 778 696 833 ut
710 787 782 834 non
796 779 935 834 tantum
950 770 1076 834 solatia
1091 787 1186 834 vana
1200 779 1237 834 et
1248 770 1394 834 delicias
1405 770 1608 834 saeculares

378 875 604 957 relinqueret,
621 876 686 941 sed
706 895 787 942 cum
807 895 939 958 magna
959 878 1067 942 etiam
1081 878 1277 942 humilitate
1296 885 1521 943 sacramenta
1541 878 1607 941 sre-

380 992 551 1065 quentare
570 984 763 1065 inciperet,
785 994 820 1048 et
839 982 916 1065 ejus
941 984 986 1048 ad
1007 985 1198 1049 Dominum
1218 986 1405 1049 conversio
1425 986 1487 1047 vix
1510 984 1607 1048 credi

379 1099 495 1170 potest
509 1101 679 1171 quantum
693 1090 948 1157 aedificationis
962 1103 998 1157 et
1013 1092 1258 1173 admirationis
1277 1092 1342 1157 toti
1361 1092 1497 1155 civitati
1517 1099 1606 1155 attu-

379 1198 469 1277 lerit;
486 1207 521 1262 et
535 1199 677 1263 omnino
692 1200 789 1279 ignis
801 1200 858 1264 hic
874 1208 1030 1279 sanctus,
1047 1217 1151 1282 quem
1170 1198 1334 1264 Christus
1348 1198 1447 1263 venit
1468 1199 1607 1263 mittere

380 1306 415 1368 in
431 1315 575 1385 terram,
593 1307 628 1369 in
642 1307 874 1389 plurimorum
889 1308 1018 1371 animis
1032 1306 1158 1371 ardere
1173 1308 1299 1387 coepit.
1316 1306 1390 1371 Nec
1402 1306 1516 1371 solum
1526 1323 1607 1369 con·

381 1412 502 1476 ciones
517 1421 551 1476 et
566 1413 794 1477 Canticorunl
805 1414 987 1497 lectiones,
1001 1414 1064 1478 sed
1075 1432 1140 1478 nec
1151 1414 1297 1478 Missam
1310 1412 1449 1494 quidem
1461 1412 1609 1493 singulis

337 1544 339 1547 ⁴
380 1518 513 1599 diebus,
544 1538 616 1585 non
644 1520 720 1585 sine
748 1538 880 1601 magno
908 1539 973 1586 suo
998 1522 1131 1600 dolore,
1158 1530 1281 1586 nostro
1309 1525 1345 1584 in
1374 1522 1504 1601 templo
1532 1520 1608 1584 reli·

380 1626 549 1706 quissent.

443 1733 530 1798 1196.
574 1734 732 1801 Sacrista
747 1748 865 1802 noster
882 1749 956 1803 tam
971 1738 1158 1819 diligenter
1172 1736 1299 1801 altaria
1314 1735 1477 1814 ornabat,
1494 1743 1528 1798 et
1542 1752 1607 1815 pro

381 1850 579 1923 temporum
594 1845 768 1909 varietate
782 1846 942 1910 mutabat
958 1854 1177 1923 ornamenta,
1193 1852 1231 1907 ut
1246 1861 1317 1907 non
1331 1859 1457 1924 parurn
1477 1842 1608 1905 excita·

381 1958 433 2012 ret
449 1950 495 2013 ad
509 1950 734 2016 devotionem
750 1955 898 2018 animos:
916 1972 980 2018 sua
996 1955 1102 2018 etiam
1123 1951 1370 2016 exhortatione
1385 1967 1456 2013 non
1474 1966 1608 2030 paucos

381 2055 427 2119 ad
442 2053 653 2122 honestioris
668 2060 763 2124 vitae
779 2062 952 2125 rationem
968 2060 1176 2125 adducebat.

445 2162 531 2226 1197.
575 2165 754 2230 Exercitia
788 2168 986 2248 spiritualia
1019 2167 1228 2249 quibusdam
1261 2166 1435 2230 matronis
1468 2165 1609 2228 luerunt

381 2272 575 2352 proposita,
592 2274 718 2353 quibus
738 2274 818 2339 illae
838 2275 1108 2355 diligentissime
1122 2276 1255 2339 dabant
1277 2289 1434 2353 operam.
1457 2271 1609 2351 Aliquae

383 2386 501 2441 autem
525 2378 655 2444 viduae
680 2382 916 2446 monasticum
935 2382 1106 2461 habitum,
1128 2381 1269 2445 Christo
1293 2380 1436 2443 omnino
1456 2396 1494 2443 se
1517 2377 1608 2442 dedi·

383 2484 510 2565 cando,
538 2498 775 2569 sumpserunt,
802 2497 836 2553 et
861 2506 992 2569 magno
1016 2490 1178 2571 exemplo
1201 2487 1344 2551 virtutis
1365 2504 1488 2550 ornnes
1508 2484 1609 2549 adse

383 2594 651 2659 convertebant.
669 2596 838 2677 Virgines
853 2596 971 2675 etiam,
988 2614 1079 2679 quae
1095 2595 1140 2659 ad
1155 2595 1325 2678 templum
1338 2594 1542 2676 frequentes
1554 2593 1611 2656 de·

384 2699 614 2780 ducebantur,
635 2720 747 2785 usque
767 2705 813 2769 ad
833 2703 1104 2768 admirationem
1122 2705 1313 2768 multorum
1331 2703 1368 2765 in
1391 2701 1610 2782 spiritualem

383 2806 581 2887 profectum
606 2811 867 2891 incumbebant,
894 2830 959 2877 nec
984 2813 1076 2876 ullae
1101 2811 1270 2891 deliciae,
1286 2809 1414 2891 quibus
1441 2827 1483 2872 ea
1512 2817 1611 2872 aetas

384 2915 466 2996 capi
479 2918 579 2995 solet,
597 2919 742 2998 perInde
757 2919 825 2982 illis
840 2927 966 2999 gratae
986 2930 1088 2983 erant
1108 2927 1213 3000 atque
1232 2918 1269 2982 in
1287 2916 1438 2981 ecclesia
1460 2915 1611 2980 orationi

384 3030 418 3086 et
433 3023 574 3102 pietatis
588 3023 712 3089 officiis
732 3043 876 3090 vacare.

447 3128 533 3195 1198.
578 3132 743 3197 Charitas
763 3143 882 3198 autem
901 3133 1104 3215 hujusmodi
1127 3134 1320 3213 hominum,
1343 3132 1405 3214 qui
1425 3132 1611 3196 ecclesiam

384 3245 543 3302 nostram
558 3238 841 3320 frequentabant,
863 3242 908 3305 ad
924 3244 1014 3306 alios
1025 3239 1204 3321 iuvandos
1225 3257 1305 3304 sese
1326 3239 1557 3319 extendebat,
1578 3249 1614 3302 et

385 3361 464 3408 curn
480 3347 633 3427 aliquem
648 3357 750 3411 extra
765 3349 889 3412 salutis
909 3349 1005 3414 viam
1025 3349 1188 3413 incedere
1202 3347 1462 3428 intelligebant,
1484 3346 1614 3427 partim

386 3453 616 3534 orationibus,
633 3455 763 3536 partim
775 3456 1090 3536 exhortationibus,
1112 3473 1174 3520 eos
1193 3456 1238 3520 ad
1258 3457 1441 3519 meliorem
1459 3463 1615 3518 mentem

386 3578 558 3626 revocare
572 3571 607 3626 et
622 3579 643 3624 a
659 3564 816 3643 pcccatis
839 3563 1017 3628 deterrere
1036 3563 1240 3644 studebant,
1260 3571 1296 3627 et
1316 3570 1415 3626 tanto
1435 3561 1552 3624 studio
1571 3577 1614 3624 ac

385 3668 568 3749 diligentia
582 3668 618 3733 id
632 3670 908 3750 exequebantur,
926 3679 964 3734 ut
978 3672 1064 3734 nihil
1083 3672 1151 3735 illis
1170 3671 1314 3735 charius
1335 3685 1442 3750 quam
1458 3668 1613 3732 animam

387 3777 540 3858 aliquam
552 3775 680 3856 juvare
695 3786 729 3840 et
744 3777 789 3840 ad
804 3776 985 3842 Christum
1000 3778 1176 3843 adducere
1190 3779 1382 3842 videretur.

449 3882 537 3948 1199.
581 3885 669 3949 Cum
696 3886 822 3949 erebro
847 3887 960 3950 nostri
985 3887 1031 3950 ad
1055 3896 1284 3967 aegrotantes
1306 3895 1553 3965 evocarentur,
1577 3896 1615 3951 ut

387 4009 448 4055 eos
462 4002 496 4055 et
512 3993 709 4056 animarent
724 4002 758 4056 et
774 3996 1058 4074 consolarentur,
1075 3995 1262 4075 diligenter
1277 4013 1320 4059 eo
1340 3994 1526 4059 charitatis
1546 3995 1615 4059 offi-

387 4101 443 4164 cio
459 4097 713 4181 iungebantur,
735 4111 769 4164 ct
791 4101 1059 4166 admirabantur
1079 4103 1178 4166 multi
1199 4103 1302 4184 quod,
1324 4104 1420 4166 nulla
1441 4101 1617 4166 commodi

388 4207 521 4288 proprii
536 4216 597 4272 aut
613 4209 740 4289 quietis
756 4209 876 4272 habita
890 4209 1040 4289 ratione,
1056 4211 1165 4275 etiam
1180 4211 1297 4274 media
1311 4219 1427 4290 nocte,
1451 4227 1532 4274 cum
1553 4227 1618 4273 vo·

388 4314 560 4378 cabantur
575 4315 620 4379 ad
635 4325 874 4396 aegrotantes,
891 4317 1121 4398 accedebant,
1137 4326 1172 4382 et
1187 4326 1373 4399 paternam
1385 4319 1421 4382 in
1436 4337 1496 4382 eos
1509 4318 1618 4399 pieta·

389 4430 460 4485 tem
474 4422 699 4487 exhibebant.

452 4527 539 4592 1200.
584 4529 685 4609 Quod
710 4531 755 4596 ad
780 4533 923 4597 scholas
948 4534 1083 4613 attinet,
1114 4549 1233 4597 mense
1258 4532 1453 4596 Novembri
1477 4549 1619 4614 praece·

390 4636 504 4704 dentis
519 4637 613 4716 anni,
629 4646 709 4718 post
727 4638 856 4704 testum
870 4638 953 4704 53²0
968 4640 1195 4719 Catharinae,
1209 4638 1360 4703 docendi
1375 4639 1514 4706 initium
1527 4641 1618 4704 fece·
