3642 5350
317 416 374 484 518
777 417 904 479 Cnnou.
926 416 1003 479 Soc.
1023 417 1094 491 Jas.

326 569 430 626 erant
445 562 595 631 aliorum
614 565 799 648 magistri,
812 579 903 645 quos
922 561 1107 644 alphachis
1128 561 1302 641 ¹*vocant,
1323 561 1384 642 qui
1400 560 1494 626 serio
1508 561 1554 624 ad

320 668 513 734 Dominum
528 672 706 748 conversi,
723 672 814 734 mira
829 671 1019 738 dilectione
1034 669 1073 733 P.
1089 668 1309 748 Rodriguez,
1327 669 1386 732 cui
1400 667 1555 733 confessi

320 785 434 857 erant,
451 778 769 858 prosequebantur;
785 791 851 858 pro
866 794 936 858 quo
953 777 1061 841 etiam
1076 776 1286 856 sanguinem
1301 773 1483 838 effundere
1493 792 1553 855 pa·

321 892 418 948 ratos
433 901 471 946 se
486 901 565 948 esse
578 884 760 948 dicebant:
776 885 913 950 fructus
928 894 1064 962 autem,
1082 883 1142 964 qui
1156 900 1202 946 ex
1220 879 1420 962 hujusmodi
1440 881 1557 945 homi·

321 991 423 1054 nibus
443 991 523 1072 capi
538 1002 673 1073 posset,
695 1010 765 1074 quo
786 991 978 1069 difficilior,
1000 1008 1042 1055 eo
1062 989 1251 1072 pretiosior
1270 997 1358 1053 erat.
1382 988 1558 1069 Quamvis

321 1097 415 1164 enim
433 1098 602 1178 baptizati
618 1110 749 1178 essent,
767 1100 879 1163 vitam
895 1098 1125 1162 nihilominus
1141 1115 1184 1160 ac
1196 1097 1285 1161 ritus
1300 1113 1556 1160 saracenorum

260 1237 262 1240 ·
322 1222 365 1269 ac
380 1206 624 1268 caeremonias
640 1206 890 1270 observabant.

381 1311 472 1376 2242.
517 1311 755 1376 Existimabat
770 1321 889 1376 autem
905 1311 944 1376 P.
957 1309 1161 1391 Rodriguez
1172 1328 1302 1392 operae
1313 1311 1465 1391 pretium
1477 1308 1556 1373 iore

322 1427 360 1482 ut
375 1437 420 1482 ex
434 1417 472 1482 P.
489 1417 617 1499 Ignatii
632 1419 853 1500 praescripto
868 1418 938 1483 duo
954 1437 999 1482 ex
1013 1419 1146 1482 nostris
1161 1419 1258 1482 circa
1274 1435 1396 1481 eorum
1408 1433 1558 1480 conver·

321 1525 459 1589 sionem
480 1526 623 1589 omnino
646 1535 925 1606 occuparentur,
947 1524 1084 1589 Indiam
1106 1527 1144 1588 in
1165 1525 1339 1606 Hispania
1362 1525 1555 1602 inventuri;

323 1649 404 1696 cum
418 1631 619 1713 hujusmodi
634 1633 818 1697 homiuum
833 1635 963 1712 ingens
983 1632 1169 1696 multitudo
1188 1633 1350 1696 converti
1366 1632 1412 1695 ad
1431 1648 1555 1695 veram

321 1740 426 1805 fidem
444 1759 548 1821 posse
569 1741 769 1820 videretur,
790 1741 821 1804 si
841 1741 970 1820 viginti
990 1741 1048 1803 vel
1068 1741 1214 1818 triginta
1236 1757 1359 1803 eorum
1378 1739 1557 1818 magistri,

322 1865 410 1927 quos
429 1848 583 1913 diximus
602 1848 786 1930 alphachis
807 1849 946 1927 vocari,
969 1857 1281 1922 converterentur,
1302 1847 1362 1910 vel
1387 1847 1418 1910 si
1444 1847 1557 1926 aliqui

322 1954 527 2033 exprofesso
542 1973 604 2018 eos
618 1955 865 2034 sollicitarent;
881 1962 1025 2018 nostros
1039 1954 1134 2018 enim
1149 1953 1360 2034 diligebant,
1378 1953 1472 2033 quod
1489 1953 1556 2028 eis,

323 2076 546 2141 quacumque
560 2061 597 2124 in
612 2081 650 2126 rc
666 2068 824 2142 possent,
841 2063 1018 2126 faverent.

383 2165 473 2232 2243.
516 2168 647 2233 Missus
661 2169 725 2233 luit
739 2169 903 2248 Deniam,
917 2179 955 2232 ut
971 2170 1018 2232 ibi
1033 2168 1102 2233 hac
1118 2167 1402 2248 Quadragesima
1419 2167 1558 2231 concio*

324 2283 478 2353 nasetur,
495 2274 622 2340 Frater
636 2287 756 2342 noster
772 2277 947 2340 Martinez
961 2275 984 2354 ',
1001 2293 1108 2356 quem
1122 2291 1254 2354 magna
1269 2275 1452 2338 hominum
1472 2275 1555 2338 mul·

324 2381 448 2458 titud0,
467 2400 545 2446 cum
562 2385 702 2448 assidue
717 2394 935 2465 sequeretur,
952 2394 1026 2447 tam
1038 2381 1144 2446 avide
1156 2393 1190 2445 et
1201 2390 1336 2444 attente
1347 2399 1428 2445 eum
1440 2380 1560 2445 audie-

323 2489 420 2566 bant,
438 2499 475 2552 ut
489 2493 717 2571 quantumvis
731 2493 893 2573 prolixus
907 2501 1013 2568 esset,
1030 2491 1151 2554 brevis
1166 2489 1254 2570 ipsis
1268 2489 1461 2553 videretur.

384 2595 475 2660 2244.
519 2597 715 2662 Comitatus
730 2607 784 2660 est
799 2616 878 2661 eum
893 2597 932 2661 Ρ.
943 2596 1059 2677 Rogel
1073 2595 1085 2626 ³
1100 2609 1138 2661 ut
1153 2595 1396 2659 consessiones
1407 2596 1560 2673 audiret,

326 2722 395 2785 quo
411 2706 447 2768 in
462 2722 609 2769 munere
624 2706 675 2769 sic
692 2722 730 2768 se
745 2705 873 2784 gessit,
890 2714 929 2768 ut
946 2722 1019 2767 non
1034 2705 1149 2767 solum
1163 2706 1353 2768 multorum
1369 2702 1558 2767 confessio·

324 2828 389 2874 nes
414 2812 580 2890 audierit,
606 2812 669 2875 sed
696 2813 825 2875 multos
851 2813 959 2875 etiam
984 2811 1029 2875 ad
1054 2811 1314 2892 frequentanda
1334 2819 1559 2873 sacramenta

326 2919 560 2983 consessionis
574 2931 609 2981 et
625 2902 885 2982 communionis
901 2919 1101 2982 adduxerit.

386 3026 477 3089 2245.
521 3025 615 3089 Inter
631 3028 759 3089 multos
773 3028 892 3104 etiam,
907 3028 967 3107 qui
979 3026 1184 3089 inimicitias
1196 3025 1421 3104 exercebant,
1433 3041 1561 3105 pacem

326 3132 574 3195 conciliarunt.
591 3130 692 3195 Multi
707 3142 830 3210 erant,
847 3134 907 3213 qui
922 3135 1018 3196 nulla
1034 3134 1172 3197 ratione
1187 3131 1307 3195 indu'ci
1326 3142 1505 3211 poterant,
1522 3140 1563 3194 ut

327 3239 478 3318 amplius
493 3256 600 3319 quam
615 3240 724 3302 semel
739 3238 774 3302 in
790 3256 884 3303 anno
900 3238 1167 3318 confiterentur;
1184 3238 1247 3302 sed
1261 3247 1464 3302 nostrorum
1479 3238 1560 3301 hor·

326 3354 403 3408 tatu
417 3344 623 3425 persuaderi
639 3345 706 3409 sibi
720 3346 969 3425 permiserunt,
983 3355 1021 3410 ut
1033 3346 1086 3409 bis
1099 3355 1160 3410 aut
1175 3355 1229 3409 ter
1240 3347 1390 3425 singulis
1405 3346 1509 3409 annis
1522 3345 1561 3409 iu

328 3451 499 3516 facerent.
515 3452 603 3515 Tam
618 3451 719 3516 multi
735 3463 853 3516 autem
869 3453 915 3516 ad
930 3471 1003 3534 e05,
1016 3454 1156 3518 consilii
1171 3462 1205 3516 et
1219 3453 1366 3517 remedii
1381 3453 1510 3532 gratia.
1523 3452 1559 3515 in

328 3559 402 3621 suis
414 3558 684 3623 necessitatibus
697 3568 732 3622 et
741 3559 991 3624 afflictionibus
1002 3560 1275 3638 concurrebant,
1285 3570 1323 3623 ut
1333 3560 1393 3623 vix
1404 3559 1562 3639 propriis

328 3665 620 3746 occupationibus
635 3666 750 3730 nostri
765 3684 898 3730 vacare
917 3676 1074 3749 possent,
1100 3666 1267 3747 quamdiu
1282 3666 1412 3731 ibidem
1424 3666 1562 3731 versati

228 3766 230 3773 '
327 3784 419 3835 sunt.

387 3880 478 3943 2246.
522 3879 561 3943 Ρ.
586 3879 700 3959 Rogel
721 3898 850 3963 pueros
875 3881 1132 3945 catechismum
1158 3881 1292 3959 docuit,
1318 3882 1382 3945 sed
1406 3880 1563 3961 majores

327 3987 434 4050 etiam
449 3994 534 4049 natu
550 3986 712 4067 aderant;
728 3997 763 4051 et
783 4004 907 4051 omnes
928 3987 1082 4051 fructum
1099 4006 1171 4051 non
1190 3988 1406 4052 mediocrem
1426 4006 1471 4052 ex
1490 3988 1562 4052 hac

328 4092 581 4157 exercitatione
607 4094 816 4174 provenisse
841 4095 1099 4174 agnoscebant.
1122 4094 1161 4159 Id
1175 4096 1282 4159 etiam
1302 4096 1486 4159 obtentum
1506 4104 1564 4159 est

329 4218 350 4262 a
366 4199 613 4265 Gubernatore
628 4211 663 4264 et
682 4202 968 4282 magistratibuS,
990 4211 1028 4265 ut
1047 4202 1128 4266 libri
1143 4204 1285 4283 profani
1306 4204 1342 4266 in
1364 4204 1482 4283 platea
1500 4220 1560 4283 pu·

369 4440 377 4469 ¹
407 4438 489 4493 “Quos
500 4448 597 4486 vocant
608 4441 965 4497 a1paaqutnos,.-Lttrerae
974 4443 1206 4496 Quadrtmestraes,
1215 4450 1233 4488 t.
1242 4456 1278 4496 ιν,
1288 4455 1349 4498 pag.
1360 4445 1392 4488 rt.

368 4512 379 4543 ²
409 4510 473 4555 Vlde
484 4511 605 4556 Litterae
614 4512 845 4566 Quadrimestres,
854 4521 874 4558 t.
891 4524 928 4567 rr,
942 4525 1004 4569 pag.
1019 4514 1066 4566 177,
1081 4516 1126 4559 ubi
1141 4516 1206 4559 baec
1221 4516 1292 4560 iacta
1305 4521 1455 4569 narrantum
1468 4526 1562 4559 nomeu

328 4594 393 4626 uero
404 4581 508 4627 Fratris
517 4582 642 4629 Martlnez
653 4590 764 4629 tacetur.

369 4653 380 4685 ὅ
406 4654 436 4698 P.
447 4653 559 4706 Joannes
568 4654 650 4710 RoJ'el,
660 4656 874 4711 pampelonensis,
883 4657 914 4701 de
925 4668 975 4710 quo
986 4655 1046 4700 vide
1053 4668 1141 4711 supra,
1154 4664 1172 4703 t.
1182 4669 1218 4709 ιν,
1228 4670 1287 4712 pag.
1295 4658 1344 4713 ³37,
1352 4670 1377 4703 n.
1385 4658 1434 4713 714,
1441 4664 1529 4703 annot.
1538 4659 1560 4703 l.
