3642 5350
452 1191 803 1276 CHRONICON
847 1189 1195 1276 SOCIETATIS
1234 1185 1416 1296 JESU²

827 1431 951 1497 Annus
975 1431 1052 1496 1556

714 1645 778 1710 DE
801 1645 935 1710 DOMO
957 1644 1161 1710 ROMANA

625 1880 795 1926 COLLEGIO
817 1881 949 1926 Nosruo
970 1881 1015 1925 ET
1036 1877 1237 1924 GERMANICO

385 2157 413 2218 1.
456 2156 559 2220 Prius
573 2157 616 2220 de
637 2158 741 2221 rebus
761 2156 897 2220 Domus
916 2156 1161 2220 Professorum
1176 2165 1211 2219 et
1229 2154 1378 2233 Collegii
1397 2153 1547 2217 Romani

322 2281 367 2326 ac
383 2262 603 2342 Germanici;
620 2263 745 2327 deinde
766 2263 809 2327 de
830 2265 908 2345 ipso
929 2263 967 2328 P.
987 2263 1196 2344 Praeposito
1214 2261 1391 2337 Generali‚
1413 2261 1546 2324 missio-

322 2370 426 2433 nibus
442 2380 476 2433 et
491 2371 569 2434 aliis
583 2370 898 2434 universalioribus
914 2381 1050 2452 agetur.

382 2476 413 2538 2.
456 2477 536 2540 Hoc
552 2494 644 2540 anno
660 2478 801 2540 ineunte
816 2479 1004 2558 sexaginta
1020 2477 1092 2540 fere
1111 2475 1218 2540 Domi
1237 2485 1392 2555 nostrae,
1413 2476 1449 2539 in
1468 2473 1546 2539 Col·

322 2584 425 2664 legiis
440 2601 527 2648 vero
547 2584 740 2665 praedictis
759 2595 901 2672 centum
921 2586 1062 2649 circiter
1079 2585 1315 2660 versabantur
1334 2601 1379 2646 ex
1402 2584 1545 2660 nostris

320 2692 484 2771 quamvis
499 2710 520 2755 a
535 2690 734 2773 Septembri
749 2694 912 2773 proximo
931 2704 1071 2757 centum
1093 2703 1127 2756 et
1147 2710 1190 2755 eo
1210 2692 1361 2773 amplius
1380 2690 1426 2754 ad
1444 2690 1547 2753 varia

322 2800 400 2861 loca
415 2808 516 2862 extra
532 2798 663 2863 Urbem
678 2800 777 2863 missi
790 2800 941 2863 fuissent
954 2800 985 2879 ';
1002 2800 1064 2864 sed
1078 2801 1141 2864 vix
1152 2802 1269 2863 iocum
1281 2799 1388 2880 aliqui
1400 2798 1546 2878 relique·

321 2914 418 2985 rant,
447 2924 527 2969 cum
552 2907 613 2970 alii
638 2908 689 2970 eis
710 2906 942 2971 succedentes
968 2907 1257 2986 admittebantur;
1279 2907 1378 2970 multi
1398 2906 1492 2969 enim
1511 2905 1547 2969 id

321 3013 545 3093 expetebant,
569 3022 604 3076 et
629 3014 881 3095 cumprimum
902 3014 1134 3090 commoditas
1148 3013 1371 3092 offerebatur,
1388 3012 1547 3075 admitte·

319 3119 459 3182 bantur.

383 3224 413 3287 3.
456 3225 576 3289 Primo
588 3226 644 3289 die
657 3226 760 3307 hujus
771 3229 855 3291 anni
864 3229 1046 3308 ingressus
1059 3237 1111 3292 est
1121 3228 1274 3292 Domum
1282 3226 1456 3291 Dominus
1467 3225 1548 3290 Hie·

318 3348 491 3413 ronymus
505 3332 549 3397 de
565 3333 766 3397 Choloredo
782 3332 793 3365 ³
809 3353 889 3399 cum
902 3336 1058 3418 Josepho
1078 3335 1242 3399 Fabricio
1256 3333 1279 3415 ⁴,
1297 3335 1460 3415 quamvis
1481 3334 1546 3397 sub

321 3440 427 3503 finem
443 3442 527 3503 anni
541 3441 786 3521 praecedentis
801 3442 949 3507 admissi
962 3443 1114 3508 fuerant.

378 3547 409 3609 4.
453 3548 547 3611 Inter
563 3547 678 3611 111105ὅ
693 3549 799 3611 etiam
814 3550 966 3613 accessit
980 3548 1153 3613 Dominus
1171 3549 1328 3633 Joannes
1349 3549 1392 3611 de
1406 3546 1548 3611 Mendo·

319 3671 363 3716 za
375 3651 399 3733 ⁶,
413 3654 472 3734 qui
484 3653 559 3734 jam
572 3654 646 3717 sere
661 3654 752 3719 duos
771 3673 884 3719 annos
904 3674 1033 3737 magno
1054 3656 1229 3720 desiderio
1248 3657 1316 3719 hoc
1334 3654 1547 3735 postulabat;

321 3832 532 3841 ———-

359 3930 367 3962 ¹
398 3928 477 3973 Sexto
494 3930 543 3974 hoc
558 3936 632 3979 tomo.
647 3931 690 3986 qui
705 3931 813 3976 dimidia
831 3939 945 3985 pareest
961 3933 1033 3977 tertii
1044 3932 1181 3977 voluminis
1192 3943 1238 3976 ms.
1253 3931 1361 3987 huiusce
1378 3931 1509 3982 Chronici,
1519 3932 1553 3975 ab

317 4001 427 4045 solvitur
436 4012 500 4057 opus
510 4014 526 4045 a
536 4002 649 4047 Poianco
659 4004 812 4057 coniectum,
824 4006 890 4059 quod
901 4006 982 4049 vitam
998 4003 1046 4049 Sti.
1057 4005 1193 4059 ignauiae
1204 4016 1246 4047 res
1261 4012 1351 4057 gestes
1362 4004 1462 4058 abipso
1482 4010 1508 4047 et
1517 4006 1552 4048 ab

317 4074 373 4125 eine
387 4072 493 4117 tundata
510 4072 640 4117 societate
655 4080 828 4132 persequitur,
843 4078 876 4120 ab
890 4088 958 4121 anno
973 4077 1024 4120 itii
1040 4078 1073 4120 ad
1093 4075 1249 4121 reso-vide
1268 4086 1356 4130 supra,
1373 4080 1392 4120 t.
1405 4086 1432 4129 v,
1450 4086 1513 4129 pez.
1528 4076 1550 4127 δ,

316 4150 403 4189 annot.
415 4146 434 4197 ¹3
445 4152 472 4189 et
483 4151 502 4188 t.
513 4158 530 4197 r.
541 4156 601 4200 pag.
611 4147 625 4189 6
634 4156 660 4190 et
670 4146 692 4190 7.

356 4215 368 4248 ¹
394 4214 459 4259 Vide
467 4226 555 4271 supra,
566 4225 585 4260 t.
596 4230 622 4271 v,
632 4228 692 4272 pag.
702 4219 737 4273 31,
749 4231 772 4262 n.
782 4220 817 4273 5i;
825 4230 886 4273 pag.
896 4220 931 4273 12,
943 4232 967 4263 11.
977 4220 1012 4272 77;
1023 4227 1049 4263 et
1059 4231 1119 4275 pag.
1129 4218 1163 4273 41,
1175 4218 1245 4263 1181.

357 4286 371 4320 ὅ
395 4286 433 4330 De
448 4286 605 4345 Hieronymo
620 4290 651 4332 de
668 4289 811 4335 Choioredo
827 4292 880 4346 egit
896 4292 1025 4335 Polancus
1040 4302 1106 4336 anno
1121 4291 1261 4345 superiore.
1278 4290 1346 4334 Vide
1361 4291 1417 4346 ejus
1439 4289 1550 4344 elogium

316 4368 404 4414 supra.
416 4368 434 4403 t.
442 4372 469 4407 v.
479 4372 539 4414 pag.
547 4360 582 4415 43,
594 4372 617 4405 n.
629 4362 663 4405 82.

356 4430 370 4462 ⁴
396 4430 461 4475 Vide
471 4442 559 4487 supra.
570 4440 588 4476 t.
598 4444 624 4482 v.
635 4444 696 4487 pag.
706 4434 741 4485 et,
753 4446 777 4477 n.
787 4434 822 4479 83.

357 4501 370 4534 ὅ
396 4501 443 4554 Qui
454 4514 542 4557 nempe
552 4504 682 4558 prioribus
692 4506 769 4561 hujus
779 4507 839 4551 anni
849 4508 981 4551 mensibus
993 4506 1118 4550 Societati
1128 4516 1220 4549 nomen
1230 4506 1364 4549 dederuut.

356 4570 369 4605 ⁸
396 4572 550 4627 Saepissime
559 4577 589 4619 de
599 4577 648 4620 hoc
656 4578 751 4632 juvene
763 4580 859 4623 mentio
868 4580 938 4622 iacta
946 4586 985 4621 cst
995 4580 1020 4621 in
1028 4579 1143 4622 Pouaucr
1153 4576 1280 4620 Chronico
1289 4585 1315 4620 et
1327 4578 1353 4621 iu
1363 4588 1440 4631 opere
1452 4574 1547 4621 Carras

318 4644 352 4688 de
363 4644 418 4688 San
430 4644 544 4699 ignatio.
554 4646 592 4691 Ne
602 4649 673 4693 dicia
685 4656 838 4705 repetamus.
848 4650 906 4695 vide
916 4652 1071 4705 sissupra,t.
1081 4661 1117 4703 iv,
1125 4658 1186 4703 pag.
1195 4648 1240 4702 176,
1249 4660 1274 4694 n.
1281 4648 1329 4703 3713
1341 4660 1400 4704 pag.
1410 4648 1456 4705 187,
1465 4648 1545 4703 nadib
