3642 5350
796 499 858 561 An.
881 500 951 562 1556
1434 500 1487 560 771

257 650 393 708 cerunt.
410 638 466 709 Ex
484 645 603 710 multis
622 659 713 727 quae
735 646 772 710 in
792 646 860 710 hac
879 647 1110 728 navigatione
1130 646 1351 728 acciderunt,
1372 662 1487 728 pauca

258 748 434 832 quaedam
452 752 704 835 perstringam.

317 854 409 924 3330.
452 858 625 941 Quamvis
646 874 769 927 omnes
788 861 862 927 fere
881 862 1006 945 primis
1025 862 1148 929 diebus
1166 862 1428 942 nauseabundi,
1449 867 1489 926 ut

260 966 405 1046 accidit,
431 975 467 1032 et
490 968 622 1033 debiles
646 968 740 1035 bona
759 986 804 1034 ex
823 978 925 1053 parte
943 970 1211 1051 decumberent,
1231 988 1313 1036 cum
1328 977 1427 1035 esset
1445 986 1489 1033 ea

196 1055 199 1072 '
259 1070 481 1143 hebdomada
501 1085 638 1158 sancta,
658 1076 855 1159 Episcopus
869 1076 1035 1143 Andreas
1054 1076 1081 1158 ¹,
1101 1078 1184 1144 licet
1198 1078 1305 1144 valde
1323 1077 1487 1158 afflictus,

259 1180 317 1247 die
334 1184 479 1249 veneris
496 1182 540 1251 de
558 1181 728 1250 Passione
753 1184 898 1250 Domini
922 1185 959 1250 in
978 1202 1044 1252 sua
1062 1186 1148 1251 navi
1168 1186 1400 1251 concionatus
1419 1194 1486 1261 est,

258 1290 422 1371 quamvis
436 1298 621 1372 tantopere
636 1290 787 1359 afflictus
801 1300 906 1375 esset,
919 1301 959 1357 ut
971 1309 1053 1358 cum
1067 1294 1104 1357 in
1117 1294 1279 1373 sequenti
1290 1291 1347 1357 die
1357 1291 1486 1358 Resur-

258 1397 426 1463 rectionis
439 1398 669 1467 vehementer
682 1398 888 1465 concionari
899 1410 1056 1482 cuperet,
1069 1410 1215 1482 propter
1225 1398 1483 1481 aegritudinem

258 1504 294 1570 id
308 1512 493 1586 praestare
507 1523 579 1570 non
597 1506 763 1590 potuerit.

316 1611 408 1677 3331.
452 1613 510 1678 Ad
534 1614 744 1696 Gomeram,
771 1632 862 1700 quae
886 1632 958 1680 una
983 1625 1037 1681 est
1057 1633 1102 1681 ex
1121 1614 1326 1681 Fortunatis
1350 1614 1488 1693 insuda,

259 1737 348 1801 quas
362 1718 536 1786 Canarias
550 1733 692 1803 vocant,
709 1720 783 1803 ejus
797 1724 919 1804 navis,
935 1721 1036 1805 cujus
1050 1723 1181 1788 malum
1196 1724 1372 1789 resarcire
1386 1739 1489 1804 opor·

259 1828 367 1906 tebat,
393 1845 475 1893 cum
498 1828 701 1894 divertisset
721 1832 826 1895 tertio
845 1829 937 1899 festo
956 1828 1132 1911 Paschae,
1157 1839 1232 1895 tam
1253 1830 1290 1895 in
1310 1847 1351 1893 ea
1372 1829 1489 1894 insula

259 1950 366 2016 quam
379 1936 416 2001 in
430 1937 526 2016 navi,
539 1939 728 2003 multorum
741 1937 982 2005 confessiones
997 1955 1018 2002 a
1032 1938 1165 2002 nostris
1175 1937 1318 2002 auditae
1332 1936 1486 2015 fuerunt,

261 2050 295 2107 et
310 2044 418 2109 etiam
433 2044 478 2109 ab
494 2044 571 2126 ipso
591 2044 780 2128 Episcopo,
796 2045 878 2111 licet
892 2044 1046 2111 adversa
1064 2045 1268 2110 valetudine
1285 2042 1429 2123 afflicto,
1445 2059 1491 2109 ex

259 2149 387 2230 quibus
415 2152 517 2216 multi
541 2168 635 2215 anno
660 2152 852 2233 praeterito
881 2152 1035 2218 confessi
1059 2170 1131 2221 nou
1157 2151 1308 2217 fuerant:
1335 2151 1489 2216 ministe-

259 2258 351 2322 rium
376 2258 484 2323 etiam
507 2258 787 2325 confirmationis
808 2259 1019 2342 quibusdam
1043 2259 1219 2343 religiosis
1243 2258 1280 2324 in
1307 2277 1349 2323 ea
1373 2258 1490 2323 insula

257 2365 439 2447 impendit,
456 2374 490 2430 et
506 2366 576 2430 alia
597 2367 771 2448 quaedam
786 2368 1015 2449 episcopalia,
1031 2376 1192 2449 rogatus,
1208 2366 1381 2432 exercuit.
1396 2364 1489 2446 Quia

259 2490 345 2537 vero
366 2469 471 2538 Pater
491 2472 665 2539 Mezchita
679 2472 692 2505 ¹
705 2475 854 2556 gravius
873 2474 1061 2539 videbatur
1075 2474 1253 2556 Episcopo
1272 2490 1380 2555 quam
1400 2473 1489 2553 ipse·

259 2588 330 2643 met
342 2591 542 2662 aegrotare,
556 2581 683 2661 locum,
696 2582 764 2665 ipsi
774 2582 952 2665 Episcopo
963 2582 1182 2664 deputatum,
1195 2582 1230 2646 ei
1241 2580 1394 2661 reliquit,
1405 2579 1490 2660 quia

260 2689 480 2754 commodior
490 2698 578 2772 erat;
591 2708 681 2756 onus
692 2699 810 2756 autem
824 2691 1086 2756 confessionum
1096 2688 1194 2754 Patri
1207 2688 1435 2768 Galdamez⁸,
1450 2697 1490 2754 ut

261 2797 466 2878 robustiori,
482 2798 645 2864 relictum
659 2807 724 2864 est.

321 2903 413 2970 3332.
455 2903 546 2970 Cum
561 2915 680 2970 autem
694 2905 791 2971 vires
805 2914 996 2988 utcumque
1010 2911 1293 2988 recuperassent,
1309 2900 1491 2985 praedica·

260 3011 349 3075 tioni
373 3011 560 3078 dominicis
584 3023 620 3078 et
646 3013 747 3078 festis
772 3011 905 3092 diebus,
934 3013 1053 3077 multis
1077 3013 1185 3078 etiam
1210 3009 1492 3078 confessionibus

260 3117 457 3200 audiendis
467 3129 502 3185 et
513 3121 729 3186 christianae
738 3120 921 3186 doctrinae
931 3137 1013 3186 cum
1023 3120 1140 3186 fructu
1152 3119 1333 3187 docendae
1345 3133 1493 3200 operam

259 3235 333 3290 toto
358 3244 401 3292 eo
421 3227 547 3293 itinere
568 3228 751 3309 dederunt;
775 3237 809 3293 et
832 3227 972 3309 aliquae
991 3246 1099 3310 paces
1120 3229 1243 3309 magni
1264 3225 1434 3291 momenti
1456 3232 1491 3288 et

259 3334 432 3414 plurimae
448 3344 529 3400 sunt
548 3335 742 3416 confectae,
759 3344 794 3400 et
808 3351 941 3417 magna
955 3337 992 3400 in
1011 3334 1221 3416 juramentis
1234 3332 1442 3398 reformatio
1456 3339 1492 3398 et

259 3441 296 3504 in
320 3440 400 3506 aliis
423 3441 520 3506 vitiis
544 3452 598 3507 est
622 3451 756 3523 secuta,
783 3451 818 3507 et
842 3442 1085 3509 restitutiones
1107 3441 1331 3508 voluntariae
1355 3455 1490 3518 eorum,

261 3565 351 3631 quae
366 3567 428 3630 per
443 3551 559 3615 lusum
574 3550 718 3616 obtenta
732 3550 884 3632 fuerant,
900 3570 922 3616 a
938 3551 1149 3633 quibusdam
1163 3551 1281 3615 factae
1294 3547 1448 3613 fuerunt.

319 3655 410 3721 3333.
453 3657 573 3724 Inalia
585 3659 682 3740 navi,
693 3659 730 3723 in
741 3676 811 3740 qua
823 3656 1033 3724 Patriarcha
1045 3657 1128 3723 etP.
1141 3657 1357 3722 Franciscus
1367 3653 1492 3719 Rodri·

260 3780 351 3845 guez
375 3765 575 3843 veniebant,
601 3765 679 3847 ipso
704 3765 761 3831 die
790 3765 949 3830 Paschae
974 3773 1167 3847 coeperunt
1192 3762 1492 3846 praedicationes,

260 3888 350 3952 quas
362 3871 399 3936 Ρ.
412 3871 627 3938 Franciscus
638 3872 841 3954 Rodriguez
852 3873 1039 3938 dominicis
1053 3881 1088 3938 et
1102 3872 1202 3936 festis
1214 3870 1336 3936 diebus
1347 3877 1402 3933 est
1413 3884 1492 3951 pro·

260 3988 415 4056 secutus;
442 3979 608 4062 profestis
633 3990 751 4045 autem
777 3980 901 4045 diebus
924 3980 1075 4060 singulis
1096 3987 1204 4043 noctu
1228 3978 1272 4043 de
1296 3976 1494 4042 christiana

260 4084 420 4151 doctrina
437 4088 578 4169 agebat,
594 4088 663 4152 nisi
678 4087 819 4170 pluviae
835 4097 895 4152 aut
911 4088 1008 4152 venti
1022 4087 1059 4150 id
1070 4084 1293 4169 impedirent;
1306 4092 1494 4165 aegrotan-

260 4195 354 4259 tibus
380 4204 498 4262 autem
523 4197 672 4262 muitum
694 4196 840 4261 subsidii
861 4204 1064 4260 nostrorum
1088 4194 1247 4259 charitas
1264 4191 1438 4275 praebuit;
1459 4197 1496 4254 et
1597 4228 1601 4234 ·

259 4319 406 4383 prorsus
426 4304 516 4369 haec
533 4303 676 4386 pietatis
696 4303 905 4369 exercitatio
927 4303 964 4367 in
982 4301 1183 4385 hujusmodi
1204 4298 1495 4382 navigationibus

259 4412 528 4491 pernecessaria
548 4411 816 4492 aegrotantibus
836 4419 901 4491 est,
924 4418 961 4474 et
980 4410 1097 4475 adhuc
1122 4425 1193 4474 nou
1218 4423 1344 4488 parum
1364 4407 1496 4470 incom-

304 4617 312 4652 t
342 4619 462 4664 Andreas
472 4619 503 4663 de
515 4616 622 4664 Ovledo.

305 4690 317 4722 ³
344 4689 373 4736 P.
383 4689 497 4745 Joanner
507 4691 539 4735 de
549 4691 685 4746 uezqutta,
697 4691 771 4748 cuius
782 4692 878 4736 mentio
889 4692 961 4736 facta
971 4695 1012 4734 ert
1021 4699 1110 4745 snpra,
1121 4700 1145 4733 n.
1155 4687 1211 4733 8260
1219 4694 1246 4733 et
1256 4698 1346 4744 nuper,
1362 4697 1386 4730 n.
1393 4684 1457 4729 0309.

303 4763 315 4798 ³
342 4761 370 4808 P.
382 4761 503 4809 Andreae
514 4761 662 4816 Galbanum
673 4763 749 4814 ibid„
757 4775 782 4808 n.
792 4763 847 4808 82⁶0
857 4769 883 4808 et
893 4761 956 4808 8829.
