3642 5350
740 418 742 422 ,
806 361 870 421 Au.
893 362 964 421 1556
1445 362 1497 441 l09

267 516 519 589 contemptum,
540 509 603 574 sed
622 519 657 572 et
675 508 888 573 desiderium
912 510 1046 573 nostris
1066 508 1289 573 adstantibus
1309 508 1494 589 reliquisse

270 616 458 694 videretur;
484 634 567 680 nam
592 634 613 679 a
638 615 675 680 P.
697 616 848 681 Rectore
877 616 1089 694 admonitus,
1117 634 1197 680 curn
1216 614 1291 696 jam
1314 616 1351 679 in
1376 632 1492 697 agone

268 724 393 787 mortis
416 733 631 804 versaretur,
658 733 697 788 ut
721 726 814 787 bono
845 724 962 789 animo
990 733 1024 787 et
1049 724 1187 788 sortiter
1212 732 1375 802 certaret,
1405 723 1493 786 nihil

267 829 362 894 aliud
377 847 416 895 se
430 831 555 895 timere
569 832 751 912 respondit
762 849 867 912 quam
883 832 979 895 vitae
995 833 1296 912 prorogationem.
1313 829 1399 910 Ejus
1415 847 1491 893 cor·

267 954 333 1017 pus
346 936 383 1001 in
397 936 602 1002 Cathedrali
624 924 774 1003 ecclesia
798 937 857 1002 Sil
875 940 1070 1016 Laurentii,
1094 939 1229 1002 decano
1249 949 1284 1002 et
1308 938 1494 1006 canonico·

267 1061 346 1108 rum
371 1046 539 1110 universo
563 1046 715 1125 collegio
740 1044 844 1109 sunus
866 1046 1058 1110 comitante
1079 1055 1113 1109 et
1132 1046 1240 1110 animi
1260 1046 1315 1110 sui
1341 1045 1492 1109 benevo-

267 1152 410 1217 lentiam
426 1153 640 1232 declarante,
656 1154 833 1233 sepultum
849 1163 913 1216 est.

326 1258 397 1323 386.
440 1258 628 1325 Admissus
649 1260 765 1323 fuerat
785 1259 908 1340 primis
928 1260 1106 1324 mensibus
1125 1260 1229 1341 huius
1241 1252 1332 1325 ¹anni
1351 1260 1493 1341 quidam

267 1368 380 1432 bonae
391 1368 467 1449 spei
481 1386 524 1431 ac
539 1368 667 1432 indolis
679 1366 821 1447 juvenis
836 1367 985 1431 inbonis
997 1368 1124 1431 litteris
1135 1368 1306 1432 eruditus:
1319 1367 1446 1431 deinde
1457 1368 1494 1431 in

268 1476 351 1540 anni
373 1470 568 1558 'progressu
593 1476 745 1557 quinque
770 1490 922 1556 magnae
943 1477 1200 1556 expectationis
1216 1474 1366 1555 juvenes
1386 1476 1443 1539 vel
1458 1476 1494 1538 in

267 1582 425 1663 Collegio.
444 1582 616 1648 Perusino
637 1583 783 1649 admissi
802 1585 860 1647 vel
879 1582 1031 1648 Romam
1058 1583 1224 1648 destinati
1250 1583 1400 1647 luerunt.
1422 1582 1494 1646 Alii

268 1690 373 1754 etiam
388 1708 458 1755 non
472 1692 577 1772 pauci
590 1690 636 1755 ad
646 1689 834 1755 Societatis
847 1691 1048 1755 institutum
1060 1690 1278 1771 aspirabant.
1296 1690 1364 1769 Qui
1376 1699 1495 1753 autem

269 1796 413 1862 admissi
426 1796 579 1878 fuerunt,
596 1807 631 1861 et
647 1800 707 1879 qui
720 1798 755 1861 id
767 1798 990 1878 expetebant,
1004 1808 1041 1861 ut
1054 1797 1198 1878 ingenio
1212 1796 1261 1860 ita
1273 1805 1308 1859 et
1320 1798 1495 1876 sanguine

268 1904 361 1970 bona
376 1923 421 1969 ex
436 1915 537 1988 parte
556 1906 693 1970 nobiles
708 1916 809 1969 erant
825 1904 844 1969 ¹.
862 1904 982 1969 Nostri
997 1914 1116 1969 tamen
1132 1922 1316 1969 numerum
1331 1903 1494 1967 duodeci·

268 2030 364 2077 mum
378 2012 514 2079 Perusii
528 2032 600 2078 non
611 2014 841 2092 excedebant,
857 2031 924 2076 nec
946 2013 1040 2077 enim
1058 2030 1178 2077 rerum
1197 2010 1445 2092 temporalium
1459 2018 1494 2073 et

268 2121 497 2186 habitationis
512 2122 698 2202 angustiae
712 2136 900 2185 numerum
914 2103 1151 2201 copiosiorem
1165 2120 1338 2184 ferebant.

325 2228 395 2293 387.
439 2228 650 2294 Sacerdotes
668 2229 782 2293 nostri
800 2238 876 2293 toto
898 2246 992 2291 anno
1017 2230 1106 2294 satis
1126 2229 1288 2310 occupati
1307 2230 1343 2294 in
1359 2232 1492 2295 confes·

268 2338 407 2401 sionum
432 2348 468 2403 et
494 2337 780 2401 communionum
805 2336 1001 2413 ministerio
1025 2336 1184 2416 fuerunt,
1210 2338 1274 2400 sed
1303 2338 1494 2419 praecipue

268 2443 570 2525 Quadragesimae
585 2450 619 2509 et
633 2444 802 2526 publicati
814 2443 958 2524 jubilaei
968 2454 1138 2525 tempore,
1152 2462 1222 2525 quo
1238 2446 1301 2508 vix
1316 2446 1493 2526 respirare

268 2552 318 2615 eis
331 2552 472 2618 licebat.
489 2550 560 2616 Sed
575 2553 654 2615 aliis
670 2551 777 2617 etiam
791 2552 1008 2633 temporibus
1030 2561 1254 2616 sacramenta
1269 2552 1494 2634 frequentan-

267 2659 355 2723 tium
367 2677 536 2724 numerus
551 2666 676 2724 auctus
691 2658 767 2740 fuit,
783 2678 849 2724 nec
863 2659 967 2741 pauci
988 2679 1034 2724 ex
1056 2659 1303 2724 confitentibus
1317 2660 1492 2725 revixisse

264 2783 306 2840 ‚se
321 2775 390 2831 eta
406 2775 518 2832 morte
538 2767 574 2832 in
592 2769 705 2832 vitam
728 2769 911 2832 restitutos
936 2767 1056 2848 fuisse,
1081 2768 1175 2848 quod
1194 2770 1326 2832 nostris
1345 2778 1491 2849 peccata

268 2873 421 2939 confessi
435 2885 564 2954 essent,
580 2875 813 2940 testabantur.

326 2980 397 3045 388.
439 2981 479 3046 In
494 2983 724 3047 concionibus
738 2984 846 3047 etiam
860 2990 894 3046 et
919 2999 1045 3046 sacrae
1060 2979 1266 3062 Scripturae
1286 2983 1494 3048 lectionibus

265 3107 337 3156 non
349 3090 562 3170 poenitendo
579 3108 660 3154 cum
671 3089 788 3155 fructu
799 3091 1034 3154 versabantur
1047 3086 1069 3168 ¹,
1086 3099 1123 3152 ut
1136 3091 1319 3152 malevolis
1331 3091 1493 3171 (quorum

267 3205 343 3260 erat
358 3196 495 3262 Perusii
508 3215 579 3261 non
594 3199 744 3278 exiguus
759 3207 954 3278 proventus
965 3195 989 3276 ⁵)
1005 3194 1174 3278 [occasio]
1191 3197 1398 3260 detrahendi
1415 3199 1494 3262 aliis

267 3305 449 3385 praecludi
462 3304 653 3386 videretur,
671 3315 705 3368 et
726 3307 832 3386 longe
852 3307 1051 3387 plusquam
1071 3313 1189 3383 antea,
1212 3314 1285 3367 tam
1304 3306 1494 3371 conciones

267 3429 358 3494 quae
373 3413 495 3477 diebus
509 3411 619 3492 sestis,
644 3431 750 3494 quam
764 3431 854 3493 quae
873 3411 997 3476 diebus
1012 3412 1156 3475 veneris
1175 3410 1409 3492 habebantur,
1427 3412 1493 3476 ire·

268 3520 496 3600 quentabant.

326 3625 397 3690 389.
441 3625 499 3691 Ad
514 3628 614 3706 haec,
632 3627 940 3709 superstitionibus
960 3627 1195 3708 extirpandis,
1219 3625 1344 3708 quibus
1365 3625 1493 3689 civitas

268 3735 327 3798 illa
341 3735 514 3814 scatebat,
530 3752 661 3814 magna
676 3735 858 3816 diligentia
874 3735 1075 3814 utebantur,
1094 3735 1227 3814 scripta
1245 3733 1419 3814 quaedam
1435 3750 1493 3796 ve·

267 3841 473 3906 aeficiorum
508 3851 542 3907 et
572 3843 606 3906 id
640 3860 754 3923 genus
782 3841 939 3924 quotidie
975 3842 1019 3906 ad
1054 3853 1197 3905 nostros
1232 3839 1490 3916 deferebantur,

266 3938 430 4030 quamvis
450 3968 521 4013 non
546 3966 673 4031 parum
699 3951 735 4014 in
762 3949 942 4014 hominum
968 3949 1107 4013 illorum
1138 3949 1265 4012 animis
1289 3946 1491 4026 hujusmodi

265 4057 537 4138 superstitiones
547 4067 752 4138 regnarent.

325 4164 395 4229 390.
439 4164 535 4229 Idem
549 4167 703 4230 studium
718 4167 763 4230 ad
777 4166 995 4230 haereticam
1014 4165 1197 4247 perfidiam
1218 4161 1490 4244 [extirpandam]

266 4273 490 4364 adhibebant;
506 4283 541 4337 et
555 4291 646 4354 quae
658 4291 719 4354 per
735 4275 871 4354 seipsos
885 4274 1005 4338 facere
1020 4291 1092 4338 non
1108 4282 1283 4354 poterant,
1300 4271 1489 4334 hortaban-

306 4479 316 4512 ¹
344 4477 378 4522 Et
389 4479 436 4533 qul
446 4479 475 4524 iri
484 4480 644 4534 expetebant
654 4479 770 4525 additum
781 4487 819 4525 est
830 4482 863 4526 ad
874 4493 946 4525 oram
956 4482 1077 4536 paginae,
1088 4491 1174 4530 mann,
1184 4485 1214 4523 ut
1227 4479 1335 4531 videtur,
1346 4477 1462 4521 Polaucl.

306 4549 319 4582 ¹
344 4549 374 4594 ln
384 4563 432 4596 ms.
442 4558 482 4596 est
492 4551 669 4599 habebantur.

307 4621 319 4656 ⁸
345 4621 412 4668 Vide
422 4625 575 4679 praesertim
587 4637 674 4682 snpra,
687 4632 703 4672 t.
715 4637 752 4680 ur,
763 4639 822 4682 pag.
833 4625 868 4682 tl,
880 4637 895 4669 n
914 4625 949 4680 θός
960 4631 986 4668 et
1006 4624 1031 4668 ln
1041 4624 1089 4668 hoc
1100 4629 1118 4667 t.
1131 4635 1167 4677 vr,
1179 4623 1254 4676 infra,
1266 4634 1290 4666 n.
1300 4622 1351 4665 396.
