3642 5350
320 375 375 445 324
778 373 906 443 Cnaon.
925 370 1003 440 Soc.
1023 371 1094 453 Jas.

321 530 458 596 tonium
481 529 594 595 Doria
609 534 631 611 ¹,
653 527 779 612 quibus
799 527 831 593 ei
846 526 1044 607 Collegium
1070 531 1233 590 nostrum
1248 520 1437 588 Genuense
1458 532 1553 588 com·

324 639 518 717 mendaret,
531 648 566 703 et
581 647 620 701 ut
635 635 897 702 commendatio
912 643 1005 698 esset
1020 632 1209 713 efficacior,
1223 633 1259 696 in
1273 631 1411 712 litteriS,
1425 631 1551 712 quibus

325 747 455 827 agebat
476 746 519 811 de
541 747 621 811 aliis
642 745 806 826 negotiis,
830 744 924 807 hanc
946 741 1302 820 commendationem,
1325 748 1365 804 ut
1379 757 1471 820 quae
1486 739 1554 821 ipsi

323 855 422 919 cordi
437 863 526 935 erat,
544 854 704 918 inseruit.

384 961 472 1026 1322.
515 960 616 1025 Tunc
644 960 860 1026 Panormum
888 970 923 1024 et
950 960 1125 1024 Bibonam
1154 974 1236 1022 cum
1263 956 1341 1038 ipso
1365 955 1484 1037 Duce,
1509 971 1553 1019 ac

321 1068 446 1133 deinde
461 1069 665 1148 Marsalam,
679 1079 717 1133 ut
732 1068 894 1149 superius
909 1066 1063 1132 diximus
1074 1066 1098 1147 ²,
1111 1084 1150 1141 se
1161 1065 1311 1129 contulit
1324 1064 1364 1128 P.
1380 1064 1553 1145 Hierony·

321 1194 410 1257 mus,
428 1186 462 1241 et
476 1177 583 1241 biduo
598 1185 681 1241 ante
696 1175 942 1241 Pentecostem
956 1174 1159 1239 Messanam
1174 1172 1289 1252 rediit,
1307 1181 1344 1237 ut
1359 1170 1552 1237 consessio·

320 1302 403 1349 nem
427 1284 610 1365 Pro-regis
636 1284 784 1348 audiret.
809 1282 854 1348 Et
875 1292 957 1364 post
976 1284 1055 1346 illos
1077 1282 1153 1347 dies
1173 1281 1285 1346 lestos
1306 1279 1495 1345 Cataniam
1518 1288 1554 1344 et

320 1391 520 1473 Syracusas
535 1391 587 1455 ire
607 1390 850 1455 constituerat:
867 1407 950 1454 cum
968 1399 1088 1454 tamen
1102 1389 1138 1453 id
1155 1406 1228 1453 non
1245 1396 1378 1470 posset,
1395 1404 1460 1452 suo
1474 1387 1553 1452 loco

319 1498 358 1563 P.
374 1498 571 1563 Antonium
587 1498 779 1563 Vinchium
794 1498 841 1563 ad
855 1516 897 1563 ea
912 1497 1070 1577 Collegia
1084 1495 1234 1561 visenda
1246 1494 1451 1561 destinavit.

384 1606 470 1670 1323.
515 1606 633 1671 Causa
647 1623 711 1670 cur
730 1623 803 1669 non
821 1605 976 1687 potuerit
996 1604 1186 1686 proficisci,
1202 1620 1299 1667 mors
1320 1602 1385 1667 luit
1404 1602 1450 1668 D.
1466 1602 1553 1667 Fer·

320 1714 466 1810 dinandi
490 1714 533 1779 de
558 1713 673 1795 Vega,
697 1714 757 1795 qui
776 1714 891 1777 irater
913 1722 992 1777 erat
1016 1711 1209 1794 Pro-regis,
1233 1721 1268 1777 et
1288 1728 1394 1794 quem
1417 1712 1493 1793 ipse
1516 1720 1552 1775 et

320 1822 472 1887 Ducissa
501 1822 658 1887 Bibonae
684 1838 910 1901 summopere
938 1820 1144 1902 diligebant;
1174 1822 1338 1903 quamvis
1367 1800 1569 1901 utriusque¹

320 1931 478 1996 dolorem
492 1931 670 2011 mitigavit
685 1930 777 1995 ratio
793 1947 835 1993 ac
851 1928 977 1993 modus
988 1929 1115 1993 mortis
1130 1927 1216 2009 ejus,
1231 1945 1322 2009 quae
1338 1928 1464 1992 merito
1480 1944 1552 1992 ma·

320 2057 428 2121 gnam
442 2056 541 2121 spem
555 2039 782 2103 beatitudinis
797 2047 964 2125 aeternae
975 2038 1020 2101 ab
1035 2054 1079 2101 eo
1091 2038 1341 2120 adipiscendae
1356 2036 1511 2101 faciebat
1526 2034 1550 2098 ⁸.

383 2147 470 2211 1324.
513 2146 668 2211 Ducissa
690 2157 820 2227 autem,
844 2164 935 2228 quae
957 2146 1084 2226 paucis
1105 2155 1188 2209 ante
1207 2144 1330 2209 diebus
1349 2144 1395 2207 ad
1414 2143 1551 2209 conses-

321 2255 430 2319 sionis
446 2265 480 2319 et
495 2254 753 2319 communionis
765 2262 1029 2317 sacramentum
1041 2261 1257 2332 accesserat,
1269 2253 1413 2332 rogavit
1428 2252 1551 2317 nihilo·

320 2364 436 2428 minus
455 2362 493 2427 P.
515 2362 776 2427 Provincialem
790 2370 829 2425 ut
851 2360 897 2424 ad
912 2378 1014 2424 suam
1034 2360 1314 2424 consolationem
1333 2358 1409 2440 ejus
1428 2359 1552 2424 audire

319 2473 427 2535 vellet
451 2470 720 2546 consessionem,
747 2478 782 2532 et
807 2484 931 2531 rursus
951 2468 984 2532 ei
1002 2469 1266 2532 sanctissimam
1285 2467 1549 2532 Eucharistiam

320 2579 594 2657 communicare3
611 2587 645 2641 et
659 2587 734 2641 tam
748 2558 823 2656 ejus
843 2593 950 2656 quam
966 2576 1122 2641 omniurn
1138 2575 1326 2639 mulierum
1341 2574 1551 2640 domestica·

319 2705 398 2752 rum
421 2687 550 2751 auditis
572 2683 869 2764 confessionibuS,
894 2694 930 2748 et
950 2684 1082 2748 Christi
1103 2700 1252 2765 corpore
1273 2684 1548 2764 communicatu,

319 2795 464 2859 uberem
486 2794 648 2859 omnibus
670 2791 950 2857 consolationem
978 2792 1105 2856 attulit.
1133 2790 1421 2856 consolationem
1440 2792 1549 2857 etiam

318 2903 419 2967 verbi
440 2901 543 2966 Deia
565 2901 603 2965 P.
620 2899 735 2965 Otello
756 2901 905 2980 accepit,
929 2899 988 2981 qui
1002 2909 1163 2980 rogatus,
1180 2916 1304 2963 coram
1319 2901 1397 2980 ipsa
1418 2908 1454 2963 et
1473 2899 1548 2981 eJus

317 3009 451 3074 familia
468 3009 700 3075 concionatus
714 3017 779 3071 est.

381 3119 468 3182 1325.
511 3117 700 3181 Allocutus
728 3123 781 3180 est
810 3132 932 3179 mense
958 3114 1063 3198 Junio
1090 3111 1283 3179 Dominum
1306 3115 1480 3199 Joannem
1504 3106 1569 3181 de

317 3227 499 3306 Mendoza,
523 3227 649 3290 classis
667 3222 900 3307 praefectum,
924 3221 1084 3303 Pro-rex,
1105 3230 1144 3286 ut
1163 3222 1200 3287 P.
1229 3222 1491 3288 Provincialem
1511 3224 1548 3288 in

316 3335 527 3415 Hispaniam
551 3332 715 3413 deferret,
744 3341 778 3396 et
798 3330 1070 3396 commendabat
1093 3329 1131 3394 P.
1153 3330 1373 3412 Hieronymo
1393 3348 1547 3413 corpora

280 3527 283 3534 Ι
314 3441 492 3506 Dominae
505 3441 692 3506 Leonorae
706 3449 742 3504 et
755 3439 848 3504 filiae
863 3437 875 3469 ⁴
889 3437 966 3519 ejus
977 3447 1015 3502 ut
1027 3456 1081 3517 ea,
1095 3438 1131 3502 in
1142 3438 1354 3520 Hispaniam
1364 3439 1494 3521 delata,
1510 3440 1547 3504 in

355 3650 364 3684 ¹
392 3649 460 3694 Vide
471 3659 559 3704 supra,
570 3659 631 3704 pag.
642 3647 691 3702 171,
699 3659 722 3693 n.
732 3647 784 3692 62⁹.

353 3721 365 3753 ¹
393 3720 554 3776 Pagalan.
568 3721 628 3766 1074.

352 3793 364 3824 ³
392 3793 462 3838 Obiit
476 3793 655 3839 Ferdinandus
669 3793 700 3837 de
715 3791 798 3848 vega,
815 3791 949 3844 Pro-reaia
964 3790 1069 3837 Siclliae
1089 3792 1181 3850 trater,
1192 3793 1336 3851 Bruxellls,
1348 3795 1374 3840 in
1390 3795 1470 3853 Regu
1486 3795 1546 3844 Plri-

312 3865 375 3920 lippl
385 3866 466 3918 curia,
476 3877 563 3910 mense
573 3865 741 3920 Malo-“Del
751 3865 792 3909 Sr.
803 3865 943 3910 Hcrnando
958 3864 989 3908 de
1002 3865 1079 3920 Vena
1091 3877 1207 3912 craemos
1221 3871 1282 3912 scra
1297 3868 1407 3913 avlaado
1423 3869 1450 3915 S.
1460 3870 1545 3917 sxa·

313 3937 362 3982 Por
371 3949 423 3983 una
433 3949 481 3993 que
492 3937 552 3994 aqui
563 3949 597 3982 va
613 3938 754 3983 entendera
765 3937 798 3981 V.
808 3937 841 3982 R.
852 3941 925 3982 como
936 3939 994 3981 esta
1009 3949 1103 3982 acerca
1118 3939 1160 3982 del
1174 3937 1206 3982 tl.
1217 3939 1302 3984 Pedro
1310 3941 1343 3984 tle
1357 3939 1544 3994 Ribadenelra,

312 4023 328 4066 y
339 4020 372 4053 un
382 4021 446 4064 poco
456 4021 505 4065 que
515 4022 543 4054 se
554 4015 648 4064 aparte
659 4022 692 4054 un
703 4010 746 4055 dia
756 4010 797 4054 del
807 4020 874 4064 para
884 4009 1005 4064 predicar
1014 4021 1046 4053 en
1056 4009 1184 4063 Lovanlo,
1195 4011 1219 4054 le
1234 4010 1355 4056 lnvlaron
1365 4016 1381 4056 tt
1391 4013 1486 4058 llamar
1494 4025 1545 4070 por

312 4083 337 4124 la
347 4087 423 4136 posta
433 4082 463 4125 de
474 4082 590 4126 caballos
601 4082 697 4136 llgeros
707 4093 755 4137 por
770 4082 849 4126 orden
860 4081 902 4124 del
917 4079 1004 4124 Conde
1015 4081 1046 4124 de
1061 4080 1149 4126 Ferla.
1159 4081 1200 4126 Da
1215 4094 1247 4126 no
1262 4094 1350 4128 menon
1359 4084 1511 4130 edificaclon
1528 4099 1546 4144 y

311 4152 471 4197 admiraclon
481 4165 511 4197 so
521 4154 673 4199 constancia
684 4166 701 4210 y
712 4152 846 4208 paciencla
856 4165 874 4209 y
885 4152 1063 4196 conlormldad
1073 4164 1121 4197 con
1131 4153 1158 4197 la
1168 4155 1293 4198 voluntad
1304 4155 1401 4210 dlvlna,
1412 4169 1461 4212 qne
1474 4169 1541 4202 com·

311 4224 402 4278 paslon
413 4226 437 4268 el
448 4225 575 4276 desaatre,
585 4224 608 4269 al
618 4227 656 4269 tal
671 4237 698 4269 se
712 4227 747 4268 na
761 4225 791 4268 de
807 4225 902 4268 llamar
918 4225 945 4268 la
959 4223 1098 4268 rlsltaclon
1108 4224 1140 4268 de
1153 4223 1217 4269 Dios
1230 4231 1337 4270 nuestro
1352 4227 1434 4272 Senor
1450 4232 1465 4272 a
1480 4231 1542 4275 toda

311 4297 416 4350 aquella
425 4303 508 4341 corte.
519 4296 622 4341 Haeese
638 4295 744 4341 oracion
754 4307 800 4350 por
816 4298 840 4340 el
853 4307 885 4339 en
899 4302 957 4340 esta
973 4306 1036 4340 casa
1050 4296 1187 4353 ycoleglo,
1202 4309 1257 4353 yse
1267 4297 1334 4342 bart
1348 4299 1484 4354 todavla.„
1494 4301 1542 4346 Po·

310 4372 408 4420 lancos,
419 4380 453 4413 ex
462 4381 537 4422 corn„
547 4369 622 4413 Patrl
634 4367 792 4425 Hieronymo
803 4367 959 4420 Domeneclt,
969 4368 998 4410 20
1006 4367 1170 4422 Mali-Vlde
1180 4372 1260 4413 etiam
1275 4370 1380 4415 litterae
1395 4371 1484 4417 Patrla
1493 4371 1542 4417 Pe-

311 4441 345 4484 tri
355 4440 386 4484 de
397 4439 573 4485 Rivadenelra
582 4441 615 4485 ad
626 4439 763 4495 ignatium,
773 4439 904 4483 Bruxellls
914 4440 992 4484 datas
1006 4439 1058 4484 27.l
1067 4448 1094 4484 et
1104 4441 1154 4484 2¹8!
1164 4440 1274 4496 Aprllls,
1281 4442 1307 4485 ln
1318 4441 1466 4498 Dncrtncrt,
1477 4445 1497 4489 l.
1508 4455 1543 4501 c..

309 4523 369 4566 pag.
378 4511 413 4564 48;
425 4518 451 4556 et
461 4511 555 4567 lgnatil
566 4513 599 4556 ad
609 4511 733 4565 Joannem
743 4511 774 4555 de
786 4511 862 4566 Vega
876 4512 1074 4566 consolatorias,
1086 4512 1112 4556 ln
1128 4511 1224 4557 Canas
1234 4513 1268 4557 de
1279 4513 1335 4558 San
1346 4514 1464 4569 Igaacto,
1476 4523 1497 4562 t.
1507 4527 1543 4571 vr,

310 4595 372 4638 pag.
382 4583 429 4627 279.
440 4583 503 4629 Rern
514 4590 597 4629 totam
607 4591 698 4628 narrat
710 4583 836 4628 Polancus
846 4584 924 4637 inira,
934 4595 950 4628 a
962 4595 986 4628 n.
1000 4584 1059 4628 1977.

349 4655 361 4690 ⁴
387 4655 504 4710 “Quanto
518 4657 564 4702 alli
581 4657 652 4712 corpl
668 4656 736 4701 della
753 4654 864 4710 Signata
883 4655 976 4700 Donna
992 4654 1112 4703 Leonoru
1126 4657 1177 4714 (eh'
1191 4660 1205 4702 e
1221 4658 1247 4703 ln
1263 4659 1360 4716 cloria)
1378 4672 1391 4705 e
1408 4661 1478 4707 della
1495 4673 1542 4708 auu
