3642 5350
353 392 409 450 478
810 393 938 453 Canon.
959 393 1036 457 Soc.
1057 394 1128 467 Jns.

412 536 503 602 2056.
547 536 649 603 Multi
663 538 803 603 interim
818 548 1024 605 nostrorum
1039 557 1149 621 opera
1164 559 1185 604 a
1200 540 1296 605 vitiis
1310 550 1345 606 et
1355 542 1514 623 peccatis
1525 560 1582 624 pe·

352 648 433 711 dem
444 648 675 727 revocabant,
689 658 723 711 et
734 647 976 711 confitentium
988 665 1184 711 concursus
1193 666 1264 712 non
1272 648 1472 729 mediocris,
1483 666 1582 730 prae·

351 755 475 819 sertim
491 754 613 819 diebus
627 755 738 835 festis,
754 768 844 835 erat;
861 772 927 819 nec
941 756 1057 819 solum
1071 756 1107 819 in
1119 756 1270 837 templis,
1286 757 1350 820 sed
1364 757 1472 821 etiam
1486 756 1582 821 domi

351 860 496 927 nostrae
518 871 552 925 et
578 863 768 943 aliquando
789 862 1035 927 remotissimis
1057 864 1296 943 amplissimae
1315 863 1409 927 illius
1423 864 1581 929 civitatis

351 969 452 1049 locis,
469 970 607 1050 aliquae
622 978 805 1033 matronae
817 970 965 1048 nobileS,
978 970 1060 1033 licet
1071 970 1234 1050 proprios
1246 970 1330 1033 alibi
1342 970 1580 1035 confessarios

352 1077 536 1156 haberent,
561 1078 700 1143 consilii
719 1087 752 1140 et
772 1076 895 1140 auxilii
920 1076 1114 1157 spiritualis
1133 1077 1251 1155 gratia
1276 1077 1322 1140 ad
1343 1076 1579 1141 confitendum

351 1184 483 1249 nostris
497 1184 675 1247 ferventer
690 1183 917 1247 accedebant.

411 1290 503 1355 2067.
547 1290 625 1355 Viri
635 1301 752 1354 autem
765 1291 935 1371 primarii,
948 1292 1007 1371 qui
1019 1293 1138 1371 palam
1149 1291 1264 1355 videri
1275 1291 1451 1370 nolebant,
1464 1290 1502 1355 P.
1514 1289 1578 1355 Pa·

349 1398 544 1477 schasium,
556 1397 827 1477 Provincialem,
842 1399 888 1461 ad
899 1416 938 1462 se
950 1398 1187 1475 advocabant,
1197 1407 1233 1461 et
1244 1398 1578 1462 tantamexconies·

350 1506 510 1571 sionibus
524 1505 688 1585 permulti
702 1522 825 1585 pacem
843 1517 876 1568 et
898 1505 1008 1568 animi
1022 1506 1302 1572 consolationem
1322 1505 1578 1586 percipiebant,

350 1622 388 1677 ut
408 1621 493 1677 tunc
513 1613 652 1676 demum
670 1612 829 1692 coepisse
844 1630 882 1675 se
898 1612 1032 1691 vivere,
1049 1622 1083 1675 et
1098 1612 1253 1676 libertati
1268 1613 1389 1677 donati
1404 1630 1494 1691 esse,
1511 1613 1579 1675 sibi

350 1722 568 1785 viderentur.
653 1712 656 1717 ’

248 1819 250 1825 ’
408 1826 499 1891 2058.
543 1826 807 1891 Pernoctabant
828 1826 968 1889 interim
988 1827 1100 1889 nostri
1119 1828 1213 1907 apud
1236 1828 1445 1906 morientes,
1466 1836 1504 1889 ut
1526 1828 1578 1890 eis

348 1935 566 2011 assisterent,
583 1933 678 2014 quod
692 1951 763 1996 non
782 1936 895 1997 solum
915 1951 996 1997 cum
1014 1934 1172 2015 ipsorum
1193 1932 1329 2013 fructu,
1346 1933 1408 1997 sed
1428 1933 1576 1997 familia·

349 2060 429 2106 rum
444 2042 551 2105 etiam
565 2042 741 2105 interdum
756 2041 872 2104 fiebat.
890 2040 969 2103 Non
983 2043 1099 2105 solum
1113 2052 1231 2105 autem
1246 2058 1318 2118 eos,
1335 2042 1395 2122 qui
1410 2041 1447 2104 in
1461 2049 1576 2104 custo·

348 2148 418 2214 diis
432 2149 582 2230 publicis
596 2148 854 2225 detinebantur,
871 2149 907 2211 in
923 2148 1029 2211 rebus
1042 2148 1285 2227 spiritualibus
1296 2147 1434 2229 juvare,
1455 2148 1518 2211 sed
1539 2148 1576 2210 in

349 2257 604 2337 temporalibus
619 2258 724 2319 etiam
740 2256 865 2333 nostri,
882 2273 925 2319 ac
941 2257 1131 2336 praecipue
1147 2256 1184 2318 P.
1201 2254 1428 2333 Paschasius
1444 2255 1576 2336 niteba-

350 2377 419 2443 tur;
434 2373 683 2445 praeterquam
698 2364 789 2444 quod
807 2364 946 2426 animae
962 2381 983 2425 a
1003 2363 1177 2443 gravibus
1194 2372 1425 2443 peccatorum
1441 2363 1577 2427 catenis

348 2472 600 2549 liberabantur,
617 2488 740 2537 eorum
754 2470 870 2533 inedia
885 2470 1046 2549 etjmorbi
1057 2470 1231 2534 charitate
1243 2469 1280 2534 P.
1297 2470 1482 2534 Paschasii
1497 2471 1576 2533 sub-

347 2580 547 2658 levabatur,
569 2587 602 2641 et
621 2578 729 2659 aliqui
748 2578 793 2641 ob
812 2578 980 2656 exiguam
999 2578 1171 2657 pecuniae
1186 2594 1360 2642 summam
1381 2579 1577 2642 incarcere

348 2689 487 2766 retenti,
503 2687 665 2769 quaesita
679 2686 914 2767 undequaque
929 2685 1096 2766 pecunia,
1114 2686 1159 2749 ab
1178 2687 1302 2750 eodem
1321 2687 1573 2750 liberabantur.

347 2795 633 2860 Consolationem
648 2793 754 2856 etiam
771 2792 888 2857 multis
903 2802 938 2856 et
949 2793 1105 2857 remedia
1118 2802 1243 2858 contra
1254 2794 1422 2858 vitiorum
1433 2794 1576 2858 morbos

349 2901 531 2966 afferebat.

406 3007 497 3072 2059.
541 3008 635 3071 Inter
656 3007 811 3088 aliquos,
833 3009 892 3087 qui
911 3007 1108 3088 spiritualia
1133 3010 1303 3072 exercitia
1329 3016 1573 3089 susceperunt,

346 3117 402 3178 vir
418 3115 560 3195 quidam
574 3115 698 3194 gravis
713 3114 793 3194 init,
809 3115 869 3194 qui
889 3131 970 3178 cum
989 3115 1185 3178 studiorum
1206 3117 1318 3179 amori
1338 3132 1462 3180 curam
1481 3132 1574 3179 coru·

348 3223 450 3286 missi
475 3223 541 3285 sibi
565 3223 687 3302 gregis
712 3223 992 3302 posthabuisset,
1019 3224 1088 3286 hoc
1111 3232 1147 3285 et
1171 3223 1251 3286 aliis
1275 3223 1350 3286 suis
1380 3223 1576 3302 defectibus

347 3329 491 3409 agnitiS,
508 3329 554 3393 ad
569 3347 653 3392 suas
668 3347 756 3392 oves
770 3329 970 3410 pascendas
984 3331 1104 3394 statim
1119 3329 1233 3394 rediit.

405 3435 495 3501 2060.
539 3436 681 3501 Indicae
694 3438 833 3501 litterae
848 3436 961 3500 Roma
981 3437 1110 3501 missae
1125 3437 1171 3500 ad
1191 3436 1228 3501 P.
1249 3437 1482 3502 Paschasium
1501 3438 1573 3503 sue·

346 3555 446 3608 rant:
474 3562 555 3608 cum
580 3553 697 3610 autern
718 3546 800 3608 illae
822 3545 857 3608 in
878 3545 1046 3625 gallicum
1068 3545 1199 3609 idioma
1221 3562 1349 3609 versae
1366 3545 1516 3610 fuissent
1538 3558 1573 3610 et

345 3652 440 3734 typis
455 3653 657 3727 mandatae,
674 3671 694 3720 a
710 3670 781 3715 non
795 3652 921 3731 paucis
935 3669 1017 3715 cum
1030 3652 1265 3716 admiratione
1279 3662 1314 3715 et
1329 3651 1575 3717 aedificatione

344 3776 477 3839 magna
489 3759 708 3839 legebantur.

404 3865 493 3928 2061.
536 3865 705 3930 Meretrix
720 3866 895 3946 quaedam
910 3877 987 3928 erat
1001 3865 1151 3944 insignis
1170 3865 1332 3946 Parisiis,
1347 3883 1439 3947 quae
1453 3867 1573 3931 multis

344 3975 469 4037 ruinae
484 3984 519 4037 et
539 3973 754 4054 flagitiorum
779 3989 889 4036 causa
910 3973 1105 4037 dicebatur.
1122 3971 1193 4036 Sed
1211 3991 1292 4038 cum
1312 3975 1349 4037 in
1366 3991 1495 4039 manus
1512 3992 1572 4038 no·

343 4091 500 4146 strorum
514 4081 705 4159 incidisset,
722 4097 776 4161 ea,
793 4082 836 4144 de
851 4078 952 4159 cujus
965 4081 1011 4144 ad
1026 4079 1141 4143 Deum
1157 4082 1390 4146 conversione
1410 4083 1573 4162 despera·

343 4191 448 4254 batur
463 4207 484 4251 a
496 4189 626 4267 multiS,
639 4189 691 4252 sic
705 4188 816 4268 digito
828 4186 972 4250 Domini
983 4198 1160 4252 commota
1170 4186 1246 4267 suit,
1259 4197 1297 4252 ut
1309 4188 1354 4252 ad
1365 4177 1573 4254 coenobium

343 4296 610 4376 poenitentium,
628 4312 767 4359 summa
781 4312 861 4359 cum
876 4293 1111 4373 festinatione,
1128 4311 1167 4358 se
1182 4295 1371 4359 conferret.

316 4383 325 4404 ‘
403 4403 494 4467 2062.
539 4403 628 4468 Cum
647 4411 765 4466 autem
780 4403 898 4482 gratia
911 4401 1055 4481 Jubilaei
1069 4403 1135 4466 sub
1153 4403 1293 4467 initium
1306 4402 1402 4486 Junii
1421 4405 1571 4484 promul·

342 4521 429 4590 gata
444 4519 538 4575 esset
553 4506 715 4589 ParisiiS,
731 4526 948 4602 magnopere
964 4526 1115 4574 messem
1130 4509 1372 4574 confitentium
1387 4512 1495 4575 auxit.

403 4617 495 4680 2063.
539 4617 607 4697 Qui
621 4627 765 4682 nostros
787 4635 832 4682 ex
852 4617 969 4682 Gallia
983 4618 1112 4697 expelli
1131 4617 1322 4697 aliquando
1342 4629 1569 4702 curaverant,
