3642 5350
795 438 859 497 An.
881 438 952 498 1556
1430 440 1487 499 473

253 585 348 651 illius
372 584 529 649 civitatis
557 583 777 665 spiritualem
808 584 996 648 utilitatem
1023 584 1059 648 id
1091 585 1371 649 redundaturum
1405 603 1485 651 esse

256 692 436 775 sperabat.
1092 676 1110 685 “

315 799 405 863 2034.
449 798 568 864 iverat
591 798 732 862 Insulas
755 796 793 859 Ρ.
820 798 1035 878 BernarduS,
1063 798 1123 863 ubi
1147 799 1293 863 infesto
1317 800 1487 863 Euchari-

255 907 346 971 stiae
367 915 403 970 et
421 924 485 987 per
504 914 652 969 octavas
671 904 902 968 concionatus
927 915 991 982 est,
1016 914 1051 968 et
1076 907 1261 969 crescebat
1284 906 1486 971 auditorum

256 1031 423 1079 numerus
447 1014 483 1076 in
509 1012 600 1090 dies,
626 1021 662 1074 et
678 1020 714 1074 ut
740 1012 790 1074 eis
816 1010 1020 1090 satisfieret,
1047 1013 1104 1077 die
1128 1014 1252 1077 ultimo
1287 1014 1324 1077 in
1347 1013 1486 1078 duabus

254 1121 416 1185 ecclesiis
430 1119 608 1200 primariis
623 1118 827 1181 concionari
842 1118 972 1194 debuit,
986 1128 1020 1181 et
1031 1119 1094 1182 vix
1106 1120 1295 1200 capiebant
1305 1120 1484 1185 confluen-

256 1228 341 1291 tium
358 1227 539 1290 hominum
554 1224 824 1288 multitudinem:
839 1235 873 1287 et
891 1243 937 1287 ex
955 1226 1097 1305 Gauda,
1118 1226 1289 1290 tredecim
1308 1228 1418 1291 leucis
1436 1228 1484 1290 di·

256 1345 389 1415 stante,
406 1343 441 1397 et
455 1334 534 1397 aliis
549 1333 668 1397 multis
682 1332 780 1410 lociS,
798 1351 818 1395 a
834 1332 957 1409 tribus,
975 1343 1126 1412 quatuor
1142 1344 1177 1397 et
1192 1336 1346 1415 quinque
1361 1334 1483 1414 leucis,

253 1450 293 1506 ut
306 1442 456 1505 verbum
470 1440 538 1517 Dei
553 1440 597 1502 ab
613 1456 655 1502 eo
671 1439 844 1518 audirent,
862 1439 1024 1503 homines
1039 1441 1241 1504 veniebant.

313 1547 404 1613 2035.
449 1546 680 1627 Magistratus
704 1555 822 1609 autem
847 1546 941 1609 misit
966 1547 1011 1610 ad
1036 1547 1174 1626 gratias
1199 1548 1231 1610 ei
1256 1548 1426 1627 agendas
1450 1557 1485 1612 et

254 1655 338 1737 quia
354 1656 600 1718 intellexerant
615 1663 757 1718 nostros
773 1654 960 1733 pecuniam
975 1671 1046 1716 non
1061 1653 1263 1733 admittere,
1280 1655 1403 1718 vinum
1424 1657 1486 1718 ho·

254 1762 437 1826 notarium
451 1779 516 1841 pro
530 1778 595 1823 suo
612 1777 708 1823 more
724 1760 770 1822 ad
791 1777 871 1823 eum
891 1760 1064 1823 miserunt
1081 1761 1119 1823 in
1138 1761 1279 1840 signum
1299 1762 1432 1825 amoris
1450 1770 1484 1824 et

254 1868 525 1945 consolationiS,
549 1884 655 1947 quam
674 1884 719 1930 ex
740 1864 816 1944 ejus
836 1867 1066 1930 concionibus
1086 1877 1314 1947 acceperant;
1337 1867 1400 1931 sed
1418 1885 1484 1931 nec

255 1977 378 2039 vinum
400 1975 541 2056 quidem
563 1973 704 2037 admisit
726 1972 762 2035 P.
788 1972 991 2037 Bernardus
1015 1975 1035 2052 ¹,
1056 1972 1243 2037 Societatis
1262 1975 1482 2038 consuetudi·

256 2100 337 2146 nem
350 2084 556 2159 obtendens;
569 2091 603 2144 et
615 2082 698 2161 quia
710 2089 940 2159 rogaverant,
955 2091 1004 2156 ut,
1018 2083 1206 2162 quamcito
1218 2090 1348 2162 posset,
1366 2083 1411 2145 ad
1422 2098 1484 2145 eos

257 2190 406 2268 rediret,
422 2207 504 2253 cum
518 2204 650 2267 magna
672 2188 797 2251 messis
818 2199 945 2268 parata
965 2199 1074 2268 esset,
1098 2189 1248 2269 recepit,
1272 2206 1353 2253 cum
1368 2188 1435 2252 sibi
1450 2187 1486 2250 id

254 2296 481 2360 commodum
496 2304 604 2375 esset,
620 2294 807 2358 facturum.

315 2402 407 2467 2036.
449 2403 512 2467 Est
526 2402 593 2482 ipsi
608 2404 769 2480 relatum,
784 2400 877 2482 quod
889 2401 1058 2466 haeretici
1071 2404 1171 2466 multi
1181 2403 1319 2468 confusi
1330 2403 1483 2481 fuerant,

254 2519 290 2573 et
301 2510 510 2573 vacillantes
522 2509 690 2573 catholici
701 2509 737 2572 in
748 2508 815 2572 fide
827 2507 1039 2589 confirmati;
1053 2521 1088 2573 et
1101 2507 1313 2591 [constabat]
1326 2512 1416 2573 alios
1427 2527 1485 2573 ex·

253 2618 385 2682 citatos
399 2616 444 2680 ad
459 2616 678 2698 frequentem
693 2632 795 2679 usum
811 2615 1047 2681 confessionis
1062 2627 1096 2680 et
1117 2618 1375 2682 communionis
1391 2614 1485 2699 [fuis-

255 2722 318 2805 se].
334 2723 424 2788 Cum
435 2733 554 2787 autem
565 2723 813 2804 deportaretur
826 2723 861 2786 in
876 2724 1105 2804 processione
1120 2725 1262 2805 publica
1276 2723 1340 2788 S.¹¹¹
1360 2723 1485 2789 Sacra·

257 2841 414 2894 mentum
426 2831 503 2911 ipso
516 2831 571 2893 dre
584 2841 746 2908 octavae,
759 2847 856 2894 nova
868 2842 902 2893 et
914 2831 1056 2912 insolita
1070 2833 1270 2895 reverentia
1287 2849 1330 2895 ac
1342 2831 1485 2895 devotio

257 2939 295 3000 in
312 2937 514 3000 hominibus
536 2936 726 3000 observata
742 2947 806 3000 est.
827 2937 1047 3017 Praecipuus
1067 2947 1186 3002 tamen
1201 2937 1338 3002 fructus
1354 2940 1390 3004 in
1405 2956 1484 3002 con·

255 3045 466 3108 sessionibus
481 3044 600 3123 colligi
615 3044 815 3123 videbatur,
832 3061 933 3125 quaa,
947 3056 1093 3125 peracta
1105 3046 1288 3123 concione,
1306 3047 1484 3109 audiebat.

315 3151 406 3215 2037.
450 3150 584 3216 Eodem
604 3151 660 3213 die
682 3151 716 3214 in
739 3153 856 3214 locum
876 3149 1036 3230 Torquin
1057 3170 1097 3216 se
1116 3154 1281 3228 contulit,
1302 3162 1341 3216 ut
1362 3153 1486 3216 diebus

255 3259 484 3339 sequentibus
504 3259 797 3338 concionaretur;
824 3267 859 3320 et
879 3259 1043 3339 quamvis
1057 3259 1175 3324 festivi
1197 3270 1402 3339 nouerant,
1419 3260 1486 3323 fre·

257 3366 525 3448 quentissimum
540 3375 658 3428 tamen
672 3366 796 3429 babuit
811 3365 1040 3444 auditorium,
1064 3377 1099 3430 et
1115 3368 1286 3431 absolutis
1309 3367 1486 3432 concioni·

255 3474 337 3552 buS,
354 3474 445 3554 quod
462 3473 636 3553 reliquum
651 3482 727 3536 erat
746 3472 833 3552 diei,
854 3473 1138 3538 confessionibus
1153 3476 1337 3538 audiendis
1353 3476 1485 3555 impen-

254 3581 371 3645 debat.

315 3687 405 3752 2038.
449 3688 504 3752 Ex
522 3689 649 3752 insulis
664 3697 770 3768 atque
790 3688 869 3750 aliis
888 3689 976 3750 locis
991 3688 1099 3752 etiam
1114 3689 1361 3752 remotioribus
1377 3688 1487 3768 aliqui

256 3795 397 3859 adeum
412 3797 469 3858 vel
484 3795 672 3859 confitendi
691 3798 749 3859 vel
768 3812 874 3858 casus
894 3794 1100 3859 conferendi
1116 3796 1234 3876 gratia
1255 3796 1484 3858 accedebant.

255 3903 301 3968 Et
322 3903 399 3982 ipso
422 3903 458 3965 in
482 3903 607 3966 itinere
632 3902 723 3966 forte
742 3903 862 3983 plures
884 3919 991 3981 quam
1010 3902 1268 3983 quinquaginta
1291 3903 1336 3965 ab
1357 3903 1486 3966 insulis

257 4027 368 4091 usque
382 4008 538 4090 Torquin
554 4026 634 4072 eum
649 4009 807 4072 comitati
823 4017 915 4088 sunt;
930 4017 965 4072 et
979 4026 1072 4072 nunc
1088 4009 1154 4089 his,
1171 4026 1264 4072 nunc
1279 4009 1359 4086 illis,
1373 4017 1411 4071 ut
1426 4025 1485 4087 po·

257 4125 349 4180 terat
363 4115 617 4181 satisfaciebat.
638 4115 781 4180 Etcum
802 4116 927 4179 ultimo
951 4116 1238 4196 torquinensibus
1258 4116 1484 4180 concionare-

256 4233 325 4303 tur,
342 4222 518 4286 rediturus
533 4223 751 4302 Tornacum,
768 4234 806 4286 ut
821 4223 868 4284 ibi
880 4220 983 4302 juxta
998 4223 1270 4302 promissionem
1285 4240 1388 4285 suam
1403 4239 1484 4284 con·

254 4329 474 4409 cionaretur,
497 4338 688 4410 antequam
707 4330 839 4394 rediret
857 4329 1060 4409 Bruxellas;
1081 4330 1118 4393 in
1137 4331 1205 4394 boc
1230 4331 1338 4394 etiam
1360 4330 1485 4392 itinere

299 4535 307 4568 ¹
334 4534 362 4578 In
372 4546 420 4579 ms.
430 4535 526 4589 legitur
537 4533 704 4584 leonardus,
714 4534 758 4577 sed
769 4533 822 4577 sine
834 4535 911 4578 dubio
922 4546 995 4578 error
1006 4536 1106 4580 librarll
1117 4543 1166 4589 est;
1176 4547 1235 4580 nam
1246 4536 1277 4579 de
1288 4535 1377 4578 eodem
1387 4535 1486 4588 agitur,

254 4608 299 4660 qui
310 4607 334 4650 ln
345 4607 520 4662 superloribus
530 4605 703 4660 paragraphis
715 4605 863 4649 Bernardus
876 4609 1032 4661 appellatur,
1046 4613 1136 4662 eatque
1153 4607 1179 4652 Ρ.
1190 4607 1338 4652 Bernardua
1348 4605 1486 4658 Ollveriua;

255 4689 304 4722 nec
314 4678 339 4722 fn
350 4685 405 4722 tota
416 4679 465 4722 bac
476 4677 667 4722 tornacenalum
676 4676 805 4720 coelorum
813 4679 965 4722 narratione
973 4679 1072 4733 uspiam
1081 4678 1233 4724 Leonardus
1244 4678 1337 4734 aliquis
1347 4677 1486 4735 reperitur.
