3642 5350
777 474 842 535 Art.
863 474 934 536 1556
1416 479 1468 541 aot

298 618 389 684 3432.
433 618 585 700 Quidam
599 637 644 685 ex
658 622 842 702 gentilium
854 621 1100 687 sacerdotibus
1109 630 1172 687 aut
1183 624 1366 705 ministris,
1379 643 1469 708 quos

240 726 352 810 Jogos
367 728 377 762 ¹
390 736 534 809 vocant,
546 729 593 792 ad
607 728 706 793 illum
716 737 869 794 tractum
884 728 1097 794 Peschariae
1109 731 1266 811 veniens,
1283 750 1321 796 se
1336 733 1469 815 aliquo·
1565 798 1573 811 ,

242 834 309 900 ties
323 843 501 900 mortuum
523 852 601 900 esse
620 844 655 899 et
673 837 924 901 resuscitatum
938 856 962 900 a
975 836 1064 917 Deo,
1085 848 1121 903 et
1139 840 1285 903 missum
1300 840 1346 906 ad
1360 841 1468 906 homi-

242 959 306 1007 nes
326 941 509 1008 docendos
528 941 738 1023 affirmabat;
754 952 789 1009 et
802 943 893 1008 haec
912 944 949 1008 in
968 945 1179 1026 quibusdam
1193 946 1470 1015 christianorum

241 1050 393 1132 populis,
410 1050 504 1133 apud
519 1066 609 1131 quos
627 1050 735 1115 etiam
753 1052 904 1132 gentiles
919 1051 1138 1133 habitabant,
1154 1054 1207 1117 sic
1221 1055 1468 1133 mentiebatur,

240 1166 279 1221 ut
294 1166 414 1223 tamen
428 1175 500 1222 non
513 1158 617 1241 pauci
632 1156 706 1238 ejus
721 1159 840 1223 verbis
860 1158 966 1223 fidem
985 1159 1166 1240 haberent,
1184 1140 1279 1243 quod
1294 1164 1469 1244 quaedam

240 1264 371 1330 indicia
385 1266 422 1330 in
433 1266 511 1348 ipso
523 1276 747 1349 apparerent,
760 1266 888 1348 quibus
898 1276 1059 1333 mortuus
1069 1269 1179 1334 fuisse
1192 1271 1405 1351 quibusdam
1419 1272 1469 1336 vi·

241 1374 318 1439 deri
331 1383 483 1456 poterat.

298 1478 390 1545 3433.
421 1480 523 1546 -Cum
537 1480 626 1546 haec
639 1481 869 1546 intellexisset
882 1481 922 1547 P.
937 1481 1125 1564 HenricuS,
1138 1483 1298 1549 Punicali
1310 1486 1357 1550 ad
1370 1486 1468 1570 oppi-

239 1588 322 1653 dum
341 1587 504 1667 Bembar,
526 1588 585 1652 ubi
604 1589 662 1653 hic
680 1588 793 1671 Jogus
811 1598 900 1669 erat,
917 1598 998 1653 octo
1012 1590 1124 1655 leucis
1145 1591 1305 1656 Punicali
1319 1592 1467 1674 distanS,

237 1695 418 1777 profectus
432 1706 497 1775 est,
513 1696 616 1761 ethis
635 1714 716 1761 curn
730 1697 790 1761 illo
804 1696 944 1761 locutus
958 1714 1082 1763 coram
1095 1699 1275 1780 primariis
1288 1709 1362 1766 tam
1377 1701 1467 1767 chri·

240 1803 438 1867 stianorum
452 1821 559 1885 quam
577 1804 762 1886 gentilium
780 1802 856 1887 ejus
875 1805 1006 1887 populi,
1023 1806 1059 1869 id
1074 1806 1200 1889 effecit,
1217 1805 1294 1871 Deo
1307 1806 1466 1889 iuvante,

240 1922 278 1976 ut
293 1931 417 1979 omnes
431 1913 529 1977 illum
542 1912 672 1977 falsum
683 1929 762 1976 esse
773 1912 983 1993 prophetam
994 1913 1241 1995 intelligerent,
1254 1915 1314 1995 qui
1325 1934 1396 1980 non
1407 1917 1467 1981 ho·

239 2021 372 2086 minum
396 2021 690 2101 emendationem,
716 2020 778 2084 sed
800 2010 988 2100 pecuniam
1006 2020 1052 2085 ab
1071 2021 1123 2085 eis
1147 2030 1359 2103 extorquere
1379 2024 1466 2088 nite·

237 2139 348 2195 retur.

296 2236 388 2301 3434.
431 2236 534 2301 Alias
552 2236 810 2316 disputationes
828 2252 909 2300 cum
930 2236 1008 2301 aliis
1021 2237 1213 2318 gentilibus
1227 2247 1263 2303 et
1283 2241 1465 2305 saracenis

237 2344 372 2423 habuit,
388 2360 452 2427 per
467 2360 556 2424 quas
571 2343 607 2408 id
621 2350 834 2407 consecutus
848 2351 918 2423 est,
933 2352 973 2407 ut
987 2353 1022 2408 et
1035 2345 1086 2408 illi
1100 2345 1412 2427 confunderentur,
1428 2358 1464 2413 et

236 2452 422 2517 christiani
447 2450 640 2515 alacriores
668 2450 704 2514 in
728 2458 894 2531 suscepta
921 2451 1093 2531 religione
1118 2449 1178 2535 [et]
1191 2434 1464 2519 ¹constantiores

236 2560 484 2634 redderentur;
508 2566 543 2622 et
567 2554 768 2639 hujusmodi
791 2556 1049 2639 disputationes
1073 2576 1152 2623 esse
1176 2560 1282 2625 valde
1302 2578 1463 2625 necessa·

237 2668 310 2732 rias
324 2665 370 2731 ad
384 2664 689 2730 confirmationem
702 2663 989 2746 christianorum,
1005 2675 1044 2730 ut
1054 2666 1188 2748 scribit,
1201 2667 1462 2749 experiebatur;

236 2784 271 2840 et
285 2775 377 2854 ideo,
393 2774 485 2838 sicut
499 2773 753 2854 praediximus
771 2782 896 2837 contra
909 2783 1028 2838 sectas
1038 2773 1238 2856 hujusmodi
1249 2775 1416 2856 scribere,
1429 2785 1464 2842 et

236 2882 435 2947 rationibus
448 2897 572 2946 eorum
586 2879 773 2945 mendacia
784 2880 980 2961 confutare,
992 2889 1067 2946 tam
1077 2883 1250 2947 malabari
1262 2901 1369 2964 quam
1382 2884 1463 2948 lusi·

236 2998 320 3054 tana
335 2989 457 3070 lingua
473 3003 604 3069 operae
619 2987 772 3069 pretium
786 3003 865 3051 esse
879 2988 1061 3069 censebat,
1081 2997 1116 3052 et
1129 2989 1180 3053 ita
1194 2989 1230 3054 id
1250 2989 1371 3055 facere
1385 3008 1463 3056 coe·

235 3105 346 3180 perat.

293 3203 385 3270 3435.
429 3201 553 3268 Omitti
581 3219 653 3267 non
677 3201 780 3267 debet
804 3203 1045 3268 testimonium
1070 3206 1294 3271 constantiae
1319 3206 1356 3270 in
1381 3205 1460 3289 fide,

233 3312 327 3395 quod
341 3311 449 3394 aliqui
464 3309 568 3394 hujus
588 3309 794 3391 provinciae
815 3310 1017 3393 christiani,
1040 3312 1101 3394 qui
1122 3313 1158 3376 in
1179 3313 1295 3377 insula
1315 3313 1463 3395 Ceylani

231 3421 486 3499 versabantur,
514 3417 764 3500 praebuerunt.
794 3417 949 3498 Quidam
970 3437 1016 3482 ex
1035 3417 1193 3500 Regibus
1213 3419 1289 3501 ejus
1312 3421 1461 3502 insulae,

232 3536 356 3592 contra
371 3525 596 3592 Praefectum
610 3524 720 3606 Regis
734 3524 974 3606 Portugailiae
988 3525 1119 3591 bellum
1133 3543 1274 3608 gerenS,
1291 3528 1463 3593 ecclesias

233 3633 467 3716 quorumdam
481 3632 651 3714 Goorum,
668 3650 757 3715 quas
771 3641 922 3715 poterat,
939 3634 1185 3714 comburebat,
1200 3644 1234 3698 et
1248 3634 1462 3700 christianos

233 3744 279 3808 ad
289 3743 527 3809 idololatriam
537 3742 654 3806 redire
666 3740 910 3821 compellebat;
926 3749 961 3804 et
971 3740 1152 3806 ferebatur
1162 3744 1256 3824 quod
1267 3743 1408 3824 plurimi
1419 3760 1461 3807 eo

232 3860 391 3932 ternpore
406 3858 502 3926 metu
516 3847 626 3930 Regis
638 3845 743 3928 hujus
753 3865 774 3910 a
786 3847 854 3912 fide
864 3847 999 3914 Christi
1009 3847 1232 3914 defecissent.
1246 3849 1359 3914 Erant
1370 3851 1462 3915 inter

233 3959 312 4023 illos
327 3957 434 4040 aliqui
446 3975 492 4021 ex
502 3955 717 4034 christianis,
731 3972 776 4019 ex
789 3955 1015 4035 cognatione,
1028 3973 1135 4037 quam
1146 3973 1303 4037 paravas
1315 3968 1459 4036 vocant,

231 4066 268 4129 in
282 4064 473 4130 Pescharia
488 4079 551 4127 seu
563 4070 680 4126 tractu
690 4061 883 4140 Comurini,
897 4079 986 4143 quos
997 4061 1075 4126 Rex
1087 4063 1145 4126 ille
1156 4079 1285 4143 cogere
1298 4064 1344 4129 ad
1355 4062 1460 4128 fidem

231 4172 491 4252 abnegandam,
515 4177 550 4234 et
571 4170 608 4233 in
622 4166 698 4250 ejus
717 4169 859 4250 signum
879 4167 1028 4232 barbam
1052 4169 1248 4235 radendam
1268 4171 1457 4236 nitebatur.

231 4277 302 4345 Sed
316 4278 365 4342 illi
380 4282 586 4342 constanter
600 4274 869 4357 responderunt:
887 4273 953 4339 “Se
967 4292 1072 4356 posse
1091 4276 1136 4341 ab
1150 4277 1227 4358 ipso
1243 4277 1360 4360 capite
1373 4279 1460 4343 mul·

229 4386 336 4467 ctari,
360 4383 423 4450 sed
442 4383 575 4450 Christi
594 4381 699 4448 fidem
713 4400 752 4447 se
770 4399 844 4446 non
863 4400 941 4447 esse
960 4382 1233 4465 abnegaturos.,
1249 4384 1327 4450 Rex
1340 4385 1460 4468 itaque

270 4666 279 4700 ¹
309 4665 359 4711 lia.
368 4663 463 4721 Jogue.
474 4661 541 4709 Vide
549 4673 636 4719 snpra,
647 4668 666 4708 t.
675 4671 702 4718 u,
712 4673 772 4718 pag.
783 4661 830 4714 itt.
846 4673 869 4705 n.
884 4659 933 4716 337,
950 4663 993 4707 ubl
1003 4662 1034 4707 ‹le
1047 4661 1193 4718 hujusmodl
1210 4663 1389 4709 nectantibus
1403 4665 1460 4710 nive

231 4738 348 4785 eremitis
358 4736 387 4781 tit
397 4747 491 4790 sermm
502 4735 653 4784 ornatuum.
666 4735 675 4778 l
694 4745 725 4788 c.,
734 4735 778 4779 lib.
789 4745 844 4788 xvi,
855 4745 879 4777 n.
889 4734 925 4778 78.

380 4827 422 4886 Τ.
438 4846 477 4884 vt.
1253 4842 1282 4900 51
