3642 5350
385 434 437 497 100
832 436 961 501 Canon.
985 436 1062 501 Soc.
1088 440 1158 514 Jas.

383 566 509 650 uberes
527 587 707 668 lacrymas
728 569 936 667 effunderet,
958 604 1039 651 cum
1053 604 1199 651 causam
1215 604 1336 651 earum
1352 596 1488 668 peteret
1508 576 1613 669 iilius,

384 694 563 775 respoudit
589 712 675 775 prae
699 696 807 759 animi
825 695 961 759 laetitia
981 713 1020 757 se
1041 694 1139 771 liere;
1163 704 1196 757 et
1218 712 1299 758 cum
1319 692 1463 775 quidam
1486 714 1531 759 ex
1553 715 1613 760 no·

383 802 467 865 stris
481 802 613 866 diceret
627 802 783 867 noudum
797 803 913 883 ipsum
926 804 1133 883 pervenisse
1147 820 1217 883 quo
1237 813 1451 883 pervenerat
1468 804 1613 884 quidam

383 910 419 973 iu
433 908 617 991 Hispania,
631 911 691 991 qui
703 911 856 992 quinque
868 910 970 990 filios,
985 911 1196 989 cognomine
1208 910 1374 990 AcostaS,
1386 911 1423 973 in
1435 908 1613 981 Societate

316 1077 319 1083 .
383 1017 530 1081 haberet
546 1016 567 1097 ¹,
583 1018 698 1081 facete
713 1018 906 1100 respondit:
925 1020 1048 1099 “spero
1063 1036 1118 1081 me
1133 1030 1319 1098 parentem
1332 1035 1455 1082 eorum
1469 1034 1613 1099 supera·

383 1134 502 1190 turum
516 1142 605 1206 esse,
622 1144 705 1190 nam
720 1126 790 1190 duo
805 1126 891 1189 mihi
906 1126 967 1189 alii
981 1134 1172 1206 supersunt
1186 1125 1258 1206 filii,
1275 1126 1347 1207 qui,
1363 1143 1444 1189 cum
1459 1126 1613 1205 ingressi

382 1232 512 1298 suerint
527 1232 752 1315 Societatem,
769 1251 836 1313 ego
851 1236 927 1313 ipse
943 1233 1157 1314 ingrediar,

441 1342 513 1406 343.
555 1340 644 1406 Cum
658 1342 862 1406 sacerdotes
877 1341 985 1422 aliqui
1000 1351 1146 1423 tyrones
1164 1350 1299 1421 esseut,
1320 1342 1405 1406 dum
1424 1343 1612 1407 consulunt

382 1450 567 1531 peritiores
581 1468 627 1514 ex
642 1450 775 1514 nostris
789 1450 906 1513 miuus
920 1450 1176 1531 circumspecte
1191 1468 1298 1531 quarn
1317 1467 1383 1531 par
1403 1460 1491 1529 erat,
1509 1468 1612 1515 occa·

381 1558 519 1622 sionem
534 1559 758 1639 arripuerunt
773 1558 938 1622 canonici
948 1557 1124 1621 lauretani
1135 1567 1277 1622 nostros
1290 1558 1495 1635 accusandi,
1509 1559 1612 1639 quasi
1672 1542 1677 1550 ⁶

381 1666 514 1747 aliquid
534 1676 659 1730 contra
680 1667 836 1746 sigillum
855 1663 960 1745 hujus
980 1666 1195 1730 sacramenti
1221 1666 1257 1729 iu
1282 1684 1325 1729 ea
1351 1667 1610 1729 consultatione

381 1773 564 1838 dixissent:
590 1774 677 1838 nihil
704 1782 822 1838 tamon
842 1772 1003 1838 scandali
1023 1784 1182 1838 secutum
1202 1784 1255 1837 est
1278 1774 1459 1854 (quamvis
1478 1774 1610 1855 aliquid

380 1883 588 1962 prudentiae
603 1881 798 1946 desiderari
811 1883 848 1946 in
863 1882 983 1963 aliquo
998 1882 1155 1963 ipsorum
1172 1881 1348 1963 potuerit),
1365 1881 1448 1961 quia
1459 1880 1610 1962 prudeu-

379 1988 429 2053 tia
444 1998 478 2053 et
494 1990 689 2054 auctoritas
704 1989 965 2054 Gubernatoris
983 2006 1214 2070 progressum
1235 1988 1339 2069 huius
1360 1988 1609 2053 contradictio·

380 2096 435 2161 nis
449 2096 644 2179 impedivit.
1348 2176 1353 2185 ·
1654 2179 1657 2186 Ι

436 2204 507 2269 344.
551 2204 776 2287 Scripseruut
791 2216 910 2271 tamen
925 2215 960 2270 et
975 2206 1105 2270 Rector
1125 2205 1304 2271 Oliverius
1324 2214 1359 2269 et
1378 2205 1605 2270 Gubernator

378 2310 416 2377 Ρ.
433 2311 475 2377 Ν.
491 2312 629 2393 ignatio
649 2331 795 2394 prorsus
815 2316 1057 2379 necessarium
1078 2331 1155 2377 esse
1177 2323 1216 2376 ut
1236 2313 1281 2377 ad
1301 2312 1496 2393 Collegium
1515 2312 1604 2376 Lau·

378 2429 540 2485 retanum
563 2420 772 2486 confessarii
791 2430 825 2485 et
845 2431 961 2486 aetate
980 2433 1015 2486 et
1037 2422 1255 2503 experientia
1279 2420 1409 2484 maturi
1429 2420 1606 2484 mitteren-

378 2539 446 2608 tur,
473 2529 556 2592 licet
584 2546 629 2592 ex
656 2526 933 2594 Poenitentiaria
958 2530 1140 2594 Ecclesiae
1164 2528 1348 2592 Romanae
1372 2526 1606 2606 auferrentur;

376 2636 459 2717 quia
474 2654 519 2700 ue
534 2636 570 2701 in
585 2636 644 2702 illa
660 2636 800 2720 quidem
814 2638 929 2703 sancti
946 2636 1041 2702 Petri
1061 2637 1152 2702 tanti
1171 2637 1339 2701 momenti
1360 2645 1502 2718 tamque
1523 2634 1606 2700 diffi-

375 2744 460 2807 ciles
484 2761 589 2808 casus
608 2746 819 2826 expectandi
844 2756 945 2810 erant
970 2764 1076 2827 quam
1101 2745 1246 2809 Laureti
1273 2745 1297 2824 ²,
1322 2754 1356 2807 et
1381 2746 1431 2807 ita
1456 2752 1607 2825 quatuor

376 2862 436 2916 aut
451 2851 605 2934 quinque
621 2852 829 2916 confessarii
845 2853 909 2916 sub
926 2864 1133 2917 autumnum
1153 2851 1312 2916 mittendi
1334 2851 1601 2932 expetebantur.

435 2959 506 3024 345.
550 2959 618 3040 Qui
632 2959 888 3041 ingolstadium
903 2961 1150 3035 mittebantur,
1173 2977 1252 3023 curn
1272 2961 1465 3023 Lauretum
1488 2959 1605 3022 venis·

374 3078 464 3144 seut,
482 3083 553 3131 non
568 3068 682 3132 solum
697 3068 897 3131 humaniter
912 3080 993 3131 sunt
1009 3069 1160 3149 excepti,
1176 3067 1238 3131 sed
1253 3085 1298 3130 ex
1315 3076 1417 3146 portu
1432 3067 1539 3130 etiam
1553 3083 1603 3130 re·

374 3175 548 3239 cinatensi
559 3175 690 3254 vicino,
704 3177 851 3254 navigio
864 3187 1024 3257 accepto,
1036 3172 1256 3255 Μεὶςιιιιιιιι8
1272 3191 1382 3255 usque
1397 3192 1508 3256 prope
1521 3173 1606 3237 Tre·

373 3283 490 3346 visum
506 3282 712 3346 missisunt.

432 3389 502 3452 346.
547 3388 698 3471 Spiritus
713 3391 860 3470 maligni
875 3390 992 3454 denuo
1012 3391 1201 3472 quemdam
1218 3387 1392 3473 Jacobum
1410 3389 1600 3453 Pistorieu·

374 3515 450 3562 sem
464 3499 574 3562 semel
590 3507 650 3561 aut
666 3497 792 3561 iterum
808 3499 1057 3579 molestarunt,
1078 3498 1140 3562 sed
1154 3515 1235 3561 cum
1250 3497 1462 3576 instructuS,
1478 3497 1514 3561 in
1534 3497 1603 3560 vir·

372 3614 446 3670 tute
469 3615 614 3669 sauctae
640 3605 861 3669 obedientiae
887 3624 949 3670 eos
974 3607 1127 3670 misisset
1149 3607 1194 3670 ad
1219 3603 1462 3687 Superiorem,
1483 3604 1605 3668 statim

372 3711 606 3777 recesserunt.
624 3711 773 3776 Cuidam
788 3713 905 3793 ctiam,
922 3713 1006 3777 dum
1022 3714 1058 3776 iu
1072 3713 1252 3777 exercitiis
1267 3711 1508 3793 spiritualibus
1524 3729 1603 3774 ver·

373 3830 522 3900 saretur,
539 3820 575 3883 in
590 3820 696 3884 viridi
712 3828 811 3884 veste
830 3821 885 3884 bis
905 3831 965 3885 aut
989 3830 1044 3885 ter
1064 3839 1240 3902 apparens
1263 3801 1372 3884 multa
1395 3820 1535 3884 mala'ei
1561 3817 1604 3882 de

371 3927 547 3993 Societate
563 3927 670 4007 dixit,
688 3938 722 3991 et
742 3929 876 3992 foetore
896 3929 1096 3993 cubiculum
1116 3926 1192 4008 ejus
1212 3928 1389 4009 implevit3
1414 3928 1602 4010 quemdam

374 4037 480 4101 etiam
494 4036 721 4100 Leonardum
735 4035 932 4110 Flaudrum
947 4037 1167 4114 afflixerunt,
1184 4038 1382 4116 stragulum
1397 4037 1480 4100 lecti
1501 4035 1545 4098 ab
1560 4051 1603 4098 eo

416 4351 424 4384 ¹
454 4351 520 4395 Vide
529 4362 616 4406 supra.
626 4357 644 4394 t.
656 4361 691 4402 ιιι,
701 4363 760 4406 pag.
771 4351 819 4406 305,
831 4351 943 4395 annot‘l

412 4424 424 4456 ¹
450 4422 516 4466 Vlde
527 4434 614 4477 supra,
624 4429 643 4467 t.
655 4434 680 4477 v,
691 4435 751 4478 pag.
761 4423 796 4476 80,
808 4436 831 4467 u.
843 4424 889 4476 193,
901 4431 927 4467 et
937 4424 1058 4467 Litterae
1068 4423 1298 4476 Quadrimestres,
1307 4428 1325 4466 t.
1338 4433 1373 4469 ιιι.
1383 4428 1409 4466 et
1425 4435 1463 4466 ιν.

413 4495 424 4526 ⁵
451 4493 530 4548 Infra,
541 4506 565 4538 n.
584 4495 643 4548 1650,
658 4495 700 4538 ubl
710 4506 795 4540 sermo
806 4502 845 4539 est
860 4495 890 4538 de
907 4497 1000 4539 itinere
1016 4495 1268 4550 lngolstadiensium.
1283 4495 1407 4549 scriptum
1423 4495 1509 4538 luerat
1525 4493 1604 4538 etiam

370 4567 516 4622 Melabara.
528 4567 573 4611 sed
584 4567 593 4609 l
603 4567 766 4612 emendatum
777 4573 817 4611 est
828 4574 854 4611 et
864 4569 920 4623 ejus
928 4569 983 4611 loco
994 4569 1120 4622 scriptum
1135 4575 1175 4611 est
1187 4579 1213 4619 r:
1223 4577 1303 4622 quare
1320 4577 1465 4610 sermonem
1479 4565 1536 4610 steri
1551 4566 1605 4609 exl-

370 4641 505 4686 stimamua
516 4640 546 4684 de
556 4635 658 4696 oppido,
670 4641 742 4695 cujus
751 4652 840 4685 nomen
851 4640 877 4684 ln
891 4641 1025 4685 veteribus
1040 4641 1141 4685 chartis
1151 4648 1191 4686 est
1203 4639 1358 4694 Margum,
1374 4639 1399 4683 in
1414 4639 1602 4684 recentioribus

370 4711 521 4768 mighem.
