3642 5350
806 413 871 472 Aa.
894 413 964 473 1555
1449 417 1507 476 557

265 567 319 622 set
335 559 605 639 conquiescere
626 569 661 622 et
683 574 879 638 agnoscere
898 574 938 621 se
957 558 1053 638 quod
1068 556 1165 640 [non]
1181 575 1333 639 aequum
1352 568 1503 640 peteret,

266 681 349 728 eum
364 665 468 730 simul
483 682 564 728 cum
579 663 618 728 P.
633 664 795 746 Baptista
810 664 963 728 retinere
977 663 1149 745 volendo;
1174 665 1212 729 P.
1231 665 1464 733 Franciscum
1478 687 1504 731 a

268 771 424 836 Domino
444 772 535 852 regi,
561 783 596 836 et
620 771 682 850 ita,
705 780 743 836 ut
764 789 845 836 cum
870 771 1118 836 benedictione
1140 771 1284 837 Domini
1305 773 1502 852 recederet,

268 879 448 960 permisit,
475 889 510 942 et
528 895 629 943 suam
645 879 752 943 etiam
767 879 800 943 ei
814 876 1000 959 impendit,
1017 887 1178 943 amanter
1194 895 1291 960 eum,
1308 891 1344 944 et
1358 881 1502 961 quidem

267 1003 350 1051 cum
365 986 546 1066 lacrymis,
560 987 796 1067 amplexatus.

328 1091 420 1157 2410.
463 1091 551 1158 Erat
568 1092 604 1156 id
623 1093 796 1174 temporis
814 1093 972 1158 Murciae
993 1093 1030 1156 P.
1054 1093 1262 1158 Emmanuel
1279 1095 1414 1175 Lopez,
1440 1097 1502 1177 qui

269 1201 346 1264 loco
361 1198 399 1262 P.
421 1200 603 1280 Baptistae
626 1199 757 1263 missus
780 1199 914 1278 iuerat,
938 1209 973 1264 et
993 1200 1030 1263 in
1051 1199 1185 1264 febrem
1201 1201 1290 1264 satis
1310 1202 1498 1266 molestam

267 1307 451 1372 inciderat.
482 1305 585 1370 Alius
613 1307 721 1370 etiam
744 1324 790 1370 ex
814 1306 949 1370 nostris
973 1306 1180 1386 graviorem
1209 1303 1444 1389 [contraxit],
1466 1319 1503 1373 et

267 1413 469 1478 omnesiere
479 1413 606 1494 reliqui
617 1415 708 1477 male
719 1413 836 1477 affecti
848 1422 961 1492 erant;
975 1423 1009 1476 et
1018 1413 1054 1478 id
1065 1413 1240 1491 fortassis
1253 1425 1328 1478 tum
1339 1433 1385 1478 ex
1396 1416 1502 1480 aesti-

268 1523 344 1600 bus,
360 1521 488 1602 quibus
502 1519 639 1584 Murcia
656 1521 760 1585 valde
774 1521 811 1584 in
826 1529 962 1584 aestate
976 1520 1131 1584 obnoxia
1145 1529 1216 1599 est,
1237 1531 1312 1586 tum
1328 1522 1424 1602 quod
1440 1522 1500 1588 do·

267 1645 357 1708 muS,
371 1645 477 1708 quarn
490 1627 709 1706 habitabant,
719 1643 844 1692 recens
855 1625 1055 1690 aedilicium
1066 1625 1231 1707 habebat,
1244 1639 1280 1692 et
1291 1629 1371 1709 plus
1382 1647 1501 1712 aequo

268 1735 305 1799 in
319 1751 362 1798 ea
376 1734 608 1798 inhabitanda
623 1743 853 1814 properatum
871 1732 879 1764 ¹
895 1733 1047 1798 videtur.

328 1841 419 1906 2411.
464 1841 648 1921 Agebatur
674 1849 792 1905 autem
817 1841 860 1904 de
885 1840 1019 1914 scholis
1042 1839 1239 1905 litterarum
1261 1841 1500 1922 instituendis,

267 1948 432 2028 quamvis
452 1947 650 2012 aedificium
676 1949 876 2012 absolutum
898 1963 970 2010 non
989 1956 1089 2026 erat,
1107 1947 1171 2011 sed
1183 1963 1318 2026 magno
1337 1965 1418 2014 cum
1432 1949 1498 2014 fer·

273 2072 359 2120 vore
375 2057 419 2119 ab
435 2055 612 2136 Episcopo
627 2055 916 2136 promovebatur.

327 2161 418 2226 2412.
462 2161 574 2226 Erant
599 2172 717 2228 autem
743 2161 807 2224 sub
832 2161 939 2224 finem
959 2161 1043 2244 Julii
1068 2173 1204 2242 septem
1232 2162 1439 2226 sacerdotes
1463 2174 1502 2227 et

265 2267 327 2332 alii
340 2269 493 2349 quinque
508 2267 655 2332 Fratres
670 2267 795 2346 nostri,
809 2277 843 2331 et
853 2267 890 2331 in
903 2267 983 2331 aliis
995 2267 1200 2332 ministeriis
1214 2267 1403 2334 Societatis
1417 2287 1497 2334 con·

263 2375 386 2455 suetis,
399 2385 541 2455 praeter
552 2391 659 2455 quam
670 2375 707 2439 in
718 2375 917 2439 litterarum
928 2373 1074 2452 scholis,
1087 2383 1231 2439 strenue
1242 2377 1385 2440 vineam
1400 2378 1499 2441 illam

266 2481 411 2546 Domini
426 2482 600 2546 colebant.

323 2589 415 2652 2413.
457 2587 584 2670 Effecit
600 2599 718 2652 tamen
733 2590 880 2671 penuria
899 2590 1127 2670 populorum,
1149 2608 1240 2670 quae
1255 2590 1314 2654 illo
1338 2607 1431 2654 anno
1446 2593 1496 2655 in·

264 2696 468 2777 signisfuit,
492 2706 529 2761 ut
555 2696 755 2761 aedificium
780 2697 931 2778 Collegii
956 2697 1207 2761 remittendum
1231 2698 1435 2777 videretur;
1462 2709 1500 2763 et

263 2803 427 2883 quamvis
445 2802 518 2885 jam
544 2804 587 2867 de
612 2804 804 2868 lectoribus
830 2804 974 2886 quinam
999 2813 1118 2867 essent
1137 2804 1245 2868 futuri
1265 2805 1497 2869 constitutum

264 2922 351 2987 erat,
367 2912 450 2991 quia
464 2912 610 2975 scholae
625 2912 807 2975 absolutae
822 2929 893 2975 non
910 2921 1024 2989 erant,
1041 2910 1179 2975 initium
1194 2911 1393 2976 studiorum
1408 2913 1495 2977 dila·

264 3027 338 3080 tum
354 3027 427 3081 est:
454 3018 554 3081 brevi
577 3029 696 3082 tamen
721 3036 763 3082 ea
788 3017 991 3082 inchoanda
1015 3028 1133 3095 erant,
1159 3019 1323 3098 quamvis
1338 3018 1432 3083 enim
1449 3020 1499 3083 ad

263 3122 420 3187 subsidia
441 3141 636 3206 pauperum
657 3124 752 3189 vires
766 3124 935 3206 Episcopi
946 3142 1024 3188 sese
1040 3137 1308 3203 converterunt,
1330 3126 1431 3189 brevi
1446 3127 1493 3191 ad

262 3231 547 3312 prosequendum
573 3231 753 3296 ferventer
776 3249 865 3314 opus
890 3231 1005 3295 rediit.
1032 3231 1176 3295 Interim
1198 3233 1264 3295 sub
1287 3242 1496 3297 autumnum

262 3336 367 3418 hujus
382 3339 465 3401 anni
480 3349 633 3420 quatuor
648 3358 692 3403 ex
708 3340 839 3403 nostris
858 3338 1103 3403 sacerdotibus
1124 3355 1189 3419 per
1208 3338 1400 3403 dioecesim
1419 3358 1498 3404 car·

263 3445 509 3525 thaginensem
525 3462 545 3507 a
561 3445 598 3509 P.
614 3445 776 3527 Baptista
791 3445 928 3509 dimissi
943 3455 1041 3527 sunt,
1058 3446 1117 3527 qui
1133 3445 1390 3525 concionando,
1403 3448 1493 3511 chri·

263 3552 417 3616 stianam
442 3550 641 3615 doctrinam
665 3553 896 3632 explicando,
923 3563 958 3616 et
984 3552 1054 3615 alia
1081 3552 1277 3616 ministeria
1305 3550 1499 3617 Societatis

264 3668 434 3722 consueta
450 3659 663 3739 exercendo,
680 3660 808 3723 mirum
822 3668 993 3740 quantum
1005 3658 1261 3723 aedificationis
1275 3658 1345 3722 illis
1356 3660 1499 3739 populis

264 3765 447 3829 attulerint
468 3764 492 3828 '.

324 3870 414 3934 2414.
458 3871 527 3952 Qui
541 3872 683 3935 interim
698 3871 856 3936 Murciae
872 3872 1127 3952 versabantur,
1146 3872 1494 3952 superabundantem

263 3978 452 4059 duplicatis
467 3979 640 4061 operariis
655 3996 805 4043 messem
820 3979 1014 4059 habebant;
1038 3991 1073 4043 et
1087 3988 1187 4043 tanta
1204 3979 1391 4043 multitudo
1413 3995 1496 4043 con·

262 4087 383 4151 cinnes
404 4085 441 4149 P.
469 4086 650 4169 Baptistae
672 4086 835 4151 auditura
861 4088 1112 4166 conveniebat,
1135 4095 1189 4165 ut,
1216 4087 1311 4167 quod
1330 4088 1498 4167 superius

262 4192 433 4273 diximus,
448 4210 554 4273 saepe
578 4192 749 4257 acciderit
767 4210 838 4257 non
860 4193 1099 4274 praedicatori
1120 4195 1250 4273 solum,
1273 4192 1338 4257 sed
1364 4202 1399 4257 et
1412 4192 1496 4275 Epi-

261 4315 383 4380 scopo,
400 4311 438 4363 ut
452 4298 592 4364 difficile
607 4300 742 4365 aditum
757 4300 793 4363 in
809 4300 951 4381 templis
967 4300 1180 4365 invenirent.

320 4406 412 4470 2415.
456 4406 533 4472 Hoc
548 4416 717 4471 autumno
732 4406 895 4488 pervenit
910 4406 1103 4488 Murciam,
1125 4408 1217 4471 sicut
1231 4416 1266 4471 et
1281 4408 1327 4471 ad
1342 4408 1412 4472 alia
1434 4408 1494 4471 Hi-

303 4576 310 4607 ¹
339 4574 386 4621 bis.
394 4576 609 4632 properandum.

302 4648 314 4680 ¹
339 4646 385 4693 bis.
397 4649 492 4692 allaim
500 4646 531 4693 11.
