3642 5350
338 389 392 450 290
561 373 566 381 ⁴
784 390 912 453 Caaou.
936 388 1014 451 Soc.
1040 388 1110 463 Jns.

342 536 483 600 demum
502 536 608 601 tertio
629 552 711 599 cum
729 536 897 601 facultate
917 535 955 599 P.
984 534 1113 615 Ignatii
1139 533 1204 598 fuit
1226 532 1400 597 admissus
1422 533 1490 596 hac
1512 550 1566 597 ae·

340 650 450 724 state;
465 651 500 707 et
513 659 585 707 non
598 644 714 707 solum
727 642 985 723 perseveravit,
1001 642 1065 706 sed
1083 641 1262 705 ferventer
1283 650 1316 704 ct
1337 657 1417 704 cum
1436 657 1567 721 magno

339 749 514 815 desiderio
528 750 781 832 compensandi
801 750 1075 815 inconstantiam
1100 750 1338 830 praeteritam,
1360 748 1566 813 facultatem

339 858 532 939 postulavit
557 866 592 922 et
617 857 767 922 obtinuit
785 867 871 921 vota
891 856 1085 936 emittendi,
1109 865 1144 919 et
1165 857 1254 919 bene
1273 872 1412 935 semper
1432 872 1470 919 se
1488 872 1565 935 ges·

337 964 400 1045 sit,
423 972 459 1029 et
482 965 551 1029 hoc
578 966 656 1045 ipso
685 981 778 1028 anno
802 964 946 1029 scholae
972 965 1170 1028 litterarum
1194 961 1442 1027 humaniorum
1466 978 1564 1043 prae-

339 1071 453 1136 fectus
467 1071 543 1136 fuit.

400 1177 488 1243 1149.
532 1178 718 1259 Vigesima
742 1196 836 1244 nona
862 1177 948 1260 Maji
972 1177 1097 1242 Petrus
1121 1176 1299 1241 Antonius
1326 1177 1563 1256 Florentinus,

341 1285 402 1367 qui
433 1286 494 1350 diu
526 1303 607 1350 cum
635 1286 787 1351 adversa
816 1286 1020 1351 valetudine
1048 1284 1271 1349 conflictatus
1299 1282 1431 1364 fuerat,
1461 1282 1565 1347 valde

338 1391 452 1457 bonus
466 1402 501 1457 et
514 1394 673 1458 eruditus
683 1392 837 1476 juvenis,
853 1393 1016 1475 spiritum
1031 1392 1185 1457 Domino
1202 1390 1363 1457 reddidit.

401 1500 488 1564 1150.
531 1499 590 1565 Ad
614 1502 757 1566 scholas
781 1511 924 1567 nostras
950 1502 1059 1584 aliqui
1083 1501 1217 1565 nobiles
1236 1500 1304 1564 hoc
1326 1516 1446 1577 mense
1470 1497 1564 1579 Majo

340 1608 463 1672 venire
479 1618 688 1690 coeperunt;
709 1610 773 1674 sed
794 1626 875 1673 cum
898 1618 1017 1673 aestus
1033 1606 1106 1687 jam
1125 1608 1249 1689 gravis
1267 1615 1372 1686 esset,
1396 1623 1564 1671 numerus

338 1715 543 1779 imminutus
563 1716 629 1780 fuit
643 1726 678 1780 et
697 1716 743 1780 ad
764 1716 893 1797 viginti
913 1716 1068 1797 quinque
1087 1733 1195 1796 supra
1214 1714 1386 1779 ducentos
1406 1717 1483 1794 plus
1503 1713 1564 1777 mi·

336 1840 404 1886 nus
417 1820 602 1901 redactus;
619 1831 653 1886 ct
669 1822 707 1886 P.
725 1822 916 1903 Arnoldus,
934 1822 1066 1904 alioqui
1080 1822 1238 1886 eruditus
1252 1830 1287 1885 et
1301 1830 1437 1901 gratuS,
1450 1837 1563 1884 moro-

337 1946 398 1993 sus
412 1938 530 1994 tamen
545 1930 650 1993 valde
669 1940 763 2009 erat;
785 1939 819 1993 31
840 1948 905 1993 sua
925 1929 1160 1994 melancholia
1180 1945 1307 2009 parum
1329 1927 1466 1992 stabilis
1485 1927 1563 1991 effe·

338 2045 427 2115 3135,
443 2055 489 2101 ex
503 2033 624 2101 Sicilia
639 2037 782 2101 omnino
797 2036 964 2102 recedere
976 2036 1119 2101 volebat
1131 2051 1138 2115 ;
1152 2045 1186 2099 et
1197 2035 1346 2117 publice,
1359 2052 1430 2098 non
1441 2034 1562 2097 habita

337 2144 475 2209 ratione
494 2144 660 2224 aliorum,
680 2143 716 2208 id
737 2144 889 2209 dicebat.
917 2143 1052 2208 Tamen
1073 2160 1177 2208 suum
1197 2128 1361 2207 errorem'
1378 2142 1482 2206 facile
1504 2142 1561 2207 de·

337 2250 418 2316 inde
432 2252 673 2333 cognoscebat
688 2260 723 2315 et
737 2251 1020 2315 emendationem
1034 2251 1267 2331 proponebat.

397 2358 486 2423 1151.
527 2358 685 2442 Joannes
713 2368 831 2423 tamen
858 2358 1062 2439 Michiaudi,
1090 2357 1281 2439 sabaudus,
1309 2358 1446 2439 dequo
1473 2357 1562 2421 alias

336 2474 456 2531 actum
469 2476 523 2531 est
540 2465 561 2547 ¹,
577 2475 612 2530 et
626 2466 755 2547 Lucas,
772 2466 831 2548 qui
847 2466 973 2530 unicus
988 2484 1033 2529 ex
1052 2465 1198 2530 Corsica
1219 2475 1296 2529 erat
1316 2466 1352 2530 iu
1372 2463 1563 2545 societate,

339 2584 528 2657 postquam
541 2576 690 2641 multum
709 2556 848 2654 negotii
861 2573 1094 2638 exhibuerant
1112 2575 1255 2653 nostriS,
1277 2574 1415 2655 hospite
1434 2572 1560 2637 insalu-

336 2692 424 2763 tato,
437 2691 672 2762 recesserunt,
686 2691 721 2747 et
732 2699 864 2762 magna
875 2683 1037 2746 molestia
1049 2681 1243 2762 Collegium
1256 2681 1342 2746 illud
1353 2681 1560 2746 liberarunt.

397 2790 485 2854 1152.
528 2789 698 2854 Praeerat
712 2790 857 2854 scholae
871 2789 1120 2854 humaniorum
1135 2789 1333 2854 litterarum
1348 2789 1386 2852 Ρ.
1399 2787 1560 2870 Angelus

335 2896 529 2978 Polizinus;
545 2898 608 2962 sed
622 2908 661 2962 ut
675 2907 795 2980 posset
809 2897 953 2961 liberius
975 2897 1190 2977 concionari,
1210 2898 1256 2962 ad
1278 2899 1372 2980 quod
1392 2898 1560 2962 talentum

332 3013 521 3085 acceperat
534 3021 608 3069 non
623 3007 784 3086 vulgare,
801 3004 845 3068 ab
860 3002 936 3084 ejus
951 3005 1093 3068 scholae
1110 3021 1229 3082 onere,
1251 3005 1461 3070 succedente
1477 3004 1560 3070 Car·

332 3111 468 3176 minata
481 3110 663 3193 praedicto
683 3112 705 3190 ⁸,
727 3111 897 3176 liberatus
919 3111 996 3192 fuit,
1018 3121 1051 3176 et
1072 3129 1206 3193 graeca
1226 3120 1361 3176 tantum
1384 3113 1488 3176 lectio
1511 3111 1560 3176 illi

332 3219 456 3284 relicta
471 3219 546 3283 fuit.
1433 3207 1437 3214 ¹

384 3325 485 3391 1153.
529 3325 619 3391 Cum
632 3326 732 3391 multi
748 3327 785 3391 in
802 3327 966 3393 morbum
986 3326 1156 3392 Panormi
1175 3327 1382 3407 inciderent,
1403 3329 1559 3409 quotidie

330 3433 445 3498 nostri
468 3431 514 3496 ad
540 3431 735 3498 audiendas
759 3433 980 3499 infirmorum
1005 3433 1246 3499 confessiones
1266 3433 1311 3497 ad
1336 3435 1438 3498 varia
1464 3435 1561 3498 urbis

330 3543 409 3605 loca
424 3525 663 3621 vocabantur}
684 3559 750 3606 nec
764 3542 894 3622 exigua
910 3543 1036 3607 messis
1051 3542 1141 3607 haec
1155 3550 1243 3622 erat,
1260 3550 1297 3605 ut
1313 3557 1379 3604 nec
1394 3541 1405 3572 ³
1421 3541 1559 3623 religio·

331 3666 453 3712 sarum
473 3647 660 3713 mulierum
681 3649 718 3712 in
736 3649 847 3712 variis
869 3649 1105 3730 monasteriis,
1128 3650 1173 3713 ad
1196 3666 1346 3730 quorum
1371 3649 1559 3730 primarias

332 3755 521 3835 religiosas
546 3754 742 3820 audiendas
766 3765 800 3819 et
825 3773 889 3837 per
915 3766 1178 3821 sacramentum
1205 3755 1438 3820 confessionis
1462 3756 1559 3838 adju-

332 3862 471 3928 vandas
485 3862 739 3927 evocabuntur.
755 3861 826 3926 Sed
841 3863 1058 3944 peculiarem
1073 3864 1156 3927 novi
1176 3862 1383 3928 monasterii
1403 3861 1417 3894 ⁴
1435 3880 1558 3928 curam

331 3969 503 4048 gerebant
512 3987 520 4049 ;
536 3967 727 4051 quodcum
743 3986 874 4050 magna
888 3970 988 4034 urbis
1003 3969 1248 4034 aedificatione
1269 3979 1303 4033 et
1324 3971 1485 4051 diligenti
1505 3972 1559 4034 sui

329 4078 481 4142 instituti
493 4079 669 4158 regularis
680 4076 931 4141 observatione
946 4077 1124 4157 vivebant,
1138 4087 1173 4142 et
1185 4077 1234 4140 ita
1246 4076 1322 4157 ejus
1337 4078 1560 4143 confirmatio

328 4202 350 4248 a
365 4183 511 4249 Summo
523 4183 691 4249 Pontifice
701 4186 880 4267 postulata
892 4192 959 4266 est,
974 4203 1057 4250 nam
1071 4186 1282 4249 auctoritate
1296 4183 1488 4268 Ordinarii,
1502 4204 1560 4250 ex·

372 4428 379 4452 ·
409 4425 503 4481 Supra,
513 4431 533 4470 t.
543 4438 570 4480 v,
579 4435 641 4480 pag.
651 4425 700 4478 aua.
712 4436 736 4469 3.
746 4425 795 4472 594.

369 4500 380 4531 ¹
408 4496 500 4552 Supra,
511 4507 572 4552 pag.
582 4497 631 4545 289.
642 4508 667 4540 3.
679 4497 739 4540 litu.

367 4571 378 4600 ³
406 4569 509 4624 supple:
519 4575 548 4613 ut
558 4581 606 4613 nec
615 4569 711 4622 exigua
720 4571 802 4613 311333
811 4568 910 4622 messis,
922 4567 968 4614 1113
978 4569 1105 4613 33333313
1116 4575 1155 4612 est
1164 4569 1345 4624 religiosarum
1356 4572 1490 4616 mulierum
1507 4581 1557 4618 etc.

367 4641 379 4674 ⁴
406 4639 650 4693 531133311331133.
662 4639 728 4682 Vide
739 4650 826 4696 33313,
838 4651 899 4695 pag.
909 4639 957 4692 288,
971 4653 993 4684 n.
1007 4641 1066 4686 lllu.
