3642 5350
778 417 840 491 Aa
855 414 939 487 ltad-
954 435 1023 493 ,..÷.1·t
1417 414 1486 497 tta:

307 564 404 637 1254.
424 564 581 633 -Detenti
596 564 702 631 etiam
716 565 751 629 in
768 564 1096 645 publieaoustodia,
1111 563 1172 647 qui
1185 562 1309 645 [ugare
1324 579 1396 643 non
1411 577 1470 649 po·

246 680 373 752 terant,
397 688 523 743 secura
548 671 674 743 messis
698 680 775 747 etat
799 682 834 739 et
858 671 1147 751 exhortatoribus
1170 668 1483 754 eteoatqssardm·

249 778 404 863 quiaque
417 796 463 851 ex
477 778 532 851 bis
546 778 757 860 hominibus,
774 796 855 847 cum
867 777 917 844 acl
934 779 1152 861 supplicium·
1164 778 1388 861 ducerentur,
1409 792 1456 862 po

248 896 405 952 strorum
418 903 528 968 opera
541 903 613 951 non
628 903 755 967 parum
769 883 878 967 adjuti
895 895 992 966 suot;
1009 895 1043 950 et
1057 902 1148 953 unus
1159 881 1469 969 eorumoxdespe·

247 994 395 1063 rationis
408 993 578 1063 barathro
594 1004 795 1074 revocatus
812 1010 892 1062 cum
907 994 944 1058 iu
955 1010 998 1058 ea
1008 1002 1102 1057 esset
1112 991 1251 1072 haeresi
1267 999 1304 1057 ut
1311 990 1482 1077 animam,

247 1116 329 1167 cum
343 1118 493 1185 corpore
508 1099 701 1181 perituram
717 1100 948 1167 existimaret.
1434 1173 1458 1183 .‚
1479 1169 1483 1177 ,

310 1206 397 1271 1255.
440 1205 566 1272 Mulier
580 1208 755 1289 quaedam
769 1208 1034 1287 concubinaria,
1050 1207 1159 1279 milite
1170 1205 1323 1289 quodam
1334 1205 1483 1290 relicto„

246 1313 419 1379 Bibonam
443 1314 552 1379 nihilo
576 1314 758 1381 honestius
783 1314 924 1379 victura
943 1332 982 1379 se
1006 1325 1201 1396 receperat.
1228 1312 1328 1379 Miles
1353 1321 1472 1379 autem

246 1438 325 1487 eam
344 1422 524 1489 insecutus
544 1419 633 1503 [est],
656 1420 715 1504 qui
740 1440 779 1486 se
802 1422 858 1487 vel
877 1421 1105 1487 reducturum
1125 1421 1181 1485 vel
1203 1419 1483 1505 interfecturum,

247 1546 326 1594 eam
341 1528 548 1597 affirmabat.
563 1528 741 1595 Curarunt
756 1545 843 1609 ergo
857 1530 971 1593 nostri
991 1539 1029 1593 ut
1043 1528 1169 1594 mulier
1187 1527 1382 1610 praedicta,
1399 1543 1472 1597 non

245 1634 321 1716 jam
332 1635 369 1705 iu
380 1635 616 1701 concubinatu
628 1636 738 1701 sedin
752 1636 978 1699 matrimonio
993 1635 1162 1715 legitimo,
1175 1633 1357 1716 praedicto
1370 1632 1472 1701 militi

248 1744 485 1825 copularetur,
512 1751 547 1808 et
572 1752 718 1825 uterque
741 1743 880 1807 illorum
902 1742 1295 1807 confessione-salutari
1316 1741 1470 1823 complu·

249 1850 339 1915 rium
353 1867 527 1915 annorum
541 1859 688 1930 peccata
708 1850 847 1915 delevit.

311 1958 399 2023 1256.
442 1956 544 2023 Duae
558 1958 717 2039 virgines
732 1957 874 2023 Christo
888 1976 927 2023 se
942 1975 1154 2022 consecrare
1169 1965 1383 2036 statuerunt;
1399 1956 1471 2036 plu-

249 2082 307 2129 res
320 2065 357 2129 id
375 2074 477 2129 erant
501 2066 671 2141 facturae,
697 2064 767 2129 nisi
787 2082 808 2129 a
827 2066 1044 2145 parentibus,
1065 2066 1201 2129 invitae
1214 2063 1473 2147 quodammodo

248 2182 283 2237 et
297 2182 456 2253 coactae,
472 2172 560 2237 viris
574 2171 610 2235 in
626 2172 888 2237 matrimonium
903 2182 1021 2237 essent
1036 2172 1200 2237 traditae.

310 2280 397 2345 1257.
440 2278 595 2345 Privatis
609 2295 695 2359 ergo
708 2276 954 2361 [sermonibus]
967 2296 1049 2343 curn
1060 2280 1129 2343 illis
1140 2288 1175 2344 et
1186 2279 1241 2343 his
1252 2277 1475 2358 agendave}

248 2386 485 2467 exhortando,
501 2388 560 2450 vel
573 2385 872 2468 reprehendendo,
889 2387 947 2450 vel
961 2386 1197 2468 pacificando,
1213 2388 1270 2449 vel
1285 2384 1474 2468 confessio·

248 2512 311 2559 nes
325 2512 447 2559 eorum
461 2493 648 2572 audiendo,
664 2510 895 2574 compensare
915 2493 1089 2559 curabant
1111 2494 1223 2559 nostri
1241 2493 1337 2576 quod
1351 2491 1474 2557 deerat

247 2600 489 2682 concionibus,
502 2617 593 2683 quae
607 2608 726 2663 tamen
741 2618 812 2663 non
827 2600 1088 2680 mittebantur,
1103 2618 1184 2665 cum
1198 2600 1315 2682 aliqua
1331 2599 1481 2686 occasio*

247 2725 286 2775 se
301 2707 480 2774 offerebat.

311 2815 398 2880 1258.
440 2815 485 2880 Et
499 2816 582 2896 quia
603 2816 783 2896 propriam
803 2815 990 2880 ecclesiam
1011 2833 1082 2880 non
1101 2817 1279 2880 habebant
1299 2815 1474 2893 (noudum

248 2922 340 2986 enim
356 2921 553 2989 aedificium
568 2930 644 2986 erat
664 2921 891 3002 absolutum),
909 2923 1024 2986 minus
1044 2922 1171 2986 mirum
1189 2932 1260 2997 est,
1275 2923 1306 2986 si
1326 2923 1475 3004 populus

246 3029 402 3093 nondum
417 3029 655 3105 assuescebat,
672 3038 710 3092 ut
722 3029 778 3092 vel
793 3029 1023 3094 concionibus
1036 3030 1093 3094 vel
1106 3029 1389 3094 confessionibus
1400 3045 1476 3094 cres

247 3136 344 3202 brius
357 3136 553 3201 interesset.
840 3211 842 3216 .

309 3243 396 3308 1259.
440 3241 495 3307 Ex
510 3242 642 3308 scholis
665 3243 808 3308 uberior
826 3242 963 3308 fructus
982 3253 1017 3308 et
1036 3244 1181 3308 solidior
1199 3261 1306 3326 quam
1330 3263 1375 3308 cx
1396 3245 1476 3312 aliis

248 3350 450 3415 ministeriis
464 3350 685 3431 sperabatur:
701 3351 826 3432 primis
841 3351 1021 3416 mensibus
1035 3353 1081 3415 ad
1095 3361 1237 3416 centum
1252 3363 1287 3416 et
1307 3353 1476 3434 quinqua·

247 3459 347 3539 ginta
361 3457 656 3522 scholasticorum
671 3475 837 3523 uumerus
859 3459 1027 3538 accessit,
1049 3460 1162 3539 quiet
1182 3460 1218 3523 in
1239 3460 1365 3522 litteris
1384 3469 1418 3523 et
1439 3460 1476 3526 in

247 3565 403 3630 moribus
417 3564 454 3628 in
466 3563 544 3628 dies
556 3565 798 3646 proficiebant,
815 3575 849 3629 et
865 3576 1025 3646 peccata,
1038 3567 1166 3646 quibus
1180 3584 1222 3630 ea
1238 3577 1337 3630 aetas
1349 3575 1402 3630 est
1417 3567 1475 3630 ob·

248 3672 366 3751 noxia,
381 3671 642 3752 relinquebant,
659 3685 696 3736 ut
717 3674 822 3753 plane
843 3675 939 3736 nulla
956 3672 1031 3754 jam
1045 3677 1091 3738 ad
1112 3685 1253 3738 nostros
1274 3675 1416 3754 querela
1432 3674 1475 3738 de

249 3777 449 3860 hujusmodi
463 3779 746 3844 adolescentibus
762 3780 972 3845 deferretur.

312 3885 399 3950 1260.
443 3883 599 3966 Singulis
614 3887 793 3951 mensibus
808 3887 1077 3967 confitebantur,
1093 3896 1127 3952 et
1143 3905 1273 3968 magno
1289 3906 1369 3952 cum
1388 3887 1476 3955 desi·

249 3993 348 4060 derio
362 3993 463 4058 multi
477 4011 601 4059 eorum
616 3993 661 4058 ad
682 3995 944 4060 sanctissimam
963 3995 1224 4060 Eucharistiam
1247 3997 1473 4060 accedebant.

310 4100 395 4165 1261.
438 4099 559 4166 Mense
572 4100 678 4184 Junio
694 4101 740 4164 ad
754 4110 896 4166 centum
912 4112 945 4166 et
965 4103 1146 4182 octoginta
1165 4115 1200 4166 et
1219 4103 1308 4166 duos
1323 4102 1397 4182 jam
1418 4120 1474 4168 ac·

251 4217 443 4288 cesserant;
460 4206 523 4272 sed
536 4207 604 4272 hoc
619 4208 881 4273 incommodum
895 4217 931 4272 et
946 4209 995 4273 illi
1010 4210 1253 4292 patiebantur,
1270 4209 1380 4291 quod,
1397 4227 1473 4291 pro·

246 4326 325 4398 pter
342 4323 598 4397 paupertatem,
622 4314 732 4378 libros
754 4315 977 4379 necessarios
1001 4317 1248 4396 aparentibus
1272 4334 1343 4381 non
1367 4318 1475 4406 impe·

247 4424 400 4503 trabant,
417 4433 452 4487 et
467 4421 575 4504 aliqui
590 4422 705 4502 magis
717 4430 851 4502 tenues,
865 4422 1008 4487 domum
1020 4423 1218 4504 redeuntes,
1237 4426 1474 4505 aparentibus

249 4531 285 4595 in
304 4531 415 4596 variis
435 4528 639 4595 ministeriis
663 4529 949 4609 occupabantur3
974 4539 1010 4594 et
1035 4530 1225 4610 aliquando
1249 4549 1321 4595 non
1339 4549 1475 4612 paucos

250 4631 327 4701 'dies
341 4655 384 4701 ne
398 4623 520 4702 venire
535 4629 675 4717 quidem
690 4633 892 4708 ad‘scholas
910 4635 1216 4718 permittebantur.
