3642 5350
363 418 417 477 ott
820 415 947 476 Canos.
968 413 1043 474 Soc.
1064 412 1134 486 Jss.

361 565 494 628 reditus
508 563 742 627 ecclesiastici
755 564 800 626 ad
816 563 908 625 hanc
924 561 1140 625 dotationem
1156 565 1257 622 erant
1272 555 1433 634 uniendi,
1452 571 1509 619 res
1524 553 1587 617 dil·

358 671 607 735 ficultatemac
631 670 836 734 dilationem
860 669 994 732 Romae
1019 685 1125 748 passa
1150 674 1215 745 est,
1242 664 1301 729 ubi
1326 679 1384 728 res
1409 664 1586 726 hocanno

360 778 448 842 satis
461 787 564 840 erant
581 776 822 856 perturbatae.

416 883 507 947 2767.
551 882 754 948 Admiserat
768 895 886 948 tamen
901 883 1098 962 Collegium
1124 881 1161 944 P.
1188 879 1402 944 Franciscus
1417 894 1497 943 cum
1511 893 1581 940 ma·

356 1010 428 1073 gna
442 1001 645 1056 nostrorum
656 991 945 1072 complutentium
957 991 1209 1069 consolatione,
1222 989 1303 1070 quia
1318 997 1470 1068 quatuor
1481 985 1584 1049 annis

358 1118 484 1165 cursus
498 1098 719 1179 theologicus
733 1099 951 1174 solvebatur,
967 1108 1001 1162 et
1017 1099 1153 1162 duobus
1167 1095 1448 1178 philosophicuS,
1465 1093 1500 1156 id
1516 1101 1581 1168 est,

355 1208 461 1288 duplo
475 1207 620 1270 brevius
633 1223 740 1286 quam
754 1206 942 1287 Compluti.

414 1313 506 1379 2768.
549 1313 697 1394 Sigunto
712 1313 1003 1378 Guadalaxaram
1018 1313 1176 1390 venienS,
1191 1329 1211 1374 a
1224 1311 1382 1375 Ducibus
1396 1307 1584 1373 Infantatis

356 1421 449 1486 diem
464 1439 544 1485 cum
559 1421 703 1485 dimidio
718 1431 877 1485 retentus
891 1430 946 1484 est
957 1427 978 1500 ¹,
996 1439 1041 1484 ex
1061 1436 1211 1500 quorum
1226 1409 1411 1499 colloquiis
1429 1417 1581 1480 fructum

355 1548 427 1593 non
441 1529 692 1611 poenitendum
707 1530 885 1609 sperabat.
906 1527 991 1591 Inde
1006 1527 1232 1607 Complutum
1254 1543 1334 1588 cum
1349 1525 1580 1606 pervenisset,

355 1647 390 1701 et
404 1637 441 1700 P.
459 1637 655 1717 Baptistam
680 1636 723 1699 de
745 1637 875 1701 Barma
890 1653 933 1700 eo
948 1645 1137 1699 evocatum
1161 1633 1373 1711 invenisset,
1395 1631 1580 1697 duodecim

354 1763 399 1809 ex
413 1746 556 1823 nostriS,
573 1753 607 1807 et
622 1744 713 1807 inter
727 1761 790 1806 eos
804 1753 884 1807 octo
899 1743 1105 1808 sacerdotes
1121 1743 1165 1805 ad
1177 1740 1421 1805 fundationem
1433 1741 1579 1820 Collegii

354 1851 511 1915 Murciae
526 1851 739 1930 designavit.

412 1957 503 2021 2769.
546 1956 711 2021 Madridii
725 1958 928 2037 complures
943 1975 989 2020 ex
1004 1957 1128 2020 amicis
1144 1954 1335 2020 Societatis
1350 1957 1505 2036 aliquam
1520 1956 1577 2021 do·

353 2082 448 2129 mum
461 2066 520 2128 vel
534 2065 722 2143 collegium
736 2065 918 2144 optabant,
935 2064 1029 2145 quod
1044 2064 1092 2127 ibi
1106 2064 1205 2127 curia
1220 2065 1316 2143 regis
1332 2081 1438 2144 saepe
1450 2065 1577 2128 reside-

351 2184 416 2251 ret,
431 2180 466 2236 et
479 2173 640 2253 sequenti
652 2189 745 2235 anno
757 2190 799 2235 eo
813 2182 964 2235 ventura
975 2171 1162 2235 diceretur.
1177 2171 1447 2236 Commendavit
1460 2182 1576 2235 autem

350 2279 389 2343 Ρ.
405 2280 435 2343 F
438 2280 619 2344 rauciscus
633 2281 708 2358 (cui
723 2280 831 2344 etiam
846 2280 913 2343 hoc
929 2278 1125 2360 placebat),
1143 2279 1180 2342 P.
1198 2279 1411 2344 Villanovae
1430 2289 1469 2342 ut
1483 2279 1577 2342 vide·

349 2398 414 2468 ret,
432 2386 701 2460 cumMadridio
717 2388 895 2467 transiret,
912 2404 958 2449 an
974 2388 1062 2450 situs
1076 2387 1204 2467 aliquis
1224 2388 1430 2451 commodus
1445 2388 1513 2468 ipsi
1528 2389 1576 2451 vi·

349 2497 506 2575 deretur,
527 2505 561 2558 et
583 2495 727 2559 domum
751 2495 931 2569 idoneam;
957 2513 999 2559 ac
1022 2497 1151 2559 bonam
1176 2497 1348 2576 pecuniae
1372 2506 1512 2576 partem
1531 2496 1575 2558 ad

348 2621 428 2667 eam
452 2603 636 2666 emendam
661 2603 874 2666 inveniebat.
895 2602 1050 2666 Domina
1071 2604 1178 2667 etiam
1197 2603 1372 2667 Eleonora
1399 2603 1575 2668 Muscare·

348 2729 440 2791 gnas
453 2710 498 2774 ad
513 2710 550 2775 id
563 2710 734 2774 auxilium
748 2727 787 2773 se
802 2710 967 2774 daturam
982 2710 1198 2791 significavit
1217 2710 1240 2790 ⁸,
1257 2721 1295 2774 ut
1311 2712 1417 2775 etiarn
1432 2711 1574 2791 Episco-

348 2836 414 2900 pus
437 2818 640 2882 Placentiae
664 2817 734 2895 (cui
758 2817 971 2881 Madridium
997 2820 1112 2899 patria
1137 2818 1240 2895 erat),
1267 2818 1429 2881 absoluto
1455 2830 1574 2882 tamen

348 2927 445 3007 prius
459 2942 524 2989 suo
539 2925 701 3003 collegio,
719 2932 754 2986 et
768 2925 909 2988 interim
924 2926 1067 2989 domum
1083 2942 1184 2989 suam
1199 2924 1381 2989 offerebat.

407 3031 498 3096 2770.
542 3030 753 3111 Pergratum
765 3031 831 3096 fuit
842 3030 879 3095 P.
890 3032 1085 3096 Francisco
1098 3042 1133 3095 et
1143 3034 1275 3096 nostris
1287 3032 1381 3113 quod
1392 3051 1413 3096 a
1426 3032 1463 3096 P.
1473 3031 1574 3113 Igna·

348 3143 397 3205 tio
416 3142 481 3203 sub
502 3137 607 3202 finem
625 3139 710 3202 anni
733 3140 917 3219 praeteriti
943 3142 1143 3221 exemplum
1168 3140 1408 3205 concessionis
1430 3140 1573 3222 J'ubilaei

347 3248 494 3328 accepit,
510 3263 576 3309 nec
591 3246 684 3309 enim
700 3246 770 3309 alia
785 3247 844 3309 via
860 3248 896 3309 in
911 3246 1120 3327 Hispaniam
1135 3256 1361 3326 pervenerat.

405 3353 496 3417 2771.
539 3352 714 3417 Intellexit
727 3352 765 3416 Ρ.
782 3353 995 3417 Franciscus
1011 3371 1101 3433 quae
1117 3353 1160 3416 de
1176 3352 1326 3433 Collegii
1346 3354 1497 3419 Romani
1515 3371 1573 3418 ne-

345 3462 509 3527 cessitate
523 3460 560 3524 P.
577 3459 736 3539 Ignatius
751 3461 965 3541 scripserat;
982 3469 1016 3523 et
1032 3461 1274 3539 existimabat,
1291 3470 1366 3526 tam
1388 3462 1447 3525 ille
1466 3479 1572 3543 quam

344 3571 418 3649 alii,
440 3587 511 3633 non
528 3585 632 3648 posse
652 3586 697 3631 ex
718 3569 955 3649 eleemosynis
975 3577 1113 3631 tantum
1139 3586 1228 3648 opus
1253 3570 1464 3647 sustentari,
1490 3586 1571 3634 cum

343 3678 553 3759 praesertim
566 3691 717 3754 regnum
731 3675 926 3755 Hispaniae
941 3675 978 3738 in
998 3685 1096 3739 tanta
1115 3674 1320 3739 difficultate
1340 3676 1391 3740 rei
1410 3678 1572 3757 pecunia-

342 3786 416 3848 riae
440 3791 655 3855 versaretur,
678 3791 716 3845 ut
735 3782 842 3844 etiam
861 3799 1030 3862 proceres
1050 3800 1132 3845 aere
1154 3783 1269 3846 alieno
1296 3783 1412 3847 obruti
1439 3794 1569 3847 essent.

339 3892 487 3955 Reditus
500 3890 619 3969 itaque
634 3889 858 3969 quaerendos
872 3907 951 3953 esse
966 3890 1178 3968 censebant,
1195 3891 1359 3969 quamvis
1379 3890 1447 3955 hoc
1467 3908 1569 3954 vene·

341 4010 398 4063 rat
426 4000 463 4061 in
487 4005 641 4060 mentem
667 3994 706 4058 Ρ.
736 3995 941 4076 Francisco,
971 4006 1009 4061 ut
1035 3998 1174 4076 singula
1200 3997 1352 4077 collegia
1377 3997 1571 4079 Hispaniae

339 4122 449 4168 unum
464 4104 717 4167 scholasticum
732 4105 806 4166 suis
821 4105 988 4184 expensis
1004 4106 1040 4168 in
1060 4103 1218 4183 Collegio
1238 4104 1400 4169 Romano
1420 4106 1569 4169 alerent.

340 4214 428 4277 Cum
449 4221 568 4274 tamen
586 4219 711 4290 postea
736 4212 967 4274 intellexisset
987 4212 1106 4291 potius
1125 4214 1277 4291 pecunia
1297 4230 1404 4291 quam
1424 4214 1570 4277 homini·

339 4321 404 4384 bus
418 4318 615 4398 Collegium
630 4317 828 4381 Romanum
843 4335 966 4398 egere,
984 4319 1027 4381 de
1042 4319 1110 4381 illis
1133 4319 1313 4383 mittendis
1337 4320 1498 4400 cogitare
1513 4321 1570 4385 de·

342 4459 554 4469 -—————-

381 4526 388 4556 ¹
417 4524 502 4567 Erant
512 4522 539 4566 bl
550 4522 635 4565 Duces
646 4520 683 4563 lv
694 4522 738 4565 dei
753 4523 902 4576 Insantado
918 4522 1024 4577 lgnlgus
1042 4522 1127 4578 Lopez
1145 4524 1176 4566 de
1194 4524 1317 4568 Mendoza
1334 4532 1359 4568 et
1380 4524 1518 4570 Elisabeth
1537 4526 1569 4569 de

340 4598 454 4649 Arason.
465 4594 533 4637 Vide
543 4604 631 4646 supra,
641 4599 661 4636 t.
672 4603 708 4646 rv,
719 4605 783 4648 pag.
794 4594 843 4649 588,
853 4606 879 4639 n.
890 4594 951 4643 1250.
963 4602 1053 4638 annot.
1065 4599 1082 4639 l.

378 4668 390 4699 ¹
417 4664 483 4708 Vide
494 4675 581 4718 supra,
592 4674 652 4718 pag.
660 4664 709 4718 591,
721 4677 744 4707 n.
755 4666 817 4721 2550,
828 4674 916 4711 annot.
926 4668 946 4711 ι’.
