3642 5350
810 412 874 474 Art.
897 412 967 474 155⁶
1450 413 1505 473 709

272 556 482 639 fundatoris,
498 558 696 641 Collegium
711 577 783 625 non
796 576 876 624 esse
888 559 1147 625 admittendum
1159 561 1277 625 visum
1287 559 1364 635 luia
1379 576 1499 641 quam-

271 665 327 729 vis
351 674 475 749 postea
491 666 528 730 in
542 666 667 732 eadem
692 667 849 749 civitate,
872 668 1043 749 temporis
1064 684 1245 746 successu,
1272 666 1369 731 aliud
1389 665 1500 732 Colle·

271 772 370 854 gium
381 772 570 839 Societatis
580 775 646 840 fuit
655 774 867 856 institutum,
880 792 963 840 cum
974 775 1042 841 hoc
1054 776 1147 840 inter
1158 774 1351 856 discipulos
1362 773 1401 839 Ρ.
1415 774 1500 839 Avi·

272 882 328 945 lae
341 892 511 949 maneret.

329 986 421 1053 3070.
463 988 503 1053 In
517 990 646 1072 oppido
661 990 869 1089 Montigliae
882 990 1037 1057 Domina
1047 991 1308 1056 Marchionissa
1320 990 1364 1055 de
1376 989 1498 1070 Pliego

270 1093 316 1158 ad
339 1096 596 1162 institutionem
618 1097 768 1180 Collegii
786 1099 823 1163 in
842 1099 902 1163 illo
922 1116 987 1163 suo
1006 1099 1137 1180 oppido
1153 1098 1324 1163 ducentos
1342 1097 1418 1162 fere
1437 1113 1497 1161 au·

268 1220 349 1269 reos
372 1204 481 1269 annui
507 1205 641 1271 reditus
663 1206 799 1288 optimi,
821 1216 857 1272 et
879 1205 956 1286 ejus
975 1223 1079 1271 soror
1100 1204 1109 1239 ¹
1131 1207 1283 1271 ducenta
1298 1204 1417 1270 modia
1439 1207 1497 1269 vel

266 1310 432 1391 aanegas
445 1312 614 1377 frumenti
628 1314 779 1393 singulis
794 1313 897 1378 annis
913 1313 959 1377 ad
969 1314 1109 1378 initium
1123 1312 1273 1393 Collegii
1289 1312 1494 1393 assignave-

266 1428 363 1499 rant,
384 1418 479 1501 quod
497 1419 581 1484 dum
600 1419 853 1485 aedificabatur
868 1430 1021 1503 quatuor
1044 1421 1088 1486 de
1108 1419 1286 1485 Societate
1306 1428 1429 1484 nostra
1451 1436 1495 1483 ac

266 1524 335 1590 duo
349 1527 553 1592 sacerdotes
569 1528 726 1593 residere
740 1527 927 1594 debebant.
1530 1518 1533 1523 ’

324 1632 416 1698 3071.
459 1632 531 1699 Sub
545 1634 651 1700 linem
665 1633 769 1715 hujus
784 1638 932 1701 aestatis
946 1654 969 1700 a
989 1634 1027 1702 P.
1048 1637 1243 1701 Francisco
1263 1635 1397 1716 Botgia
1411 1651 1492 1698 evo·

266 1750 368 1807 catus
382 1740 421 1807 P.
438 1740 673 1807 provincialis
687 1744 918 1808 Bustamante
937 1744 975 1808 in
989 1744 1181 1809 Castellum
1196 1744 1240 1807 ob
1255 1742 1399 1823 negotia
1414 1741 1490 1807 Col·

266 1849 349 1930 legii
363 1848 514 1914 Romani
525 1860 560 1915 et
574 1850 645 1915 alia
655 1850 842 1932 quaedam,
856 1868 937 1915 cum
948 1852 997 1915 ibi
1008 1852 1170 1916 nuntium
1182 1850 1299 1915 obitus
1311 1848 1349 1913 Ρ.
1362 1849 1492 1930 Ignatii

265 1956 477 2037 accepisset,
494 1966 529 2021 et
542 1956 578 2020 in
592 1956 668 2022 dies
687 1957 860 2039 profectio
881 1958 927 2023 ad
941 1956 1264 2040 congregationem
1286 1957 1490 2037 generalem

263 2061 418 2127 suturam
433 2072 694 2145 expectaretur,
710 2064 743 2128 in
760 2063 987 2130 Provinciam
1001 2081 1103 2130 suam
1118 2082 1190 2129 non
1202 2062 1322 2143 rediit3
1338 2079 1422 2128 nam
1436 2079 1489 2127 re·

263 2170 408 2235 cedente
423 2169 528 2234 Patre
542 2169 676 2251 Natali,
693 2169 768 2252 ejus
783 2189 891 2252 opera
906 2170 946 2235 Ρ.
961 2171 1177 2237 Franciscus
1190 2171 1228 2235 in
1241 2170 1298 2236 sui
1312 2168 1416 2235 officii
1431 2167 1490 2233 ad·

263 2276 523 2342 ministratione
538 2277 701 2342 utebatur
716 2276 740 2343 ¹.

320 2384 365 2449 Et
380 2384 470 2451 haec
483 2386 528 2451 de
541 2384 757 2451 Provinciali
771 2404 814 2451 ac
829 2385 1020 2454 Provincia
1035 2386 1213 2452 Baeticae.

300 2626 309 2661 ¹
338 2626 416 2672 Soror
427 2627 552 2673 Domlnae
562 2627 722 2676 catharinae
732 2628 883 2676 Fernandez
893 2631 925 2676 de
935 2629 1064 2686 Cordoba,
1074 2626 1277 2675 narchlonlme
1288 2624 1320 2667 de
1329 2622 1432 2679 Prlego,
1442 2633 1486 2669 ro·

258 2701 368 2746 eabatur
382 2699 508 2746 Theresla
525 2700 663 2756 Euriquez,
677 2703 754 2757 virgo
771 2702 826 2747 Deo
841 2713 919 2748 sacra
936 2704 962 2748 ln
979 2702 1106 2748 coenobio
1124 2699 1195 2747 stae.
1210 2697 1305 2744 Clarae
1319 2695 1483 2741 montillenai.

257 2769 323 2816 Vlde
334 2783 421 2828 cupra,
432 2778 451 2818 t.
462 2785 487 2828 v,
497 2773 615 2828 pagii&
624 2785 649 2818 n.
660 2774 713 2818 1⁴5⁴
721 2781 749 2819 et
758 2785 818 2830 pag.
827 2774 876 2828 512,
886 2786 911 2820 n.
922 2774 985 2820 1⁴81.

297 2843 309 2875 ¹
336 2841 429 2890 Confer
440 2855 505 2900 quae
515 2845 586 2891 dicta
595 2851 655 2891 aaut
664 2856 751 2902 cupra,
762 2857 786 2891 n.
796 2845 860 2890 2822.
