3642 5350
342 451 396 515 256
789 444 919 513 carol.
943 450 1019 515 Soc.
1046 444 1117 527 Jss.

360 650 364 659 .
405 600 493 666 1029.
536 599 606 666 Sed
622 582 803 681 respoudit
817 601 826 637 ¹
841 599 894 666 eis
904 598 944 665 Ρ.
957 600 1242 682 christophorus
1256 600 1300 665 de
1315 600 1491 679 Mendoza
1505 616 1577 665 non

344 708 611 791 relinquendum
631 726 710 773 esse
733 707 948 789 Collegium,
977 707 1037 773 ubi
1066 708 1210 773 scholae
1241 716 1389 790 apertae
1418 707 1574 786 fuerant,

343 816 426 883 licet
447 834 580 882 novum
594 816 679 881 illud
693 817 955 896 admitteretur,
972 816 1032 881 ubi
1055 824 1194 883 tantum
1211 817 1317 882 rebus
1331 816 1575 899 spiritualibus

343 922 504 989 Societas
515 932 672 989 vacaret.
685 924 729 990 Et
743 924 779 989 id
791 941 897 1005 quam
907 924 1065 990 maxime
1077 922 1270 1006 praelectis
1283 923 1379 989 illius
1390 922 1576 1005 hospitalis
1684 906 1700 919 ”

342 1032 523 1114 placebat,
549 1032 610 1113 qui
625 1032 693 1097 hoc
714 1040 892 1097 tantuma
913 1030 1092 1097 Societate
1117 1031 1323 1113 exigebant,
1344 1038 1384 1096 ut
1404 1033 1575 1113 templum

273 1170 276 1187 ·
343 1138 586 1205 Annuntiatae
606 1138 725 1205 Missis
746 1156 819 1205 nou
837 1139 980 1205 destitui
994 1139 1151 1205 sinerent
1168 1140 1283 1218 (erant
1308 1149 1427 1205 autem
1446 1138 1574 1219 viginti

344 1265 409 1313 sex
429 1246 586 1330 quotidie
606 1248 855 1329 celebrandae)
878 1246 969 1313 duos
991 1256 1180 1329 praeterea
1202 1248 1240 1313 in
1260 1264 1365 1313 usum
1390 1247 1575 1328 hospitalis

345 1356 617 1438 aegrotantium,
640 1356 700 1438 qui
721 1356 855 1421 eisdem
875 1364 1103 1421 sacramenta
1129 1355 1386 1435 ministrarent,
1410 1366 1446 1420 et
1467 1370 1576 1419 unum

345 1472 407 1529 aut
417 1464 648 1546 alterum,qui
659 1464 827 1529 trecentis
839 1465 898 1529 vel
908 1462 1179 1545 quadringentis
1190 1463 1390 1544 virginibus
1401 1461 1425 1543 ⁸,
1435 1470 1575 1544 praeter

344 1570 476 1637 Missae
490 1572 721 1652 sacrificium,
738 1572 956 1637 christianae
975 1571 1160 1637 doctrinae
1181 1582 1372 1654 praecepta
1394 1569 1574 1635 traderent

344 1689 380 1745 et
393 1681 468 1745 suis
482 1680 699 1762 temporibus
713 1697 836 1744 eorum
850 1678 1092 1745 consessiones
1106 1679 1279 1745 audirent.

409 1786 499 1853 1030.
541 1788 663 1869 Itaque
677 1786 825 1867 triginta
840 1785 1046 1851 sacerdotes
1058 1802 1138 1851 cum
1149 1786 1276 1867 viginti
1288 1786 1406 1863 laiciS,
1422 1786 1573 1868 applica·

345 1897 392 1961 tis
404 1895 588 1976 reditibus,
604 1903 805 1959 sustentare
820 1894 938 1975 parati
952 1903 1070 1990 erant·²
1083 1911 1149 1959 nec
1163 1903 1271 1959 cantu
1286 1894 1488 1959 divinorum
1503 1891 1572 1957 olii·

345 2004 480 2069 ciorum
494 2020 651 2084 gravare
665 2011 808 2067 nostros
823 2002 991 2070 volebant
1004 2018 1011 2082 ;
1028 2018 1111 2068 nam
1126 2001 1267 2068 aliunde
1283 2003 1351 2068 sibi
1371 2002 1575 2067 sacerdotes

346 2112 393 2177 ad
406 2108 607 2191 hujusmodi
625 2120 769 2175 cantum
789 2109 1048 2191 providissent,
1069 2119 1104 2175 et
1123 2126 1288 2191 prorsus,
1304 2111 1334 2175 si
1355 2129 1397 2174 ea
1416 2109 1574 2175 admitte·

346 2220 451 2284 batur
462 2218 663 2303 provincia,
675 2218 720 2283 ad
731 2233 902 2297 magnam
915 2218 1102 2283 utilitatem
1113 2217 1333 2298 spiritualem
1344 2217 1575 2300 plurimorum

346 2325 711 2405 cessura'uidebatur,
735 2334 770 2389 et
792 2322 964 2391 Societati
984 2322 1078 2389 haud
1103 2323 1208 2389 dubie
1233 2324 1515 2389 benevolentiam
1541 2333 1575 2389 et

347 2434 598 2503 auctoritatem
611 2433 648 2497 in
662 2449 706 2497 ea
717 2430 805 2497 urbe
816 2430 1054 2512 conciliasset,
1068 2440 1102 2495 et
1114 2432 1319 2513 primariam
1331 2432 1517 2497 ecclesiam
1529 2428 1575 2496 ad

346 2540 577 2623 praedicandi
588 2550 623 2604 et
634 2538 876 2605 confessiones
885 2538 1053 2603 audiendi
1063 2536 1217 2603 officium
1228 2537 1396 2604 Societati
1408 2537 1572 2603 dedisset.

347 2648 416 2715 Sed
432 2666 513 2714 cum
528 2666 570 2714 eo
585 2656 745 2730 tempore
760 2643 797 2711 Ρ.
817 2645 977 2728 Ignatius
996 2645 1042 2711 ad
1061 2645 1253 2712 Dominum
1275 2646 1479 2728 migrasset,
1500 2642 1574 2728 ejus

348 2757 523 2823 sententia
538 2755 582 2822 de
596 2755 797 2837 huJusmodi
813 2754 974 2834 Collegio
989 2754 1137 2834 intelligi
1151 2771 1222 2818 non
1237 2755 1362 2835 potuit.

388 3017 398 3053 ¹
425 3018 472 3064 lle.
483 3029 543 3064 cum
553 3017 763 3074 respondisset...

388 3093 401 3126 ¹
426 3091 463 3136 “E
476 3093 520 3148 plu
535 3092 558 3136 ci
573 3101 635 3134 rouo
651 3089 773 3145 uglluote,
785 3089 965 3143 solamente
979 3088 1050 3134 detto
1059 3088 1211 3143 Gettatelle,
1227 3089 1297 3134 elren
1311 3089 1488 3144 eloquerento,
1505 3089 1574 3143 quali

347 3174 440 3214 stanno
449 3167 491 3214 nel
501 3166 557 3210 loro
567 3165 644 3218 luogo
654 3167 794 3219 apportato
809 3171 934 3218 appresso
949 3161 1022 3206 detto
1037 3161 1191 3218 hospitato„
1202 3161 1241 3206 Dr
1252 3161 1395 3216 strennuo,
1412 3162 1429 3206 l.
1444 3171 1475 3216 c.,
1487 3161 1531 3206 iol.
1539 3161 1575 3206 tl.
