3642 5350
364 390 419 450 496
822 389 949 452 Cuaott.
970 391 1048 453 Soc.
1068 393 1140 468 Jus.

364 555 471 617 quam
496 535 697 617 hujusmodi
720 554 786 602 nec
811 540 919 602 talem
944 540 1182 604 instituendae
1199 538 1397 621 juventutis
1420 540 1595 603 rationem

363 645 478 708 visam
493 662 650 726 unquam
665 644 774 710 fuisse
787 645 1024 710 affirmabant.
1040 646 1162 728 Aliqui
1183 647 1277 711 hanc
1292 664 1371 711 esse
1393 647 1595 710 renovatio-

362 767 442 815 nem
459 751 566 816 studii
579 751 788 832 parisiensis
802 753 979 834 dicebant,
996 755 1090 836 quod
1105 755 1256 820 multum
1270 755 1462 818 recessisse
1486 772 1508 817 a
1529 771 1595 818 suo

364 858 509 938 antiquo
523 859 604 922 stilo
620 858 856 924 affirmabant.

421 966 511 1031 2142.
556 967 645 1032 Cum
659 967 760 1031 initio
773 966 1072 1033 Claramontanus
1081 967 1279 1051 Episcopus
1290 969 1334 1032 de
1346 967 1594 1032 transferenda

362 1072 603 1140 Universitate
618 1075 847 1155 Bigliomensi
862 1076 897 1138 in
913 1073 1127 1140 Societatem
1140 1078 1281 1157 agebat,
1305 1077 1414 1158 aliqui
1434 1093 1513 1141 sese
1533 1093 1590 1158 op·

362 1183 552 1262 ponebant,
568 1199 610 1246 eo
626 1181 720 1264 quod
734 1181 893 1246 dicerent
907 1194 1050 1247 nostros
1065 1200 1130 1262 pro
1141 1200 1207 1248 suo
1222 1184 1397 1248 arbitratu
1409 1184 1527 1247 omnia
1543 1183 1593 1247 la·

362 1298 495 1369 cturos,
510 1307 576 1354 nec
595 1287 803 1370 cujusquam
821 1291 996 1354 rationem
1017 1291 1213 1369 habituros;
1234 1289 1297 1354 sed
1317 1291 1366 1355 illi
1386 1291 1496 1354 etiam
1510 1290 1591 1371 ipsi,

362 1406 400 1460 ut
414 1397 588 1461 referebat
603 1397 772 1461 Decanus
786 1395 861 1478 ejus
876 1398 1061 1471 ecclesiae,
1082 1398 1187 1462 valde
1202 1400 1355 1478 probare
1370 1415 1430 1462 res
1448 1407 1595 1462 nostras

362 1513 564 1584 coeperunt,
582 1512 616 1568 et
632 1504 771 1583 meliuS,
792 1521 899 1584 quarn
919 1522 1074 1586 unquam
1093 1515 1309 1584 sperassent,
1331 1522 1370 1568 se
1389 1505 1522 1568 habere
1543 1513 1594 1568 te·

362 1612 558 1675 stabantur.

420 1717 511 1783 2143.
556 1717 728 1782 Omnibus
743 1719 861 1798 itaque
876 1718 968 1781 ratio
983 1718 1187 1782 scholarum
1202 1719 1448 1798 perplacebat.
1465 1717 1589 1782 Conle-

361 1827 531 1891 rebantur
545 1835 664 1890 autem
679 1843 759 1890 cum
778 1824 926 1889 Decano
946 1836 981 1889 et
999 1825 1182 1889 canonicis
1201 1827 1382 1904 nonnulla,
1406 1823 1594 1905 (quamvis

359 1935 405 1998 ad
419 1933 455 1996 id
473 1934 588 1997 nostri
607 1950 679 1997 non
697 1932 925 2010 tenerentur),
948 1942 987 1995 ut
1006 1918 1281 1996 communicatio
1303 1931 1518 1996 charitatem
1539 1931 1592 1996 fo-

359 2051 473 2118 veret;
490 2049 524 2104 et
542 2041 592 2104 ita
612 2056 735 2103 omnes
756 2056 837 2102 cum
858 2038 1037 2102 hilaritate
1058 2055 1102 2102 ac
1120 2039 1369 2103 benevolentia
1382 2039 1509 2104 studiis
1528 2057 1591 2102 no·

360 2148 444 2211 stris
459 2145 639 2210 favebant.

420 2253 510 2317 2144.
555 2253 674 2317 Prima
693 2251 887 2331 dominica,
909 2262 990 2332 post
1008 2252 1139 2316 festum
1161 2251 1200 2314 Β.
1223 2251 1472 2332 Magdalenae,
1494 2251 1592 2333 Mag.

360 2361 567 2425 Leonardus
582 2359 762 2424 Masserus
780 2360 927 2424 latinam
942 2360 1139 2424 orationem
1154 2359 1199 2423 de
1213 2360 1378 2423 laudibus
1392 2361 1591 2424 liberalium

360 2468 489 2531 artium
513 2469 549 2530 in
573 2466 778 2531 Cathedrali
803 2467 956 2530 ecclesia
981 2484 1103 2530 coram
1128 2467 1345 2548 primoribus
1372 2467 1489 2543 urbis,
1516 2477 1591 2530 tam

358 2574 611 2639 ecclesiasticis
631 2590 738 2654 quam
756 2573 976 2637 secularibus
998 2583 1033 2637 et
1052 2591 1184 2654 magua
1206 2575 1328 2654 populi
1350 2574 1586 2652 multitudine,

359 2682 493 2746 habuit.
511 2681 775 2747 Concurrerant
789 2692 823 2745 et
837 2681 1029 2761 foeminae3
1050 2680 1114 2745 sed
1129 2699 1190 2745 eas
1205 2691 1309 2745 extra
1324 2682 1495 2762 templum
1510 2681 1588 2745 mit·

358 2799 444 2867 tere,
461 2800 500 2853 ut
515 2790 614 2852 viros
626 2797 781 2869 caperet,
794 2789 962 2869 oportuit;
976 2798 1011 2851 et
1021 2788 1188 2868 gratiam,
1206 2789 1413 2866 memoriam
1426 2798 1461 2852 et
1476 2787 1592 2852 erudi-

359 2898 491 2961 tionem
505 2895 581 2977 ejus
596 2896 776 2959 auditores
790 2894 895 2959 valde
911 2905 994 2959 sunt
1012 2896 1192 2959 admirati.

415 3004 507 3066 2145.
550 3002 725 3068 Postridie
739 3002 777 3066 in
790 3020 922 3083 magna
938 3002 1093 3083 quadam
1107 3010 1141 3065 et
1155 3002 1301 3083 antiqua
1318 3003 1453 3083 schola,
1471 3004 1588 3066 altera

358 3112 519 3175 oratione
543 3110 644 3175 brevi
668 3111 881 3192 praemissa,
902 3110 1119 3174 rhetoricam
1137 3110 1326 3174 lectionem
1341 3110 1385 3173 de
1406 3108 1590 3174 Ciceronis

358 3218 612 3281 Partitionibus
632 3233 826 3297 aggressus
842 3226 906 3282 est.
929 3216 1024 3295 Mag.
1046 3216 1218 3281 Nicolaus
1232 3214 1447 3281 Paradensis
1460 3217 1589 3281 Demo·

357 3325 493 3400 sthenis
507 3326 704 3388 orationem
718 3340 887 3403 graecam
902 3324 1129 3405 interpretari
1146 3321 1154 3355 ¹
1170 3324 1278 3388 etiam
1293 3325 1421 3405 coepit,
1438 3335 1473 3388 et
1498 3333 1589 3389 uter·
1678 3332 1683 3339 ’

358 3449 425 3513 que
450 3432 578 3495 mirum
603 3432 639 3494 in
662 3432 805 3494 modum
829 3430 1012 3494 satisfecit.
1040 3429 1292 3494 Convenerant
1310 3432 1411 3494 multi
1436 3431 1587 3509 externi,

357 3540 439 3620 quia
453 3538 631 3602 nundinae
647 3553 688 3601 eo
707 3535 764 3600 die
783 3536 1069 3614 celebrabantur,
1091 3537 1135 3600 ad
1151 3536 1217 3601 has
1235 3537 1422 3617 lectiones,
1445 3548 1589 3618 praeter

357 3646 456 3711 cives
474 3645 676 3726 praedictos
696 3644 956 3723 bigliomenses;
978 3653 1013 3707 et
1031 3653 1069 3706 ut
1089 3644 1339 3708 auctoritatem
1354 3644 1487 3709 scholis
1506 3662 1588 3708 con·

356 3753 534 3831 ciliarent,
561 3752 627 3815 has
648 3750 927 3833 praemittendas
948 3750 1119 3815 lectiones
1137 3749 1175 3815 P.
1199 3752 1361 3833 Baptista
1384 3751 1555 3816 Violaeus
1576 3749 1589 3781 ⁸

357 3860 587 3925 existimavit.

414 3966 507 4031 2146.
550 3964 618 4030 Die
633 3976 752 4030 autem
765 3967 928 4048 sequenti
942 3983 1065 4030 omnes
1080 3967 1216 4028 classes
1236 3964 1410 4045 distingui
1433 3966 1589 4043 curavit3

354 4082 389 4137 et
403 4082 478 4138 tota
493 4073 716 4138 hebdomada
731 4073 978 4137 examinandis
993 4071 1175 4152 discipulis
1190 4080 1243 4135 est
1258 4071 1430 4152 impensa.
1447 4070 1587 4135 Deinde

355 4199 479 4246 omnes
505 4182 677 4245 lectiones
704 4182 778 4244 suis
803 4181 905 4245 statis
931 4180 1031 4244 horis
1054 4179 1244 4243 inchoatae
1270 4178 1426 4256 luerunt;
1454 4188 1490 4243 et
1514 4178 1591 4243 fere

357 4289 540 4370 quingenti
558 4288 762 4352 scholastici
785 4287 907 4368 primis
927 4288 996 4351 illis
1017 4286 1197 4351 mensibus
1216 4296 1476 4365 convenerunt,
1498 4286 1591 4350 inter

396 4566 405 4599 ¹
433 4564 482 4611 Mo.
493 4566 697 4621 interpretatori.

393 4638 406 4669 ¹
433 4636 479 4682 lis.
488 4639 584 4694 repetit
594 4638 689 4683 lterum
697 4637 928 4693 praemittendas.
