3642 5350
348 364 406 425 -248
684 331 687 335 Δ
815 368 943 431 Cuaou.
965 366 1041 431 Soc.
1062 368 1132 443 Jus.

353 526 399 573 ex
417 508 602 575 Theatinis
620 521 724 576 esset.
744 512 805 578 Ille
824 513 943 578 statim
961 503 1158 595 respondit:
1185 516 1253 579 “ex
1274 523 1348 579 toto
1369 510 1575 579 corde'sum

352 616 539 690 Societatis
552 617 668 701 Jesu„.
684 619 818 685 Atilia:
843 622 956 685 “nunc
971 631 1005 685 te
1021 621 1136 685 minus
1160 638 1241 685 amo
1256 639 1363 703 quarn
1378 622 1495 703 prius,
1516 621 1536 683 ¹.
1551 632 1555 637 '

413 724 483 788 948.
526 724 604 789 Hac
620 727 808 791 occasione
823 737 987 809 accepta,
1004 745 1112 809 eques
1133 729 1190 792 ille
1213 731 1322 793 multa
1342 729 1386 794 de
1400 728 1578 794 Societate

353 828 527 896 Ducissae
542 833 642 912 dixit,
658 844 693 897 et
707 834 842 899 monuit
855 852 901 898 ne
920 836 1074 899 animam
1087 836 1269 916 propriam
1283 835 1479 916 damnaret,
1496 836 1578 901 dum

353 938 566 1004 Societatem
585 940 755 1005 damnare
774 942 868 1019 vult,
889 951 924 1006 et
944 952 981 1006 ut
1001 953 1144 1007 curaret
1162 943 1293 1007 certior
1312 942 1388 1007 fieri
1408 943 1451 1007 de
1474 943 1579 1007 rebus

355 1045 553 1126 SocietatiS,
570 1066 615 1112 ne
630 1048 777 1127 fructuS,
793 1049 853 1129 qui
867 1049 1031 1131 impediri
1049 1059 1189 1130 poterat
1208 1050 1353 1131 propter
1372 1048 1451 1131 ejus
1472 1050 1579 1115 animi

355 1155 592 1235 aversionem,
609 1156 677 1237 ipsi
692 1157 934 1236 imputaretur.
952 1156 1052 1220 Tunc
1073 1156 1226 1220 Ducissa
1245 1157 1332 1221 satis
1352 1159 1480 1221 multas
1503 1175 1580 1221 esse

354 1262 546 1342 religiones
567 1272 602 1326 et
617 1262 815 1327 Ecclesiam
829 1280 901 1327 non
916 1263 1075 1343 indigere
1097 1262 1272 1327 Societate
1294 1273 1416 1329 nostra
1439 1268 1581 1345 respon·

354 1367 416 1433 dit.
432 1370 477 1433 Et
491 1387 573 1433 cum
586 1387 694 1450 eques
713 1370 878 1449 dixisset,
902 1372 1048 1452 “plusne
1069 1372 1125 1435 vis
1144 1388 1270 1451 sapere
1290 1389 1396 1452 quam
1417 1370 1582 1435 Summus

354 1476 518 1541 Pontifex
532 1486 567 1540 et
582 1476 821 1556 Cardinalesi,
837 1476 908 1542 Sed
922 1476 981 1540 illa
996 1478 1124 1558 quavis
1139 1478 1222 1542 data
1234 1476 1432 1558 occasione,
1449 1477 1581 1559 quam'⁸

356 1585 448 1647 male
469 1584 513 1649 de
527 1583 704 1649 Societate
719 1587 881 1663 sentiret,
897 1586 1077 1667 explicare
1093 1604 1162 1650 non
1181 1586 1360 1664 cessabat3
1377 1604 1443 1651 nec
1463 1585 1581 1650 Domi·
1607 1599 1611 1611 ·

355 1708 421 1755 nus
441 1692 656 1756 Franciscus
673 1691 836 1757 Pacheco
861 1690 872 1722 ⁵
898 1703 982 1757 tuuc
1007 1692 1148 1773 quidem
1172 1693 1361 1775 quicquam
1387 1694 1579 1774 respondit,

355 1800 518 1880 quamvis
542 1817 663 1864 coram
688 1800 765 1881 ipso
790 1800 943 1864 Ducissa
967 1802 1192 1881 loqueretur;
1218 1802 1309 1865 forte
1333 1818 1412 1865 eam
1437 1801 1581 1865 videbat

355 1906 529 1971 Ducissae
543 1907 795 1987 habitudinem,
813 1917 849 1970 ut
863 1908 950 1971 nihil
965 1926 1003 1972 se
1018 1908 1106 1972 bene
1117 1908 1323 1972 effecturum
1331 1906 1505 1989 judicaret
1517 1906 1539 1971 ⁴.

416 2013 488 2077 949.
531 2014 586 2078 Ex
601 2016 822 2096 praescripto
836 2014 871 2078 Ρ.
887 2014 1017 2093 ignatii
1031 2026 1243 2095 procurator
1258 2015 1421 2079 sanitatis
1435 2014 1583 2096 Neapoli

356 2122 537 2186 institutus
563 2132 617 2185 est
638 2131 719 2202 post
741 2123 942 2202 ingressum
961 2120 1105 2186 Domini
1128 2122 1277 2205 Joanuis
1295 2123 1339 2186 de
1363 2121 1535 2187 Mendoza
1558 2122 1581 2201 ⁸;

356 2231 417 2310 qui
435 2229 535 2294 initio
555 2229 738 2293 Februarii
759 2228 911 2293 Romam
932 2230 976 2293 ad
1001 2227 1215 2294 Societatem
1233 2229 1409 2311 proficisci
1428 2229 1582 2309 volebat,

356 2338 451 2419 quod
466 2338 568 2400 aliter
588 2353 780 2416 numquam
805 2353 855 2415 se,
882 2339 1055 2415 velsero,
1082 2336 1307 2401 obtenturum
1331 2336 1536 2401 facultatem
1562 2354 1583 2399 a

356 2444 455 2525 Rege
469 2444 707 2510 existimabat.
724 2443 812 2509 Cum
828 2454 946 2509 autem
962 2444 1056 2509 aliud
1070 2461 1141 2509 non
1156 2458 1276 2526 posset
1294 2444 1332 2509 P.
1355 2444 1582 2527 Christopho·

397 2691 407 2726 t
435 2689 479 2736 ‘L’
489 2690 569 2735 offlclo
580 2691 646 2735 fatto
656 2701 703 2745 per
712 2691 730 2734 ll
741 2689 863 2734 cavaller
874 2689 956 2734 Rosso
966 2701 1015 2734 non
1024 2692 1047 2733 ci
1059 2691 1073 2734 e
1083 2699 1161 2744 paruo
1171 2699 1264 2742 nuovo,
1275 2689 1323 2734 che
1333 2689 1357 2733 ci
1369 2699 1385 2733 a
1396 2689 1464 2734 lutto
1476 2689 1538 2734 altrl
1550 2689 1583 2732 rl·

357 2764 464 2818 levanti,
474 2769 501 2808 et
512 2767 525 2806 e
535 2764 614 2807 molto
629 2764 712 2806 buona
727 2773 789 2806 cosa
801 2773 849 2806 con
864 2767 933 2807 tutte
949 2763 972 2805 le
985 2773 1029 2805 sue
1045 2761 1148 2805 iacezte.
1164 2760 1311 2806 Havereruo
1326 2772 1388 2806 caro
1403 2761 1428 2806 dl
1440 2761 1545 2806 rederlo
1556 2761 1581 2806 ln

357 2835 462 2888 Roma„
472 2834 609 2888 Poleam,
620 2844 653 2877 ex
663 2845 738 2885 conr„
748 2833 822 2878 Patri
833 2832 1022 2887 christophoro
1030 2832 1061 2876 de
1071 2831 1201 2888 Mendoza,
1212 2831 1262 2878 22⁸
1272 2832 1369 2878 hiartll.

399 2910 411 2940 ¹
438 2906 630 2960 lla.quamvts.

398 2980 410 3012 ⁵
436 2980 521 3029 Alius,
531 2985 559 3022 ut
569 2978 681 3031 videtur,
692 2990 708 3022 a
716 2978 857 3033 cardinali,
868 2980 911 3034 qui
922 2979 1056 3034 Pro-regis
1066 2979 1137 3024 vices
1148 2978 1255 3034 Neapoli
1267 2984 1395 3034 gesserat.

398 3053 410 3085 ⁴
438 3050 527 3095 Simile
537 3050 597 3105 quid
607 3050 703 3094 accidit
711 3051 802 3106 pauclr
813 3057 870 3105 post
881 3051 1011 3094 mensibus
1021 3049 1153 3095 cardinali
1163 3051 1194 3095 de
1209 3052 1235 3095 la
1246 3049 1342 3100 Caetra.
1352 3057 1379 3094 ut
1392 3049 1481 3093 videre
1495 3055 1534 3094 est
1546 3049 1583 3092 ln·

358 3123 504 3176 ira,n.994.

399 3195 411 3227 ⁵
437 3193 508 3238 Vere
523 3193 625 3246 quidem
638 3199 696 3248 poat
711 3192 816 3246 Joaunls
827 3192 858 3236 de
872 3192 994 3238 Nendoza
1011 3193 1154 3248 ingressum
1169 3199 1323 3248 procurator
1337 3193 1458 3238 sanitatis
1475 3192 1583 3248 Neapoli

359 3266 493 3312 institutus
510 3271 562 3319 est;
580 3264 625 3308 aed
646 3267 701 3321 ejus
716 3265 865 3309 instituendi
886 3267 1047 3309 occasionem
1066 3275 1117 3308 nou
1131 3264 1237 3318 Joannie
1248 3265 1380 3320 ingressus
1394 3265 1524 3320 praebuit.
1541 3265 1585 3309 red

360 3338 498 3383 Octaviani
506 3336 642 3391 Neapolim
657 3337 793 3381 adventus,
804 3337 884 3390 Quem
895 3345 983 3380 autem
994 3343 1189 3390 procuratorem
1197 3337 1340 3391 hujusmodl
1348 3338 1502 3392 designabat
1510 3337 1585 3392 Igna·

360 3410 410 3454 tius
421 3409 476 3463 lpse
485 3409 533 3452 luit
544 3407 712 3451 Octavianus.
722 3410 763 3452 “et
773 3408 868 3462 perche
879 3409 920 3451 nel
934 3408 1049 3462 collegio
1065 3420 1114 3452 non
1129 3409 1231 3452 maachi
1247 3411 1273 3453 la
1289 3419 1351 3452 eura
1365 3410 1412 3452 che
1426 3409 1448 3453 sl
1463 3409 1587 3453 conviene

360 3480 429 3536 degli
439 3479 584 3533 indispoarl.
596 3479 691 3524 Nostro
702 3479 785 3523 Padre
796 3481 872 3522 vnole
887 3480 935 3523 che
946 3480 967 3523 sl
984 3481 1066 3524 laccla
1083 3489 1251 3534 procuratore
1267 3481 1335 3524 della
1350 3480 1444 3532 sanita,
1458 3491 1529 3524 come
1546 3481 1587 3522 nel

360 3551 476 3606 Colleglo
494 3549 619 3604 Romano,
636 3563 650 3594 e
665 3555 727 3602 pero
742 3552 765 3595 al
780 3551 909 3595 mundano
925 3554 967 3606 qul
984 3553 1007 3596 le
1023 3553 1110 3606 regola
1125 3552 1149 3594 di
1168 3563 1233 3602 earo.
1247 3552 1316 3606 quali
1333 3551 1360 3594 vi
1376 3551 1440 3595 dara
1455 3551 1473 3594 ll
1489 3550 1516 3594 Ρ.
1528 3549 1589 3593 Ret-

360 3632 417 3669 tore
427 3623 531 3667 insleme
542 3634 589 3667 cou
600 3623 616 3666 l’
626 3623 710 3666 ollicio
721 3623 800 3675 detto,
811 3624 915 3678 perche,
929 3623 1035 3667 essendo
1046 3624 1089 3667 vol
1100 3624 1237 3677 bisognoao
1247 3623 1272 3667 dl
1283 3623 1363 3678 alato,
1371 3629 1475 3678 saprete
1484 3633 1587 3677 compa·

360 3697 410 3740 tlre
420 3695 474 3750 agli
484 3695 554 3739 altri:
565 3706 579 3738 e
590 3695 615 3738 vi
627 3695 717 3740 ordina
728 3694 912 3749 specialmente
921 3695 1016 3740 Nostro
1024 3695 1108 3740 Padre
1119 3695 1167 3739 che
1176 3697 1329 3740 essercitute
1338 3695 1409 3738 detto
1418 3693 1499 3738 officio
1512 3705 1587 3738 verso

360 3768 385 3812 dl
395 3765 437 3812 voi
448 3766 668 3822 diligentemente.
680 3767 706 3810 Sl
717 3778 878 3821 presuppone
890 3772 951 3821 pero
962 3767 1008 3812 che
1024 3767 1137 3822 possiate
1152 3768 1228 3820 lurlo,
1245 3767 1262 3811 li
1279 3769 1327 3810 che
1341 3778 1369 3810 se
1383 3777 1433 3810 non
1448 3773 1558 3820 potrete,
1570 3763 1588 3809 il

360 3839 389 3884 P.
399 3839 507 3883 Rertore
522 3839 587 3882 dara
598 3845 690 3893 questa
700 3849 763 3882 cura
774 3840 807 3884 ad
822 3840 863 3883 un’
873 3841 951 3892 altro,
967 3840 1048 3884 inslno
1060 3851 1075 3883 a
1086 3847 1160 3884 tanto
1170 3840 1217 3882 che
1229 3839 1270 3882 voi
1282 3839 1397 3894 possiate
1407 3840 1530 3891 teucria„
1541 3837 1587 3881 l’o·

359 3913 457 3964 lancua,
468 3921 501 3954 ex
511 3921 586 3964 com„
596 3910 740 3954 Octavlano
749 3909 847 3965 Cesari,
858 3911 908 3955 22⁸
916 3909 1157 3956 Februarii-“Non
1168 3911 1287 3954 havendo
1296 3912 1321 3954 ln
1332 3911 1424 3964 Napoll
1433 3915 1587 3965 procurator

360 3984 429 4027 della
439 3982 534 4035 aanltit.
544 3981 639 4026 Nostro
650 3982 734 4026 Padre
745 3985 820 4027 vuole
832 3984 854 4026 al
865 3984 949 4028 larcia
957 3995 1038 4030 uno.e
1049 3983 1066 4026 ll
1076 3993 1138 4037 pare
1148 3983 1187 4027 ala
1197 3982 1346 4028 Ottavlauo.
1358 3983 1389 4026 V.
1400 3982 1430 4027 R.
1438 3983 1536 4026 vedere
1545 3993 1589 4026 suo

361 4058 455 4101 lettere
466 4066 479 4097 e
491 4055 579 4108 regola
590 4055 649 4098 dell'
661 4055 752 4108 officio,
764 4054 811 4099 che
827 4056 849 4098 al
865 4066 945 4099 usano
960 4056 986 4099 ln
1002 4055 1091 4109 Roma,
1103 4067 1116 4098 e
1127 4055 1144 4098 ll
1155 4054 1228 4099 dara.
1244 4054 1277 4098 Sc
1292 4066 1355 4110 pure
1369 4064 1419 4098 non
1433 4061 1535 4108 pqtease
1552 4060 1591 4098 at·

311 4162 314 4171 .
361 4127 467 4172 tendere
476 4125 626 4179 ortatiano,
635 4127 667 4170 V.
677 4127 709 4170 R.
718 4128 803 4171 faccia
813 4128 854 4170 un'
864 4129 941 4179 altro,
950 4133 976 4171 et
985 4128 1080 4172 habbia
1088 4128 1192 4177 cura.di
1202 4127 1301 4182 grazia,
1312 4127 1359 4170 che
1370 4137 1418 4170 non
1428 4127 1450 4170 sl
1461 4127 1563 4170 manchl
1576 4137 1592 4169 a

360 4210 419 4243 esso
429 4199 448 4243 il
457 4210 574 4252 governo
584 4200 755 4244 conveniente
765 4232 777 4253 „
787 4199 865 4252 idem,
878 4211 910 4242 ea·
921 4211 996 4247 conr..
1011 4199 1083 4243 Patri
1100 4198 1286 4252 Chriutophoro
1295 4199 1327 4242 de
1340 4197 1470 4250 Nendozn,
1484 4198 1511 4242 23
1521 4199 1534 4223 ⁸
1544 4197 1592 4242 Fe·

361 4271 535 4315 bruerii-At
553 4282 611 4316 curu
622 4273 696 4326 pelas
713 4272 739 4316 ln
750 4272 805 4316 dlee
821 4279 875 4315 turn
890 4282 999 4326 corpore
1011 4277 1065 4315 tum
1079 4272 1164 4314 anlmo
1180 4272 1281 4316 caleret
1293 4269 1460 4322 Octavianus,
1476 4269 1593 4314 commia-

361 4355 417 4387 eum
427 4343 476 4387 hoc
487 4355 578 4387 munus
589 4352 629 4388 est
639 4355 655 4387 a
666 4344 777 4388 Rectore
786 4343 895 4392 Colleail
904 4342 1014 4387 Domino
1024 4342 1118 4396 Joanni
1125 4343 1156 4386 do
1165 4343 1294 4394 blendoza,
1303 4353 1394 4386 recens
1404 4343 1428 4386 in
1439 4341 1540 4386 domum
1550 4341 1592 4385 ad·

361 4415 447 4459 misso.
458 4413 502 4458 ‘Cl
510 4425 574 4470 pare
585 4416 648 4460 bene
659 4417 674 4458 l‘
684 4414 768 4459 officio
778 4415 839 4459 dato
852 4426 869 4458 a
880 4414 936 4458 Don
948 4413 1076 4458 Glovannl
1092 4415 1116 4457 dl
1132 4421 1301 4468 procuratore
1312 4413 1380 4456 della
1398 4413 1493 4456 sanita.
1504 4411 1541 4456 Le
1552 4423 1592 4455 re·

361 4489 420 4542 gole
429 4488 476 4530 che
487 4487 512 4530 dl
523 4499 574 4541 qua
584 4488 605 4530 si
616 4499 704 4539 urano,
714 4487 747 4530 ho
758 4486 825 4529 fatto
835 4486 940 4540 copiare
951 4486 996 4528 esi
1007 4486 1134 4530 mandabo
1146 4487 1211 4540 quh„
1227 4484 1305 4538 idem,
1318 4485 1408 4536 eidem,
1419 4483 1459 4527 a*
1469 4483 1592 4528 Martii.-

361 4559 452 4613 ltaque
463 4559 641 4603 existimamus
655 4558 819 4602 scribendum
836 4557 878 4602 blc
890 4568 945 4602 esse
962 4567 1011 4602 nou
1023 4555 1135 4602 Domini
1148 4557 1273 4613 Ioannis,
1288 4557 1354 4612 quod
1365 4557 1499 4612 perspicue
1511 4556 1590 4622 habet

363 4643 419 4683 ma..
431 4631 476 4675 aed
487 4631 620 4675 Dominus
629 4629 759 4686 Joannrs.
