3642 5350
379 423 435 483 72⁴
838 422 968 484 Canon.
987 420 1064 484 Soc.
1083 420 1155 495 Jns.

378 570 472 651 gulis
486 566 682 646 mensibus,
696 567 755 633 vel
768 568 894 633 saltem
910 566 1152 648 hebdomadis,
1169 567 1216 632 ad
1229 575 1455 633 sacramenta
1468 564 1604 633 confes·

379 677 490 743 sionis
513 686 548 742 et
572 676 820 742 Eucharistiae
845 676 1082 757 accedebant;
1106 673 1343 741 familiaribus
1367 675 1477 741 etiam
1500 675 1606 740 coilo·

379 784 471 867 quiis
486 785 616 850 multos
630 783 755 864 nostri,
771 784 894 849 divina
915 783 1035 865 gratia
1052 781 1176 865 adjuti,
1199 800 1222 848 a
1240 784 1337 849 vitae
1357 782 1605 865 pravitatead

378 892 548 974 pietatem
561 890 793 958 christianam
808 900 1035 956 revocarunt:
1051 890 1153 955 multi
1166 900 1285 956 autem
1298 890 1391 955 inter
1403 888 1607 973 hujusmodi

379 999 515 1065 nobiles
528 1006 564 1064 et
583 1015 737 1081 magnae
751 998 975 1065 auctoritatis
988 998 1059 1064 viri
1072 1010 1192 1080 erant;
1208 1008 1302 1065 etex
1322 999 1405 1080 illis,
1421 998 1484 1081 qui
1495 999 1607 1065 semel

379 1107 511 1174 nostris
525 1106 686 1175 confiteri
701 1118 904 1189 coeperant,
922 1124 993 1171 non
1007 1108 1123 1171 solum
1142 1106 1190 1171 ad
1211 1105 1470 1190 frequentanda
1489 1122 1609 1171 sacra·

378 1224 509 1297 menta,
528 1213 592 1280 sed
611 1214 658 1279 ad
681 1214 971 1281 honestissimam
991 1214 1099 1279 etiam
1115 1214 1210 1279 vitae
1230 1214 1409 1281 rationem
1431 1231 1472 1279 se
1493 1214 1608 1280 teneri

379 1322 641 1389 existimabant.
671 1320 941 1387 Reverebantur
969 1329 1089 1386 autem
1112 1330 1266 1403 nostros,
1290 1330 1327 1388 et
1351 1340 1396 1388 ea
1420 1321 1609 1388 devotione

379 1430 695 1513 prosequebantur,
708 1436 747 1494 ut
758 1428 1055 1512 quandocumque
1069 1428 1122 1495 eis
1136 1428 1401 1510 confiterentur,
1413 1445 1453 1493 se
1464 1428 1610 1517 J'ubilae·

380 1555 441 1604 um
459 1537 618 1602 obtinere
632 1544 809 1619 putarent.
828 1575 832 1589 ·
1179 1530 1182 1535 ’
1274 1537 1278 1545 ’

441 1644 533 1710 3129.
574 1644 671 1709 Vere
692 1653 811 1709 autem
824 1642 1020 1730 jubilaeum
1042 1643 1078 1707 17
1098 1641 1184 1724 Maji
1202 1646 1467 1726 promulgatum
1487 1654 1553 1727 est,
1573 1646 1610 1711 in

383 1771 453 1837 quo
478 1752 594 1817 minus
617 1751 737 1832 utique
762 1750 976 1816 multitudini
1004 1750 1246 1816 confitentium
1270 1770 1378 1833 quam
1407 1753 1487 1818 aliis
1506 1754 1611 1819 annis

384 1860 549 1927 satisfieri
566 1868 718 1941 poterat,
743 1859 864 1924 multis
878 1868 998 1923 tamen
1017 1867 1071 1923 est
1091 1858 1327 1925 satisfactum.
1349 1860 1433 1925 Fuit
1452 1848 1610 1927 etiam'in

384 1986 529 2035 carcere
543 1966 794 2051 praedicatum
801 1966 846 2030 ab
860 1983 916 2046 eo,
932 1966 992 2048 qui
1007 1965 1104 2031 domi
1115 1950 1259 2032 nostrae
1273 1985 1316 2031 eo
1330 1986 1477 2034 munere
1490 1967 1611 2050 iunge·

384 2078 500 2157 batur;
515 2084 551 2140 et
564 2074 737 2139 concione
761 2083 919 2154 peracta,
935 2090 1018 2138 cum
1038 2074 1137 2139 socio
1152 2091 1283 2156 aquam
1302 2093 1349 2140 ex
1366 2074 1464 2140 sonte
1482 2076 1612 2141 vinctis

385 2183 561 2264 adserens,
577 2191 613 2247 et
628 2182 698 2246 afia
712 2180 908 2247 ministeria
923 2181 1106 2262 exhibens,
1122 2184 1273 2248 muitum
1286 2183 1338 2247 eis
1356 2182 1614 2249 aedificationis

384 2292 626 2376 praestabant.
644 2289 776 2355 Omnes
791 2299 910 2355 autem
925 2298 1099 2373 quotquot
1112 2290 1149 2355 in
1163 2308 1207 2355 ea
1221 2291 1383 2357 custodia
1401 2302 1518 2372 erant,
1534 2310 1612 2374 pec·

386 2408 469 2467 cata
487 2398 648 2465 confiteri
668 2398 874 2478 voluerunt,
895 2407 931 2462 et
951 2398 1107 2479 quodam
1130 2414 1178 2462 cx
1202 2398 1335 2463 nostris
1358 2398 1506 2464 Missam
1526 2400 1613 2465 cele·

386 2510 524 2589 brante,
536 2506 852 2572 communicarunt.

446 2614 539 2684 3130.
582 2613 744 2682 Studium
773 2622 890 2680 autem
920 2614 1206 2680 convenientium
1233 2614 1279 2680 ad
1309 2614 1552 2681 confessiones
1579 2616 1615 2682 in

386 2725 554 2809 jubilaeo,
571 2741 674 2789 exeo
689 2724 786 2788 cerni
800 2723 914 2804 potuit
933 2722 1029 2803 quod
1049 2723 1085 2787 in
1105 2724 1257 2788 ecclesia
1276 2734 1488 2805 pernoctare
1507 2725 1615 2806 aliqui

389 2833 604 2914 statuebant,
625 2841 665 2895 ut
688 2831 813 2911 nostri,
834 2831 895 2911 qui
913 2830 1025 2894 multa
1043 2839 1147 2896 nocte
1165 2849 1203 2896 se
1222 2832 1366 2897 domum
1383 2831 1613 2915 recipiebant,

389 2959 453 3007 eos
466 2941 583 3024 primo
597 2942 677 3003 loco
697 2956 802 3003 mane
821 2936 995 3003 audirent.

450 3047 542 3115 3131.
586 3045 804 3128 Quibusdam
813 3045 1141 3111 sanctimonialibus
1152 3047 1617 3128 spiritualiaexercitiacum

393 3171 525 3236 magna
537 3155 696 3236 ipsarum
709 3153 883 3234 spirituali
897 3153 1050 3218 utilitate
1063 3153 1195 3219 tradita
1208 3153 1363 3220 fuerunt.
1381 3155 1473 3220 Aliis
1488 3156 1617 3234 multis,

393 3262 429 3328 id
442 3263 655 3345 petentibus,
671 3258 835 3326 satisfieri
850 3279 922 3326 non
939 3261 1064 3343 potuit.

451 3369 545 3435 3132.
587 3368 801 3450 Aliquando,
822 3368 906 3434 dum
924 3387 1033 3433 unum
1054 3369 1151 3450 pium
1170 3387 1261 3452 opus
1275 3371 1485 3453 curabatur,
1501 3373 1620 3438 oblata

393 3479 593 3558 occasione,
617 3476 687 3542 alia
705 3476 852 3556 fiebant,
875 3486 914 3541 ut
936 3477 1066 3542 accidit
1085 3494 1167 3542 cum
1187 3476 1327 3560 [aliquis
1345 3497 1392 3544 ex
1410 3482 1542 3546 nostris
1561 3479 1620 3562 ad]

393 3593 639 3669 aegrotantem
660 3585 851 3666 quamdam
869 3585 1064 3664 mulierem,
1085 3583 1320 3651 consessionis
1338 3588 1457 3668 gratia
1471 3590 1620 3654 accersi·

393 3704 463 3775 tus,
479 3693 604 3760 adiret.
620 3693 795 3758 Intellexit
809 3690 885 3771 ejus
900 3693 1067 3757 maritum
1080 3710 1163 3758 cum
1177 3694 1248 3758 alio
1262 3694 1467 3761 inimicitias
1481 3712 1619 3777 gerere,

393 3818 459 3867 nec
474 3810 557 3866 ante
571 3799 719 3865 recessit
737 3818 782 3864 ex
797 3817 839 3864 ea
859 3801 976 3881 domo,
998 3817 1105 3882 quam
1126 3801 1173 3866 ad
1192 3818 1255 3866 eas
1269 3801 1497 3885 deponendas
1511 3804 1620 3868 homi·

394 3927 475 3974 nem
491 3909 695 3974 adduceret.

454 4017 545 4081 3133.
589 4016 679 4081 Cum
693 4015 801 4080 aliurn
819 4015 927 4081 etiam
941 4017 1131 4098 quemdam
1143 4018 1261 4082 virum
1274 4019 1429 4083 nobilem
1451 4018 1496 4084 ad
1510 4020 1624 4084 inimi·

393 4125 498 4190 citias
513 4122 763 4206 relinquendas
777 4124 993 4202 hortaretur,
1015 4125 1046 4189 si
1070 4143 1112 4189 ea
1138 4126 1174 4188 in
1200 4143 1239 4190 re
1258 4125 1356 4191 Deus
1376 4125 1623 4207 offenderetur,

396 4251 435 4296 se
449 4241 615 4314 paratum
630 4247 708 4295 esse
724 4231 770 4296 ad
785 4248 847 4295 eas
861 4232 983 4296 statim
997 4232 1225 4314 deponendas
1239 4243 1388 4315 propter
1398 4234 1513 4300 Deum
1528 4235 1624 4300 obtu-

394 4341 446 4421 lit;
462 4349 497 4404 et
513 4341 563 4404 ita
579 4339 649 4404 alia
664 4338 815 4420 piurima
827 4355 899 4403 non
910 4357 1043 4420 magno
1056 4340 1178 4406 labore
1187 4342 1313 4423 nostri,
1327 4341 1404 4406 Deo
1419 4341 1624 4424 adjuvante,

395 4448 439 4512 ab
455 4446 654 4511 hominibus
669 4447 926 4528 impetrabant,
943 4457 981 4512 ut
996 4466 1088 4530 quae
1107 4449 1153 4513 ad
1172 4449 1378 4514 eorumdem
1397 4453 1455 4514 vel
1475 4451 1625 4517 aliorum

395 4555 615 4638 spiritualem
630 4555 781 4618 salutem
796 4557 854 4618 vel
869 4554 1068 4636 proiectum
1082 4558 1356 4623 conveniebant.

455 4661 546 4728 3134.
590 4661 736 4742 Aliquot
758 4679 898 4725 menses
919 4672 1109 4744 antequam
1129 4664 1165 4728 in
1179 4663 1316 4731 Indiam
1337 4665 1534 4748 Episcopus
1553 4665 1623 4731 An·
