3642 5350
799 406 863 466 Au.
885 406 957 467 1556
1248 423 1250 428 ·
1436 413 1488 471 461

260 550 403 614 obviam
425 552 532 630 irent;
555 562 590 615 et
611 552 664 615 eis
678 570 717 615 se
737 550 933 631 adjungere
951 552 989 617 P.
1011 554 1232 629 Romamne,
1253 556 1283 620 si
1303 557 1440 621 curiam
1455 568 1492 622 et

258 658 441 737 negotium
455 658 541 721 iliud
555 661 786 739 praecipuum
801 660 1000 740 relinquere
1015 662 1198 740 potuisset,
1215 664 1382 745 cupiebat
1396 662 1417 727 ¹.

322 764 408 828 1983.
454 765 586 829 Oculos
608 768 715 833 etiam
736 768 898 830 canonici
921 779 1151 832 tornacenses
1175 772 1384 850 aperiendo,
1408 788 1490 835 curn

259 874 375 936 nullos
390 890 520 952 pueros
540 872 615 954 jam
634 874 851 953 invenirent,
874 876 934 955 qui
954 876 991 938 in
1010 877 1264 941 ecclesiasticis
1283 879 1493 944 ministeriis

259 978 338 1043 Deo
354 980 489 1044 servire
505 982 651 1059 vellent,
670 979 852 1060 (juventus
872 982 966 1046 enim
988 984 1106 1063 potius
1120 1001 1228 1063 quam
1242 984 1314 1048 alia
1327 996 1429 1049 aetas
1443 988 1489 1049 ad

259 1087 435 1151 haeresim
451 1105 627 1168 propensa
643 1088 877 1167 cernebatur),
891 1089 936 1151 de
946 1089 1198 1154 reformatione
1213 1090 1418 1157 scholarum
1432 1112 1491 1157 co·

258 1194 375 1272 gitare
400 1204 434 1258 et
460 1205 617 1259 tractare
642 1205 845 1275 coeperant.
878 1177 1277 1275 Collegium'habebant
1303 1198 1490 1265 duodecim

258 1318 450 1381 puerorum
466 1318 673 1382 pauperum,
701 1320 851 1382 quornm
873 1314 1085 1383 praeceptor
1099 1304 1262 1383 publicae
1275 1306 1384 1370 etiam
1404 1308 1491 1371 civi·

257 1410 342 1471 tatis
357 1410 503 1473 scholae
522 1418 698 1490 praeerat.
754 1470 758 1481 ,

321 1514 409 1579 1984.
454 1515 635 1597 Op'tabant
650 1527 767 1581 autem
784 1516 892 1597 aliqui
907 1534 953 1580 ex
970 1517 1026 1580 his
1048 1519 1213 1582 canonici
1227 1528 1266 1582 ut
1285 1518 1322 1584 P.
1339 1521 1490 1586 Bernar-

257 1622 334 1699 dus,
352 1622 428 1703 ejus
443 1624 583 1703 collegii
599 1641 722 1687 curam
737 1626 863 1687 saltem
879 1624 926 1687 ad
940 1634 1079 1705 tempus
1095 1636 1293 1689 assumeret
1307 1625 1336 1707 ';
1357 1626 1420 1689 sed
1443 1629 1489 1691 ad

257 1730 295 1794 P.
313 1731 490 1811 ignatium
510 1730 633 1810 rejecit
655 1731 712 1794 ille
732 1748 962 1811 responsum,
986 1748 1091 1812 quem
1111 1733 1304 1811 consuluit,
1325 1751 1410 1798 num
1429 1735 1488 1798 ad-

257 1838 350 1902 mitti
374 1838 519 1901 deberet
543 1835 743 1917 hujusmodi
769 1838 1013 1916 collegiolnm,
1041 1855 1122 1901 cum
1146 1849 1289 1918 praeter
1311 1858 1491 1921 expensas

257 1952 539 2025 praeceptorum,
557 1962 646 2025 quas
661 1944 825 2008 canonici
847 1943 964 2007 daturi
985 1944 1210 2024 videbantur,
1235 1944 1272 2009 P.
1298 1945 1490 2027 Quintinus

257 2068 321 2115 sex
339 2063 400 2115 aut
418 2062 499 2114 octo
521 2052 754 2115 scholasticos
776 2050 964 2116 Societatis
985 2052 1081 2115 domi
1102 2069 1189 2117 suae
1211 2062 1332 2133 posset
1351 2064 1489 2119 susten-

256 2169 349 2239 tare,
377 2168 411 2223 et
425 2160 477 2223 sic
499 2159 677 2239 specimen
700 2158 842 2239 aliquod
861 2158 940 2222 dari
959 2176 1065 2240 posse
1086 2163 1318 2240 collegiorum
1341 2174 1489 2227 nostrae

256 2266 446 2332 Societatis
457 2264 468 2296 ³
480 2265 678 2345 videbatur3
691 2274 726 2329 et
737 2266 846 2347 aliqui
858 2266 1022 2330 fortassis
1035 2266 1079 2328 ad
1088 2267 1332 2333 fundationem
1345 2271 1490 2349 collegii

257 2392 297 2438 ea
314 2374 451 2437 ratione
465 2374 603 2438 moveri
618 2382 793 2453 poterant.
815 2370 886 2437 Sed
900 2374 931 2436 sl
946 2374 1014 2435 hoc
1028 2391 1156 2437 munus
1172 2394 1192 2437 a
1209 2377 1341 2439 nostris
1357 2378 1489 2440 obeun-

256 2480 339 2545 dum
355 2492 449 2561 erat,
473 2481 543 2545 duo
563 2490 828 2561 praeceptores,
853 2481 944 2543 alter
963 2480 1176 2559 rhetoricae,
1199 2482 1289 2545 alter
1303 2482 1488 2545 humanio-

255 2606 334 2653 rum
347 2591 563 2665 litterarum,
579 2588 691 2652 Roma
715 2588 905 2651 mittendos
924 2604 1003 2649 esse
1022 2587 1186 2666 scripsit;
1208 2588 1272 2651 sed
1292 2587 1331 2653 P.
1348 2588 1490 2668 ignatio

256 2697 371 2761 visum
387 2714 458 2760 non
474 2706 526 2760 est
542 2695 742 2775 huiusmodi
757 2697 945 2775 collegium
960 2695 1158 2758 admittere.

319 2804 406 2868 1985.
450 2804 605 2887 Jacobus
620 2803 677 2865 ille
691 2803 895 2880 burgensis,
913 2802 1042 2882 dequo
1063 2802 1227 2882 superius
1242 2803 1375 2866 mentio
1391 2803 1488 2868 facta

256 2923 307 2974 est
323 2909 346 2989 ⁸,
368 2911 462 2992 quod
476 2911 631 2974 Tornaci
645 2909 691 2972 ad
705 2907 919 2976 Societatem
934 2908 1116 2988 aspirabat
1131 2925 1175 2972 ex
1191 2919 1287 2987 vote,
1310 2910 1489 2974 instabilis

254 3018 331 3099 fuit,
348 3029 383 3083 et
398 3035 546 3081 uxorem
560 3017 661 3080 duxit
675 3029 682 3090 ;
705 3015 766 3079 sed
782 3013 857 3094 ejus
870 3017 950 3078 loco
970 3018 1059 3078 alter
1079 3015 1263 3095 ingressus
1278 3028 1352 3093 est;
1381 3028 1416 3081 et
1437 3019 1487 3083 ita

255 3125 344 3190 duos
364 3125 517 3188 habebat
541 3141 661 3187 secum
684 3121 720 3187 P.
744 3122 948 3202 QuintinuS,
969 3141 1121 3204 quorum
1139 3126 1229 3187 alter
1244 3123 1395 3188 Romam
1419 3124 1487 3189 fuit

255 3233 396 3296 missus,

316 3339 403 3404 1986.
447 3339 569 3404 Mense
584 3335 690 3418 Majo,
705 3355 784 3402 cum
801 3355 847 3400 ex
862 3337 978 3416 capite
994 3335 1031 3398 P.
1050 3335 1240 3416 Quintinus
1255 3339 1486 3404 vehementer

252 3447 443 3524 laboraret,
465 3465 530 3510 nec
550 3446 589 3510 P.
616 3445 794 3510 Antonius
818 3445 907 3507 bene
934 3446 1080 3520 valeret,
1106 3443 1310 3509 Tornacum
1335 3448 1486 3527 egressi,

253 3555 381 3635 quietis
395 3555 530 3634 gratia,
548 3564 692 3635 propter
713 3551 963 3616 confluentium
981 3551 1028 3614 ad
1046 3567 1109 3614 eos
1130 3552 1406 3627 multitudinem,
1423 3571 1487 3618 va·

253 3678 336 3725 care
352 3670 386 3726 et
400 3661 596 3725 valetudini
610 3661 796 3724 consulere
816 3677 887 3722 non
908 3659 1223 3740 permittebantnr;
1245 3669 1279 3723 et
1300 3660 1381 3723 ideo
1398 3659 1487 3724 Bru·

252 3769 365 3832 xellas
381 3768 426 3832 ad
442 3768 595 3846 domum,
611 3785 719 3847 quam
742 3767 875 3830 nostris
890 3765 1020 3830 Comes
1041 3767 1167 3830 Feriae
1191 3775 1401 3846 paraverat,
1427 3785 1486 3830 ve-

252 3885 380 3938 nerunt
395 3884 430 3938 et
445 3875 569 3939 melius
584 3875 715 3938 habere
731 3873 768 3938 P.
786 3873 977 3954 Quintinus
993 3875 1110 3952 coepit
1122 3872 1145 3932 ⁸.

316 3981 402 4046 1987.
445 3981 527 4046 Fuit
543 3991 661 4046 autem
676 3997 799 4044 eorum
814 3981 990 4045 adventus
1008 3980 1192 4061 praedicto
1211 3978 1341 4043 Comiti
1357 3978 1488 4059 jncun-

252 4107 452 4116 -——--—---

291 4151 299 4184 ¹
328 4151 449 4198 Lttterae
458 4151 690 4205 Quadrimestres,
698 4157 717 4195 t.
727 4162 763 4202 rr,
774 4162 833 4206 paz.
846 4151 893 4204 199,
903 4151 953 4196 200.

290 4223 302 4256 Ι
329 4222 375 4268 bis.
397 4223 559 4278 optabant...
578 4222 609 4266 P.
629 4221 803 4266 Betuctelum
823 4225 853 4265 ut
872 4223 932 4278 esus
955 4221 1062 4275 collega
1083 4231 1178 4264 curam
1197 4220 1296 4266 saitem
1316 4221 1353 4266 aa
1372 4223 1484 4277 tempus

249 4298 411 4341 seranum.

290 4365 301 4398 ὅ
328 4365 374 4410 115.
386 4365 521 4410 societati.
533 4364 642 4420 Insuper
653 4365 733 4409 iterat
744 4365 786 4409 hic
797 4367 906 4410 uerbum
917 4367 993 4410 dare.

289 4441 301 4471 ⁴
327 4437 358 4482 N.
372 4437 430 4482 1956.
442 4435 488 4481 Est
498 4447 587 4481 eutem
597 4435 708 4490 Jucobus
720 4435 834 4490 Bagivis.
849 4439 879 4482 de
895 4448 946 4492 quo
960 4437 1020 4481 vide
1034 4436 1156 4480 Litterae
1165 4434 1397 4488 Quadrtmestm,
1412 4442 1431 4482 t.
1442 4447 1479 4494 rr,

250 4519 310 4564 paz.
319 4509 367 4562 901,
378 4515 405 4554 et
416 4510 493 4558 infre.
503 4509 651 4564 ablegetur
661 4510 693 4552 dc
703 4509 799 4552 nostris
810 4510 1016 4564 tornacensibus,
1027 4521 1052 4553 n.
1062 4508 1124 4553 2⁰2⁶.

290 4579 302 4614 ⁸
328 4581 396 4636 trag.
408 4581 846 4638 011111111561111111,1111551111
856 4581 1019 4626 meminimus
1037 4581 1159 4626 Litterae
1168 4581 1400 4636 Quadnmestres,
1408 4580 1489 4632 ibid..

250 4654 367 4710 11115100.
