3642 5350
736 426 801 500 Aa.
823 425 894 499 1⁵56
1320 470 1321 477 κ
1373 420 1427 497 250

200 606 280 655 cum
292 585 367 669 jam
380 588 547 669 glisceret
567 587 708 666 bellum,
728 602 800 650 non
820 591 961 666 poterat
983 584 1053 649 ulla
1073 582 1212 650 ratione
1233 582 1278 649 ab
1302 582 1427 651 amicis

199 695 436 779 neapolitanis
450 695 625 761 adventus
639 709 761 758 eorum
776 710 797 757 a
811 693 981 758 Pontifice
995 691 1176 774 postulari.
1277 763 1280 772 ,
1352 673 1355 681 ¹
1435 756 1438 767 ,

263 802 352 869 1000.
395 803 551 869 Curabat
565 801 671 867 etiam
686 802 778 866 inter
796 801 887 867 alios
905 800 1059 866 Domina
1073 799 1201 865 Martia
1216 798 1428 865 Maramaldi

201 921 242 981 ut
262 912 446 999 praedicta
468 910 651 977 Feliciana
676 908 685 943 ¹
710 926 793 974 cum
817 908 891 974 suis
914 908 1113 998 virginibus
1137 906 1182 971 ad
1201 916 1426 973 sacramenta

200 1018 296 1085 domi
307 1029 451 1088 nostrae
466 1018 721 1099 admitteretur,
736 1034 782 1082 ne
794 1025 940 1099 propter
961 1033 1121 1081 rumores
1135 1016 1273 1096 ineptos
1296 1024 1330 1079 et
1350 1016 1428 1095 ¹sine

202 1128 273 1194 ullo
286 1128 451 1195 veritatis
462 1126 693 1193 fundamento
708 1134 1014 1190 sacramentorum
1028 1123 1197 1188 beneficio
1216 1123 1296 1188 illae
1310 1123 1430 1203 priva·

202 1245 337 1316 rentur3
351 1234 444 1300 Ducl
458 1243 577 1305 tamen
590 1232 722 1299 Montis
735 1232 866 1297 Leonis
880 1239 915 1296 et
929 1231 1009 1296 aliis
1023 1230 1148 1296 amicis
1161 1248 1233 1295 non
1247 1238 1301 1295 est
1313 1230 1429 1295 visum

202 1344 240 1411 ld
254 1342 420 1428 expedire
433 1340 456 1407 ¹.

266 1450 358 1515 1001.
396 1448 599 1533 Antequam
630 1450 760 1521 bellum
787 1458 910 1530 aperte
940 1451 1156 1529 moveretur,
1185 1456 1265 1530 post
1292 1446 1430 1513 initium

204 1559 339 1624 mensis
351 1557 446 1643 Julii,
463 1558 591 1639 aliquis
606 1558 744 1623 amicus
756 1555 943 1625 societatis
962 1556 1155 1637 admonuit,
1175 1564 1214 1620 ut
1231 1554 1270 1619 P.
1292 1554 1431 1636 ignatio

204 1667 419 1732 scriberetur
434 1665 665 1747 expedirent,
685 1664 979 1745 quamcitissime
998 1664 1072 1729 fieri
1086 1672 1223 1746 posset,
1240 1655 1372 1739 multos'
1384 1680 1430 1729 ex

202 1785 344 1840 nostros
357 1793 403 1840 ex
416 1774 511 1840 Urbe
523 1773 725 1855 dimitteret,
737 1772 944 1854 significans
954 1780 1097 1854 propter
1109 1771 1199 1837 bella
1211 1772 1331 1843 statim
1346 1786 1428 1837 con·

203 1892 367 1949 secutura
387 1882 456 1947 hoc
475 1881 660 1972 consilium
680 1898 719 1945 se
739 1881 837 1961 dare;
859 1889 895 1944 et
916 1880 1004 1952 satis
1024 1878 1122 1944 multi
1143 1880 1212 1943 alio
1230 1878 1329 1945 missi
1353 1877 1426 1951 lue·

203 1998 295 2070 runt,
311 1998 350 2054 ut
363 1990 526 2072 superius
539 1989 673 2053 dictum
686 1997 740 2053 est
755 1986 778 2069 ³,
794 1988 958 2069 quamvis
971 1988 1045 2055 lere
1059 1996 1202 2052 centum
1213 1996 1247 2053 et
1257 1988 1427 2068 quinqua·

203 2100 303 2179 ginta
316 2096 450 2163 Romae
465 2097 670 2162 manserint.
1087 2162 1089 2171 ,

266 2205 353 2271 torn.
395 2204 527 2270 Rector
544 2204 648 2287 hujus
668 2203 818 2285 Collegii
836 2222 882 2269 ex
900 2205 1121 2286 praescripto
1145 2204 1184 2269 P.
1205 2202 1334 2285 Ignatii
1355 2212 1428 2267 tres

202 2314 425 2389 consiliarios
439 2330 484 2377 ex
504 2312 747 2393 collegialibus
761 2311 974 2393 designavit,
996 2331 1038 2379 ac
1060 2312 1174 2377 eidem
1193 2310 1307 2392 Patri,
1330 2311 1360 2375 si
1381 2311 1431 2375 vi·

202 2422 356 2502 deretur,
371 2420 642 2500 confirmandos,
659 2422 729 2501 vel,
744 2420 775 2484 si
786 2420 918 2501 mallet,
930 2421 1019 2485 alios
1029 2420 1275 2499 nominandos,
1289 2432 1429 2501 reprae-

203 2537 369 2594 sentaret:
384 2527 500 2593 suerat
514 2536 633 2593 autem
645 2526 714 2592 hoc
729 2509 845 2608 ipsum
864 2528 943 2592 aliis
961 2526 1171 2593 Rectoribus
1190 2526 1297 2592 etiam
1319 2524 1431 2607 injun-

203 2646 310 2703 ctum.

266 2743 355 2810 1003.
398 2744 547 2810 cuidam
572 2744 788 2808 monasterio
812 2743 1060 2826 religiosarum
1084 2741 1219 2809 ordinis
1242 2740 1301 2810 811
1324 2743 1447 2824 Bene·⁴

204 2853 301 2932 dicti,
315 2852 435 2917 habita
446 2850 693 2916 facultateaP.
703 2850 853 2933 Ignatio,
866 2849 1063 2934 spiritualia
1072 2851 1242 2918 exercitia
1249 2851 1432 2933 proposita

204 2962 355 3025 fuerunt.
967 3025 969 3028 .
1164 3021 1167 3028 .
1212 2987 1215 3030 ,·

267 3066 355 3132 1004.
398 3067 550 3149 Quidam
574 3087 620 3132 ex
643 3067 830 3148 fratribus,
857 3067 1014 3152 Jacobus
1038 3067 1253 3134 Chalamoza
1277 3069 1432 3150 nornine,

204 3177 265 3257 qui
278 3193 372 3240 anno
386 3175 613 3257 praecedenti
626 3173 838 3241 Societatem
857 3176 1040 3255 ingressus
1060 3176 1191 3257 luerat,
1211 3185 1265 3257 et,
1287 3187 1432 3259 propter

205 3284 365 3348 morbum
379 3292 505 3346 curatu
520 3281 707 3363 difficilem,
722 3280 919 3364 Neapolim,
935 3282 1088 3364 quodibi
1101 3293 1298 3363 curaretur,
1311 3285 1433 3352 remis·

205 3408 266 3455 sus
284 3399 389 3469 esset,
412 3389 512 3454 initio
531 3390 664 3454 mensis
682 3389 766 3472 Julii
785 3390 880 3455 domi
898 3407 986 3455 suae
1006 3390 1099 3455 diem
1117 3390 1203 3456 obiit
1222 3393 1433 3457 extremum.

207 3498 356 3581 Juvenis
368 3497 445 3577 fuit,
461 3514 566 3577 quem
580 3496 798 3576 virginitatis
812 3495 905 3562 dono
920 3495 1018 3562 Deus
1032 3497 1191 3579 ornavit,
1207 3508 1243 3564 et
1262 3498 1437 3580 singulari

208 3606 340 3671 virtute
357 3605 550 3686 praeditus
576 3604 675 3668 Licet
695 3613 776 3668 octo
803 3621 942 3670 menses
966 3605 1119 3671 inlecto
1144 3606 1362 3687 decubuerit,
1389 3607 1435 3672 ab

212 3712 409 3778 obedientia
429 3727 568 3794 semper
588 3712 664 3792 regi
684 3711 847 3794 cupiebat
863 3711 965 3793 juxta
979 3723 1103 3793 votum
1122 3730 1236 3796 suum,
1253 3724 1287 3779 et
1308 3723 1437 3781 octavo

210 3881 422 3894 ---

248 3991 257 4026 1
286 3990 355 4036 Vlde
365 4001 453 4046 snpra,
463 4000 523 4045 pau.
533 3989 582 4045 156,
592 4000 617 4034 n.
627 3989 674 4035 990.

248 4065 260 4097 ¹
289 4063 342 4109 “La
351 4063 499 4119 provisione
510 4061 580 4107 circa
592 4063 720 4107 madonna
736 4061 869 4108 Fellciana
879 4066 892 4108 e
903 4068 975 4108 atala
990 4065 1065 4119 boum
1076 4075 1124 4119 pur
1138 4063 1160 4108 al
1175 4063 1259 4109 iaccla
1273 4070 1440 4111 recremento

212 4143 309 4191 quanto
319 4135 342 4180 ai
352 4139 411 4190 pud,
422 4134 531 4179 iacendo
541 4145 638 4190 capace
649 4145 664 4179 a
675 4135 708 4178 lei
719 4135 745 4178 dl
755 4136 841 4189 quello
852 4136 997 4190 convinne„
1008 4135 1144 4187 Polancns,
1155 4145 1188 4179 ex
1197 4147 1273 4188 com„
1281 4135 1356 4181 Patri
1368 4135 1442 4182 clul-

209 4208 338 4263 atophoro
348 4207 378 4250 de
388 4205 521 4260 Mendoza,
530 4206 581 4250 aa·
591 4205 809 4260 hall—“Quum
819 4207 926 4253 iufamia
933 4217 1029 4260 (rumor
1037 4208 1171 4252 occasione
1179 4205 1311 4253 Vincentll
1322 4207 1443 4264 correcti)

207 4292 222 4324 e
235 4281 322 4335 quella
332 4279 402 4339 della
416 4276 560 4333 Fellclana,
575 4279 683 4323 emendo
698 4289 778 4323 senza
792 4279 959 4324 fundamento
974 4281 1066 4324 alcuna
1077 4280 1101 4323 dl
1116 4280 1211 4333 verita.
1225 4281 1311 4324 nonai
1326 4281 1442 4330 debbono

206 4357 301 4406 troppo
311 4351 429 4404 stimate,
441 4361 485 4395 ma
495 4353 509 4393 e
520 4351 569 4394 ben
579 4351 655 4395 lever
664 4351 726 4405 ozni
737 4352 870 4396 occasione
880 4352 924 4396 dal
934 4357 1023 4396 nostro
1038 4359 1124 4406 cauto,
1135 4363 1149 4396 e
1159 4352 1213 4396 coal
1223 4351 1241 4396 ll
1252 4352 1360 4407 partlral
1374 4343 1442 4398 della

206 4423 345 4468 vicinanza
356 4423 383 4466 la
393 4419 526 4466 Fellclana
537 4423 601 4466 sara
612 4422 792 4476 conveniente,
803 4431 830 4467 ct
840 4422 859 4466 ll
869 4433 964 4475 mezzo,
978 4423 1027 4467 che
1042 4423 1065 4467 el
1075 4426 1089 4466 e
1099 4422 1217 4478 pigllato,
1231 4423 1350 4468 ordinato
1364 4435 1380 4469 ι
1394 4426 1443 4483 clo,

207 4505 271 4550 pare
283 4496 364 4539 etiarn
375 4494 463 4548 bene,
473 4493 614 4549 Polancua,
625 4505 660 4538 err
670 4505 747 4547 com..
758 4493 916 4550 Hieronymo
930 4493 1039 4548 Vignae,
1049 4493 1099 4538 21·
1108 4492 1349 4546 jaula-vldenrlae
1363 4497 1453 4542 etlan-

208 4565 324 4621 ejusdem
334 4564 368 4609 ad
378 4564 520 4626 Rectorem
534 4564 701 4622 Neapolltanl
712 4564 821 4621 Collcgll
832 4567 946 4620 litterae,
957 4571 984 4610 et
994 4566 1063 4610 allae
1073 4565 1106 4610 ad
1116 4564 1252 4612 Dominam
1259 4565 1382 4614 Martiam
1390 4568 1444 4615 11ι·

208 4637 329 4691 ramaldi,
340 4637 419 4682 ulae
429 4635 478 4681 19.·
488 4635 588 4689 Julii·
594 4637 752 4693 appellatur
762 4637 828 4682 llaec
839 4637 991 4694 quandoque
1001 4637 1199 4684 Marramalda.
1221 4679 1223 4685 .

249 4706 262 4743 ³
288 4705 492 4765 Ριε.53,ιι.11·0
