3642 5350
349 464 404 527 802
808 464 936 527 Canon.
956 462 1033 526 Soc.
1052 463 1125 540 Jns.

351 611 455 677 desiit
469 609 726 692 abjurationem
737 612 921 693 religionis
931 610 1148 677 christianae
1159 609 1204 674 ab
1214 609 1268 675 eis
1277 608 1432 689 exigere,
1445 616 1480 673 et
1491 608 1574 673 mul·

351 717 464 785 ctavit
477 734 540 783 eos
554 718 722 783 trecentis
737 718 866 783 aureis.

409 824 500 889 3436.
543 822 706 890 Secundo
721 826 789 890 hoc
805 826 920 907 ipsum
935 825 987 891 eis
1002 824 1132 890 accidit
1145 825 1216 888 alio
1227 824 1265 889 in
1278 824 1382 903 bello,
1395 822 1457 888 ubi
1469 822 1579 887 multo

350 932 477 1015 majori
508 931 681 1014 pecuniae
712 948 850 997 summa
877 932 1039 997 mulctati
1071 924 1233 1011 suerunt,
1267 948 1348 995 curn
1376 932 1579 995 constanter

350 1040 480 1105 barbas
494 1039 621 1104 radere
636 1048 671 1103 et
686 1043 817 1120 cinere,
834 1056 933 1105 more
947 1038 1128 1118 gentilico,
1143 1037 1288 1121 aspergi
1299 1047 1518 1103 recusarent.

408 1144 500 1211 3437.
545 1144 698 1227 Quidam
711 1146 803 1211 alius
820 1145 1036 1211 christianus
1050 1147 1086 1210 in
1100 1156 1218 1211 tractu
1231 1145 1458 1225 Travancor,
1479 1143 1579 1225 cujus

352 1254 461 1320 etiam
473 1254 586 1317 nostri
601 1270 725 1318 curam
739 1252 928 1332 habebant,
945 1251 1016 1332 (ubi
1029 1254 1158 1318 multos
1173 1252 1212 1317 Ρ.
1229 1252 1447 1318 Franciscus
1464 1250 1581 1316 Xave·

260 1394 262 1399 ·
352 1360 427 1425 rius
441 1358 715 1441 baptizaverat),
738 1376 819 1424 cum
837 1359 874 1424 in
893 1370 1007 1424 morte
1023 1358 1131 1441 Regis
1146 1360 1271 1441 reliqui
1286 1376 1410 1424 omnes
1424 1357 1580 1423 infideles

352 1468 484 1531 barbas
503 1467 670 1531 raderent
689 1466 769 1546 (hac
789 1468 883 1532 enim
902 1469 1020 1531 luctus
1042 1464 1302 1547 significatione
1323 1467 1362 1530 in
1381 1465 1582 1547 Principum

352 1584 467 1639 morte
482 1573 612 1639 subditi
632 1574 850 1653 utebantur),
871 1574 945 1649 ille,
970 1574 1031 1655 qui
1051 1574 1224 1639 lusitanos
1238 1573 1408 1639 barbatos
1428 1572 1582 1638 intueba-

355 1692 412 1747 tur
437 1691 473 1745 et
486 1680 644 1746 infideles
666 1680 740 1745 iere
762 1696 865 1746 rasos
887 1679 1067 1761 incedere,
1083 1680 1286 1762 suspicatus
1299 1689 1353 1744 est
1367 1680 1405 1745 in
1427 1678 1584 1743 radenda

354 1788 466 1853 barba
474 1787 606 1869 aliquid
617 1785 817 1852 infidelibus
827 1786 1010 1869 proprium
1020 1787 1177 1864 subesse,
1191 1797 1225 1853 et
1234 1805 1280 1853 ne
1289 1787 1433 1868 signum
1442 1784 1583 1868 aliquod

355 1895 517 1959 deiectus
532 1892 633 1959 afide
647 1893 850 1975 praeberet,
867 1894 1050 1958 constituit
1063 1895 1210 1959 barbam
1225 1910 1298 1959 non
1311 1894 1450 1959 radere.

414 2001 506 2067 3438.
550 2001 640 2067 Cum
654 2011 772 2065 autem
786 1999 821 2065 id
836 2001 1070 2067 observarent
1081 2001 1152 2067 duo
1162 2012 1225 2067 aut
1240 2012 1312 2067 tres
1326 2020 1372 2066 ex
1381 2001 1582 2083 gentilibus,
1606 2043 1609 2047 ι

356 2111 415 2192 qui
433 2108 544 2191 Regis
567 2108 759 2189 vectigalia
782 2110 1059 2190 recuperabant,
1085 2109 1122 2173 in
1146 2126 1329 2176 carcerem
1352 2108 1584 2175 christianum

357 2218 455 2281 illum
469 2214 677 2296 conjiciunt,
695 2224 728 2279 et
744 2226 851 2297 caput
866 2214 942 2297 ejns
955 2214 1234 2281 abscindendum
1248 2234 1327 2282 esse
1348 2217 1585 2295 minabantur,

356 2325 452 2407 quod
467 2334 542 2389 tam
557 2321 676 2387 audax
690 2322 748 2387 ille
762 2322 904 2401 suisset,
921 2330 960 2388 ut
978 2324 1075 2387 solus
1093 2323 1241 2388 barbam
1260 2341 1331 2388 non
1350 2323 1595 2389 abscinderet.

356 2430 405 2496 At
419 2430 633 2495 christianus
647 2430 716 2511 ille,
739 2438 946 2495 constanter
963 2431 1055 2495 mori
1069 2440 1247 2510 statuens,
1263 2442 1454 2514 antequam
1473 2431 1588 2495 deser-

355 2548 413 2604 tae
427 2538 522 2617 fidei,
539 2536 590 2616 (ut
605 2538 682 2618 ipse
698 2536 874 2617 putabat),
892 2538 1036 2617 signum
1057 2538 1174 2615 daret,
1190 2537 1373 2619 respondit
1387 2538 1466 2603 illos
1479 2537 1589 2603 iactu·

356 2663 417 2712 ros
440 2662 519 2710 esse
540 2643 633 2727 quod
658 2645 789 2709 vellent
815 2642 951 2708 devita
970 2660 1054 2723 sua,
1077 2643 1139 2710 sed
1158 2645 1307 2711 barbam
1321 2644 1465 2712 minime
1482 2662 1521 2710 se
1534 2662 1589 2710 ra-

357 2771 491 2819 surum.

419 2859 510 2924 3439.
554 2859 780 2924 Minabantur
800 2858 927 2923 deinde
946 2877 984 2923 se
998 2859 1101 2924 bonis
1123 2877 1204 2924 eum
1223 2861 1458 2943 spoliaturum
1476 2861 1521 2925 ob
1539 2861 1588 2924 in·

360 2966 609 3046 obedientiam;
626 2965 688 3030 sed
703 2965 762 3047 qui
777 2965 890 3031 vitam
904 2983 969 3048 pro
984 2965 1052 3032 fide
1067 2985 1245 3049 exponere
1260 2977 1408 3050 paratus
1421 2979 1516 3050 erat,
1531 2968 1588 3032 bo·

286 3137 293 3154 ,
359 3091 486 3140 norum
510 3074 735 3138 amissionem
762 3088 834 3136 non
855 3073 1016 3137 timebat.
1039 3073 1177 3139 Placuit
1195 3072 1290 3156 Deo,
1311 3085 1349 3140 ut
1368 3077 1465 3142 nullo
1485 3076 1590 3166 detri-

362 3193 480 3248 mento
495 3191 556 3246 aut
572 3180 667 3245 vitae
681 3190 743 3243 aut
758 3181 931 3245 bonorum
945 3180 1107 3262 affectuS,
1120 3183 1390 3264 relinqueretur.

422 3287 515 3354 3440.
557 3287 632 3352 Nec
652 3287 761 3353 defuit
780 3287 907 3368 aliquis
927 3306 974 3352 ex
993 3288 1080 3369 ipsis
1103 3283 1307 3371 gentilibus
1332 3293 1395 3373 qui
1417 3292 1593 3373 insignem

360 3395 434 3477 ejus
449 3397 689 3460 constantiam
705 3393 879 3459 laudaret.
896 3393 985 3460 Cum
999 3395 1068 3460 hoc
1084 3407 1203 3461 autem
1218 3395 1257 3461 P.
1270 3397 1449 3465 Henricus
1461 3397 1593 3464 intelle·

361 3504 482 3582 ruisset,
499 3499 574 3583 ejus
589 3501 730 3583 quidem
747 3501 784 3565 in
799 3499 867 3566 fide
883 3502 1139 3584 constantiam,
1160 3513 1198 3568 ut
1217 3521 1283 3585 par
1301 3514 1395 3584 erat,
1417 3506 1593 3586 probavit,

245 3694 249 3700 Ι
361 3609 474 3672 sedin
489 3608 646 3673 radenda
661 3618 722 3672 aut
737 3607 866 3672 alenda
881 3607 992 3672 barba
1009 3609 1115 3674 sitam
1130 3627 1205 3675 non
1218 3628 1297 3676 esse
1312 3611 1417 3676 fidem
1432 3613 1595 3678 christia·

361 3733 444 3781 nam
458 3718 491 3780 ei
506 3714 738 3797 significavit;
759 3731 825 3779 nec
846 3715 988 3795 signum
1007 3715 1167 3781 defectus
1187 3719 1224 3782 in
1245 3717 1313 3784 lide
1333 3719 1371 3784 in
1385 3737 1473 3786 casu
1493 3737 1593 3802 prae·

362 3824 474 3904 dicto,
504 3821 705 3905 siquando
734 3820 929 3901 accideret,
958 3823 1092 3888 barbae
1119 3825 1353 3892 abscisionem
1381 3829 1595 3894 censendam

362 3947 452 3994 esse.

422 4036 516 4101 3441.
559 4035 598 4100 ln
614 4037 797 4120 provincia
812 4037 1115 4118 Trichinamalae,
1136 4058 1227 4122 quae
1247 4051 1301 4106 est
1321 4041 1487 4107 ininsula
1506 4043 1598 4126 Cey-

362 4145 445 4222 lani,
462 4144 571 4226 aliqui
586 4154 687 4208 erant
703 4145 899 4224 christiani,
917 4147 978 4227 qui
993 4146 1039 4212 ad
1055 4147 1239 4213 Comurini
1253 4158 1420 4228 tractum,
1433 4150 1599 4232 baptismi

362 4251 505 4332 petendi
520 4251 652 4332 gratia,
668 4264 858 4331 venerant,
881 4263 917 4316 et
936 4253 972 4316 id
992 4255 1230 4339 obtinuerant;
1250 4257 1314 4320 sed
1333 4259 1468 4322 nullum
1487 4259 1600 4323 nostri

363 4359 584 4440 operarium,
611 4359 671 4439 qui
703 4358 791 4439 ipsis
816 4359 975 4439 adesset,
997 4377 1042 4424 ex
1067 4370 1185 4427 tractu
1212 4363 1397 4443 praedicto
1418 4364 1601 4431 Comurini

363 4466 501 4530 mittere
516 4475 696 4547 poterant,
712 4465 877 4546 quamvis
893 4466 1224 4533 trichinamalenses
1238 4468 1275 4534 id
1289 4481 1461 4553 peterent,
1479 4482 1517 4536 ut
1532 4474 1600 4536 sal·

362 4582 433 4636 tem
448 4588 510 4636 eos
524 4571 708 4636 inviseret.

422 4679 515 4743 3442.
557 4677 649 4743 Puer
663 4679 825 4760 quidam,
848 4682 908 4762 qui
929 4684 1024 4746 velut
1048 4681 1217 4764 Princeps
1236 4695 1314 4749 erat
1333 4685 1409 4768 ejus
1428 4687 1595 4769 regionis,
