3642 5350
360 438 415 501 826
818 438 948 501 Canon.
967 439 1045 501 Soc.
1066 439 1138 516 Jss.

418 586 511 653 3538.
554 588 725 654 Emerunt
739 590 847 655 etiam
862 591 977 655 nostri
997 590 1105 653 situm
1118 590 1306 670 quemdam
1327 590 1410 655 huic
1430 592 1589 657 domnia

360 695 459 777 Rege
485 696 639 761 donatae
658 698 835 774 vicinum,
852 696 957 761 valde
973 697 1107 762 bonum
1126 705 1162 761 et
1182 698 1357 779 amplum,
1381 716 1464 763 cum
1481 698 1591 779 Regis

361 818 549 883 consensu,
569 811 711 884 praeter
731 806 840 869 alium
855 806 962 869 situm
981 822 1087 886 quem
1112 805 1211 885 prius
1231 805 1307 885 ipse
1328 804 1407 869 Rex
1427 806 1587 887 dederat,

361 928 444 976 cum
458 928 541 992 quo,
561 912 622 993 qui
643 920 781 993 emptus
801 920 866 991 cst,
889 922 967 976 erat
986 911 1206 993 coniunctus.
1229 912 1285 976 Ex
1305 911 1411 976 domo
1431 922 1548 977 autem
1568 932 1590 979 a

362 1018 460 1100 Rege
474 1019 605 1083 donata
619 1020 807 1085 ecclesiam
826 1020 940 1084 nostri
959 1018 1204 1098 confecerunt,
1224 1030 1259 1084 et
1277 1028 1396 1084 tamen
1411 1018 1485 1101 eJ'us
1506 1038 1591 1101 pars

362 1126 408 1191 ad
422 1126 677 1190 habitationem
692 1135 897 1192 nostrorum
910 1136 965 1190 est
979 1142 1171 1203 conversa;
1187 1127 1234 1192 ad
1253 1126 1453 1192 aedificium
1471 1138 1590 1193 antem

362 1234 535 1299 ecclesiae
550 1234 747 1312 christiani,
764 1235 846 1299 licet
865 1236 902 1299 in
918 1234 1058 1314 magnis
1075 1234 1256 1299 laboribus
1270 1235 1466 1313 constituti,
1482 1235 1592 1300 subsi-

363 1342 459 1406 dium
473 1344 678 1418 attulerunt,
694 1360 795 1407 suam
810 1343 977 1407 nimirum
989 1359 1133 1424 operam
1145 1342 1334 1424 diiigenter
1345 1343 1592 1423 impendendo.

422 1448 514 1513 3539.
556 1450 714 1516 Primum
728 1462 846 1515 autem
860 1450 992 1515 Missae
1006 1450 1221 1515 sacrificium
1238 1451 1276 1514 in
1290 1467 1333 1514 eo
1352 1452 1510 1515 oblatum
1526 1450 1593 1515 fuit

363 1558 441 1640 ipso
454 1557 511 1623 die
527 1559 684 1623 omnium
699 1558 913 1623 Sanctorum
929 1576 950 1622 a
966 1558 1004 1622 P.
1016 1557 1209 1623 Melchiore
1220 1558 1379 1638 Nugnez,
1391 1560 1451 1639 qui
1459 1558 1534 1639 J'am
1545 1560 1591 1622 ad

362 1682 492 1729 navem
508 1682 546 1729 se
560 1660 771 1745 contulerat,
788 1674 823 1730 et
839 1666 921 1731 inde
936 1665 982 1729 ad
997 1664 1065 1729 hoc
1078 1667 1230 1747 primum
1242 1682 1384 1731 sacrum
1395 1665 1595 1731 iaciendum

364 1772 481 1848 rediit,
497 1780 688 1854 antequam
698 1790 744 1837 ex
757 1771 895 1856 Japone
907 1773 1102 1851 recederet;
1115 1783 1151 1837 et
1162 1773 1194 1837 ei
1205 1772 1380 1837 sacrificio
1392 1774 1492 1837 multi
1505 1774 1594 1837 chri·

364 1880 470 1945 stiani
481 1878 695 1961 japonenses
706 1882 903 1960 astiterunt,
918 1890 953 1945 ct
964 1882 1076 1946 nostri
1088 1897 1155 1945 sua
1166 1889 1252 1945 vota
1264 1880 1434 1945 Societati
1448 1898 1593 1945 consue·

364 1998 401 2053 ta
415 1988 534 2053 multis
549 2006 631 2053 cum
645 1989 816 2071 lacrymis
830 2006 874 2053 ac
889 1988 1074 2053 desideriis
1093 1986 1171 2053 Deo
1192 1988 1373 2053 serviendi
1387 1989 1590 2053 emiserunt.

362 2097 447 2161 Post
463 2113 641 2162 recessum
656 2107 774 2161 autem
795 2095 832 2161 P.
858 2096 1061 2161 Melchioris
1079 2097 1178 2177 quies
1196 2096 1246 2159 illi
1267 2093 1473 2176 provinciae
1494 2095 1595 2160 resti-

363 2212 440 2268 tuta
455 2213 520 2282 est;
535 2221 702 2285 proceres
717 2204 811 2269 enim
826 2205 939 2286 regni,
956 2205 1017 2286 qui
1032 2212 1157 2268 contra
1176 2202 1309 2285 Regem
1333 2204 1596 2268 tumultuaban-

366 2321 435 2391 tur,
452 2330 533 2377 cum
548 2312 645 2393 Rege
660 2330 786 2393 pacem
800 2323 835 2376 et
856 2313 1049 2377 amicitiam
1064 2311 1304 2389 stabilierunt;
1326 2320 1362 2376 et
1380 2321 1461 2391 post
1481 2309 1597 2391 hujus·

371 2420 467 2485 modi
482 2422 635 2502 quietem
651 2420 750 2484 multi
761 2418 835 2501 jam
855 2420 901 2485 ad
920 2420 1069 2484 verbum
1083 2416 1229 2483 Domini
1248 2417 1461 2483 audiendum
1480 2434 1598 2483 acces·

366 2534 505 2608 serunt;
534 2536 569 2592 et
596 2527 782 2606 religionis
804 2527 1021 2591 christianae
1047 2527 1231 2606 negotium
1255 2526 1345 2589 bene
1369 2524 1596 2607 procedebat.

367 2633 501 2716 Itaque,
517 2632 594 2700 Deo
609 2634 774 2716 propitio,
792 2634 892 2699 multi
907 2632 1040 2698 Christi
1052 2634 1198 2698 militiae
1213 2633 1357 2698 nomina
1370 2632 1520 2711 dabant;
1536 2631 1596 2696 ali·

368 2760 438 2824 quo
454 2743 511 2806 die
526 2742 664 2820 decem,
681 2742 798 2822 aliquo
819 2741 1039 2822 quindecim,
1056 2752 1091 2805 et
1104 2743 1225 2822 plures
1238 2750 1274 2804 et
1287 2741 1490 2821 pauciores,
1507 2739 1596 2804 chri·

368 2849 476 2914 stiani
495 2848 635 2927 fiebant.

427 2955 518 3020 3540.
561 2955 640 3020 Hoc
649 2956 852 3036 temporeP.
864 2956 1051 3020 Baithasar
1060 2955 1185 3035 Gagus
1196 2955 1232 3019 in
1243 2963 1386 3036 portum
1397 2953 1596 3036 quemdam,

371 3065 512 3128 nomine
526 3063 731 3141 Firandum,
747 3063 928 3143 profectus
942 3071 1007 3140 est,
1024 3062 1083 3125 ubi
1098 3060 1136 3124 P.
1153 3061 1303 3127 Cosmus
1317 3078 1448 3125 annum
1460 3060 1534 3125 fere
1547 3061 1597 3125 in·

372 3180 511 3252 tegrum
522 3178 704 3251 exegerat,
718 3188 799 3235 cum
811 3171 911 3235 initio
922 3168 961 3233 P.
973 3168 1206 3234 Franciscum
1217 3168 1364 3248 Xavier,
1377 3168 1414 3232 in
1424 3168 1598 3250 Japonem

368 3277 580 3356 venientem,
597 3277 839 3343 comitaretur.
860 3277 1108 3358 Quadraginta
1123 3278 1197 3341 fere
1216 3277 1264 3340 ibi
1279 3275 1465 3340 christiani
1484 3285 1598 3350 crant,

369 3394 403 3450 et
419 3385 465 3450 ad
479 3383 555 3465 ejus
570 3385 668 3449 urbis
682 3394 825 3465 portum
839 3385 940 3449 multi
955 3393 1172 3449 mercatores
1186 3401 1232 3447 ex
1245 3391 1322 3448 tota
1335 3383 1482 3464 regione
1494 3382 1599 3467 Japo-

369 3493 461 3572 niae,
475 3503 510 3556 et
521 3493 665 3556 lusitani
676 3493 782 3556 etiam
794 3493 867 3556 sere
879 3492 1030 3573 singulis
1039 3491 1156 3570 annis,
1165 3491 1459 3555 commerciorum
1469 3490 1598 3570 gratia,

369 3617 412 3664 eo
428 3599 627 3664 veniebant.
648 3599 699 3663 Ibi
714 3616 802 3679 ergo
823 3599 980 3664 residere
995 3599 1112 3679 coepit
1125 3597 1331 3678 aliquandiu
1352 3597 1390 3661 P.
1411 3596 1600 3660 Baithasar

371 3705 492 3786 Gago,
515 3705 619 3771 Patre
638 3706 767 3771 Cosmo
787 3707 830 3771 de
849 3705 980 3770 Turres
1001 3705 1118 3785 Bungi
1143 3705 1283 3784 relicto,
1300 3715 1334 3768 et
1354 3704 1461 3786 aliqui
1480 3703 1598 3780 etiam,

370 3831 442 3878 non
457 3814 556 3878 multi
571 3813 617 3904 ad
632 3811 812 3878 Christum
826 3813 873 3877 ibi
887 3813 1116 3878 accedebant.

431 3920 523 3985 3541.
565 3919 621 3984 Ex
636 3921 781 3984 civitate
795 3919 999 3999 Amanguci
1013 3929 1049 3984 et
1063 3920 1124 3984 alii
1146 3919 1303 3984 civitatis
1322 3917 1415 3981 illius
1435 3933 1602 3998 proceres

372 4029 511 4110 aliquas
540 4029 679 4093 litteras
706 4028 752 4092 ad
781 4028 819 4092 P.
850 4027 1018 4093 Cosmum
1051 4027 1237 4105 miserunt,
1265 4043 1386 4091 mense
1412 4023 1603 4089 Decembri

373 4137 477 4219 hujus
492 4136 593 4213 anni,
614 4135 834 4216 quibuscum
851 4136 897 4200 ad
911 4136 1063 4200 reditum
1076 4135 1286 4199 invitabant.
1308 4132 1397 4198 Cum
1417 4139 1535 4197 autem
1556 4132 1602 4195 ad

373 4244 508 4323 Regem
520 4242 646 4322 Bungi,
662 4242 868 4307 facultatem
883 4243 929 4308 ad
944 4260 1125 4308 recessum
1134 4243 1388 4324 postulaturus,
1401 4238 1439 4304 Ρ.
1453 4238 1604 4304 Cosmus

374 4352 498 4415 ivisset
515 4349 613 4428 (nihil
628 4349 721 4414 enim
743 4350 914 4430 agebant,
931 4351 1121 4433 quodcum
1142 4350 1220 4434 ipso
1238 4367 1312 4413 nou
1333 4347 1546 4425 conferrent,
1565 4354 1605 4408 ut

373 4476 455 4523 eum
475 4458 591 4538 magis
613 4457 679 4521 sibi
699 4458 933 4536 devincirent,
955 4459 1015 4539 qui
1033 4457 1165 4539 alioqui
1183 4475 1246 4538 per
1263 4472 1346 4521 suos
1361 4456 1604 4536 exploratores

374 4566 492 4628 omnia
508 4565 762 4644 intellexisset),
780 4565 963 4647 respondit
975 4565 1032 4629 ille
1047 4565 1204 4628 nondum
1215 4573 1354 4643 tempus
1365 4570 1602 4644 opportunum

373 4687 452 4744 esse
467 4680 505 4742 ut
519 4689 562 4734 eo
584 4670 697 4738 nostri
716 4669 888 4752 redirent;
912 4681 1005 4736 etse
1026 4671 1157 4752 nostris
1178 4668 1476 4748 significaturum,
1499 4667 1600 4745 dixit,
