3642 5350
315 431 371 492 582
774 429 902 492 Canon.
921 429 1000 490 Soc.
1018 429 1091 502 Jns.

377 577 470 642 2512.
513 577 603 641 Tam
616 578 715 640 multi
730 588 833 641 erant
848 595 894 640 ex
908 576 1151 649 scholasticis,
1166 575 1228 656 qui
1242 573 1404 638 confiteri
1416 575 1555 638 nostris

316 685 503 758 volebant,
521 692 575 760 ut,
591 701 672 748 cum
693 685 808 749 nostrl
822 683 986 747 omnibus
1005 682 1215 747 satisfacere
1234 699 1305 745 non
1324 692 1487 762 possent,
1503 682 1549 744 ad

317 793 389 857 alia
410 792 662 872 religiosorum
682 791 903 856 monasteria
923 807 986 853 eos
1006 789 1234 854 dimitterent.
1257 789 1313 852 Ex
1332 788 1413 852 aliis
1429 797 1548 852 antem

317 899 394 982 eius
407 898 527 980 populi
542 899 744 962 hominibus
757 908 832 962 tam
845 896 948 961 multi
965 896 1207 975 confluebant,
1222 907 1262 960 ut
1280 914 1326 959 ne
1346 896 1549 977 quindecim

317 1005 460 1088 quidem
474 1005 680 1070 sacerdotes
699 1007 855 1069 omnium
876 1005 1161 1070 confessionibus
1179 1003 1365 1067 audiendis
1388 1001 1550 1066 sufficere

317 1129 426 1195 posse
439 1113 660 1177 viderentur.

377 1219 470 1284 2513.
513 1217 620 1284 Pater
632 1227 751 1282 autem
763 1218 905 1300 Gaspar
916 1217 1127 1282 Fernandez
1138 1218 1275 1298 primae
1284 1218 1423 1293 classis,
1435 1218 1472 1281 id
1483 1228 1557 1288 est.

319 1327 522 1391 rhetoricae
536 1327 659 1404 lector,
676 1324 800 1390 diebus
811 1327 954 1390 veneris
968 1327 1006 1389 in
1019 1325 1179 1390 inferiori
1192 1335 1297 1406 parte
1306 1324 1455 1404 Collegii
1469 1342 1550 1388 con·

319 1435 458 1498 cionem
478 1433 522 1496 de
541 1433 737 1496 christiana
756 1433 919 1498 doctrina
941 1430 1036 1513 apud
1055 1431 1223 1512 frequens
1242 1432 1558 1510 scholasticorum,

321 1540 548 1605 sacerdotum
562 1550 597 1603 et
611 1539 764 1603 aliorum
778 1539 993 1602 auditorium
1012 1538 1186 1618 habebat;
1212 1549 1345 1602 etcum
1363 1537 1433 1602 Dei
1451 1537 1552 1602 timo·

320 1665 395 1712 rem
410 1658 446 1710 et
466 1647 616 1711 aliarum
628 1647 809 1734 ,virtutum
835 1646 1045 1710 exercitium
1067 1647 1120 1709 eis
1138 1646 1421 1724 commendaret,
1442 1646 1479 1708 in
1496 1646 1561 1708 his

320 1755 484 1818 omnibus
499 1753 706 1818 scholastici
721 1761 817 1816 recte
832 1751 1075 1833 proficiebant.

379 1861 472 1926 2514.
515 1859 648 1924 Rector
671 1871 791 1923 autem
805 1857 957 1938 Collegii
975 1859 1011 1923 in
1029 1859 1192 1923 custodia
1213 1859 1355 1940 publica
1376 1861 1445 1923 bac
1459 1858 1551 1939 Qua·

321 1969 523 2049 dragesima
541 1983 623 2031 cum
638 1965 743 2030 valde
763 1966 940 2047 frequenti
959 1975 995 2029 et
1012 1975 1148 2030 attento
1168 1967 1345 2030 auditorio
1364 1967 1552 2030 conciona-

321 2077 437 2140 batur.
450 2074 649 2140 Cessabant
662 2074 723 2136 illa
738 2074 828 2136 hora
841 2072 1005 2152 negotia,
1021 2083 1057 2136 et
1069 2075 1173 2137 multi
1188 2073 1235 2137 ad
1249 2073 1397 2137 verbum
1411 2071 1481 2136 Dei
1493 2089 1560 2135 au—

322 2182 487 2247 diendum
509 2199 552 2246 eo
575 2179 857 2252 conveniebant;
885 2191 920 2242 et
938 2189 978 2242 ut
992 2197 1050 2243 res
1069 2190 1147 2244 erat
1161 2181 1347 2256 inusitata,
1367 2181 1430 2244 sed
1449 2180 1561 2243 valde

325 2289 539 2361 necessaria.
556 2289 606 2352 ita
617 2290 766 2351 multum
782 2287 1041 2351 aedificationis
1055 2287 1193 2351 civitati
1208 2287 1384 2368 praebuit.

381 2397 472 2460 2515.
522 2394 580 2459 Ad
593 2395 673 2458 loca
688 2395 794 2458 etiam
809 2395 986 2475 quaedam
1000 2395 1138 2457 civitati
1152 2395 1288 2472 vicina,
1305 2392 1341 2457 id
1354 2395 1562 2474 postulante

323 2501 477 2568 Domino
503 2501 695 2566 Benedicta
714 2501 940 2580 Huguccioni
959 2498 981 2578 ¹,
1003 2499 1281 2581 praedicationis
1298 2501 1417 2580 gratia
1443 2501 1560 2564 nostri

323 2610 557 2689 accedebant,
584 2621 619 2672 et
644 2607 783 2672 fructus
807 2625 878 2670 non
902 2605 1139 2689 poenitendus
1162 2625 1208 2671 ex
1232 2625 1275 2670 eo
1291 2608 1414 2670 labore
1440 2609 1558 2689 capie·
1634 2590 1637 2596 ¹

322 2720 439 2783 batur.

383 2824 474 2889 2516.
517 2824 638 2888 Primo
656 2840 738 2886 vere
755 2821 859 2901 hujus
875 2823 960 2886 anni
977 2822 1012 2885 P.
1029 2822 1186 2903 Joannes
1200 2822 1244 2886 de
1263 2822 1427 2886 Victoria
1440 2820 1557 2886 Roma

323 2932 454 2997 missus
467 2939 548 3013 post
563 2930 675 3011 patris
690 2940 852 3007 mortem,
866 2942 904 2991 ut
920 2947 978 2991 res
993 2930 1207 2993 domesticas
1221 2930 1397 3005 curaret¹,
1413 2930 1563 3010 Burgus

324 3040 485 3121 pervenit
499 3056 507 3117 ;
534 3048 569 3101 et
582 3038 633 3101 ita
648 3054 728 3100 cum
743 3036 858 3100 nostri
878 3036 1043 3100 undecim
1057 3038 1116 3101 vel
1135 3036 1324 3100 duodecim
1338 3046 1474 3115 essent,
1495 3056 1556 3101 nu·

325 3162 462 3209 merum
478 3161 559 3208 cum
574 3146 673 3208 socio
688 3144 800 3207 auxit.

385 3250 477 3315 2517.
522 3250 646 3331 Coepit
662 3260 779 3314 autem
792 3252 999 3314 concionari
1013 3252 1051 3314 in
1064 3251 1236 3331 parocbia
1247 3248 1310 3313 S.⁸¹
1325 3252 1509 3315 Laurentii
1524 3261 1559 3315 et

325 3358 385 3424 gp
404 3356 566 3438 Aegidii3
592 3368 627 3421 et
642 3359 741 3439 prius
754 3359 822 3421 boc
837 3358 954 3438 ipsum
969 3357 1122 3421 officium
1137 3360 1175 3422 in
1188 3358 1315 3422 itinere
1335 3371 1563 3437 exercuerat,

326 3466 435 3530 etiam
449 3466 486 3529 in
501 3462 619 3528 Domo
633 3464 803 3545 Loyolae,
825 3465 883 3529 ubi
904 3463 950 3528 D.
969 3466 1143 3548 Joannem
1158 3464 1202 3528 de
1220 3464 1379 3545 Borgia⁸
1400 3475 1455 3528 est
1474 3468 1557 3529 allo-

327 3582 440 3638 cutus.
456 3571 501 3636 Et
515 3571 690 3653 quaedam
705 3572 742 3635 in
755 3569 914 3651 Collegio
929 3572 1104 3653 Burgensi
1120 3584 1155 3635 et
1170 3573 1261 3651 aliis,
1275 3589 1366 3651 quae
1378 3591 1400 3635 a
1411 3589 1557 3635 consue·

327 3680 448 3745 tudine
463 3676 652 3743 Societatis
667 3676 852 3742 Romanae
866 3678 1109 3756 dissonabant,
1126 3680 1349 3757 observavit;
1371 3689 1406 3742 et
1416 3697 1489 3743 non
1504 3696 1564 3742 so·-

326 3790 399 3851 lum
414 3784 621 3866 Superiores
636 3784 918 3862 commonefecit,
935 3785 998 3849 sed
1014 3794 1048 3850 et
1062 3785 1100 3848 P.
1117 3785 1266 3865 ignatio,
1283 3802 1375 3866 quae
1390 3787 1557 3849 observa·

327 3903 442 3973 verat,
459 3892 613 3973 scripsit.
1441 3979 1443 3982 Ι

387 3998 478 4063 2518.
521 3998 691 4063 Decrevit
716 3999 1012 4063 scholasticorum
1032 4017 1201 4063 numerus
1219 4000 1255 4062 in
1278 4000 1382 4080 buJ'us
1400 4000 1484 4063 anni
1502 4000 1566 4062 de·

370 4242 377 4273 l
406 4240 475 4284 Vide
485 4251 575 4295 supra,
584 4246 604 4285 t.
615 4250 641 4290 v.
650 4250 712 4295 pag.
722 4238 771 4293 439,
782 4251 807 4283 n.
819 4241 881 4293 1181,
891 4248 919 4285 et
929 4252 990 4296 pag.
999 4242 1048 4294 440,
1058 4254 1083 4285 ιι.
1095 4242 1156 4290 1¹8⁴:
1166 4248 1193 4285 et
1200 4241 1232 4285 do
1239 4242 1288 4285 boc
1300 4242 1367 4295 viro,
1377 4243 1453 4294 infra,
1464 4254 1489 4287 n.
1499 4242 1563 4287 2623.

369 4312 380 4344 ¹
408 4310 480 4356 llaec
491 4312 575 4357 innuit
586 4312 722 4367 Polaucun,
733 4324 822 4367 supra,
832 4324 891 4367 pag.
902 4313 936 4367 17,
947 4324 970 4357 ιι.
979 4314 1015 4363 to,
1025 4314 1102 4368 hujus
1112 4313 1259 4358 voiumlnlu.
1270 4312 1312 4357 Ex
1321 4313 1371 4357 hoc
1385 4325 1450 4358 vero
1464 4316 1522 4358 loco
1534 4320 1568 4358 et

328 4383 505 4439 sequentibus,
515 4384 559 4427 nbi
570 4384 600 4427 de
612 4382 639 4427 P.
652 4382 772 4429 Victoria
782 4390 822 4427 eut
836 4394 934 4435 nermo,
949 4386 1026 4438 pinne
1041 4384 1153 4439 intelligi
1167 4390 1254 4439 potent
1265 4385 1377 4437 eplutoln
1391 4384 1440 4429 Sti.
1456 4384 1567 4439 Ignatii,

330 4466 406 4511 quam
417 4454 498 4499 habes
509 4455 535 4499 in
548 4454 683 4499 Cariasde
695 4455 750 4499 San
761 4454 880 4509 ignatio.
889 4460 909 4499 t.
919 4467 955 4509 vr,
965 4467 1026 4510 pau.
1037 4456 1083 4507 195,
1095 4467 1194 4500 necnon
1204 4456 1339 4500 adnotatio
1349 4458 1371 4503 2.
1381 4468 1442 4511 pag.
1453 4457 1501 4502 19⁶.

370 4526 382 4559 ⁸
409 4524 492 4571 Filius
508 4528 550 4571 ltic
567 4534 625 4572 erat
645 4526 694 4571 Sti.
711 4526 845 4571 Francisci
865 4526 986 4581 Borrine.
1004 4528 1072 4571 Vide
1088 4540 1177 4583 supra,
1194 4536 1214 4572 t.
1230 4539 1268 4581 ιιι,
1286 4539 1346 4583 paq.
1363 4530 1385 4581 9,
1402 4540 1428 4572 n.
1445 4527 1478 4580 lii,
1492 4534 1512 4572 t.
1531 4540 1568 4581 rr,

329 4608 390 4652 pag.
400 4596 448 4651 612,
459 4610 483 4641 ιι,
493 4598 542 4653 15ος
554 4609 613 4653 pag.
622 4598 670 4653 671,
682 4610 706 4642 ιι.
715 4598 765 4652 671,
776 4604 802 4641 et
812 4610 872 4652 pag.
882 4599 922 4642 711
932 4630 938 4648 ,
948 4611 972 4642 n.
982 4599 1031 4643 oto.
1042 4600 1131 4643 Etiam
1145 4599 1307 4644 normann
1322 4598 1476 4653 limentes,
1487 4598 1565 4643 sens.

325 4668 492 4713 Franrr'scur
503 4668 619 4723 norgia,
630 4675 648 4712 t.
660 4680 677 4724 ι,
688 4680 748 4723 pag.
759 4668 800 4712 628
809 4676 836 4711 et
846 4680 900 4723 req.
