3642 5350
369 394 436 459 ,158
839 394 966 459 Canon.
990 394 1067 459 Soc.
1093 394 1163 472 Jns.

381 542 479 609 Patri
503 542 641 617 Didaco
666 546 888 609 stomachum
909 553 1028 608 tamen
1049 544 1171 623 movit,
1193 545 1278 608 etsi
1298 544 1335 608 in
1355 561 1394 607 re
1416 553 1490 607 tam
1510 545 1607 609 clara

380 669 483 715 suum
497 652 659 716 savorem
673 671 744 716 non
760 654 963 733 praestabat
977 653 1152 718 Dominus
1169 652 1385 729 Ludovicus
1402 650 1485 732 quid
1503 651 1541 715 in
1555 668 1607 715 re·

379 761 446 823 bus
460 758 606 840 majoris
619 762 785 825 momenti
802 762 846 824 ab
861 780 903 825 eo
926 761 1140 842 sperandum
1154 761 1263 825 esset?
1283 759 1353 824 Sed
1373 760 1515 823 demum
1535 758 1606 822 Do·

379 868 496 931 minus
509 867 714 932 Ludovicus
728 869 881 949 scripsit,
898 869 928 931 si
940 868 1076 949 iustitia
1091 868 1158 949 ipsi
1178 886 1248 931 non
1267 865 1537 946 suffragaretur,
1560 883 1605 929 ne

379 976 511 1038 nostris
524 976 663 1039 molesti
678 986 810 1051 essent;
832 983 868 1038 et
886 974 1117 1055 liceriustitia
1133 974 1269 1055 abipso
1291 982 1413 1053 staret,
1437 974 1474 1037 in
1495 990 1604 1037 causa

377 1100 450 1147 non
463 1084 705 1163 procederent.

437 1190 507 1255 581.
551 1190 703 1271 Quidam
724 1193 815 1257 alius
833 1212 879 1259 ex
899 1194 1080 1275 discipulis
1102 1195 1386 1276 expectationem
1410 1210 1482 1255 non
1502 1191 1603 1254 susti·

376 1316 475 1377 nens,
493 1296 788 1380 christophorum
806 1302 974 1381 imitatus,
996 1320 1041 1366 ex
1055 1302 1211 1381 Collegio
1232 1300 1398 1365 recedere
1418 1299 1529 1362 noluit
1544 1297 1603 1361 do·

375 1422 441 1470 nec
452 1407 707 1485 admitteretur;
721 1408 815 1471 etita
827 1408 921 1488 quod
932 1409 1171 1489 quinquennio
1182 1410 1257 1472 sere
1268 1416 1468 1488 optaverat,
1480 1406 1603 1486 paucis

375 1514 498 1577 diebus
513 1514 673 1579 obtinuit.
692 1515 781 1579 Octo
796 1514 913 1579 adhuc
928 1516 1092 1595 discipuli
1106 1516 1283 1595 urgebant
1298 1524 1337 1578 ut
1351 1524 1386 1577 et
1398 1514 1465 1595 ipsi
1479 1513 1602 1576 admit·

373 1630 542 1701 terentur,
567 1631 602 1686 et
630 1624 724 1703 quod
750 1624 785 1687 in
810 1625 937 1687 litteris
961 1625 1049 1688 satis
1078 1625 1212 1687 versati
1237 1631 1355 1687 essent
1379 1631 1414 1684 et
1438 1622 1602 1701 ingenuis

374 1731 531 1795 moribus
541 1731 703 1813 praediti,
720 1749 791 1794 non
802 1733 981 1812 repulsam
993 1732 1135 1796 omnino
1146 1732 1314 1811 tulerunt,
1331 1729 1393 1793 sed
1411 1738 1601 1810 expectare

370 1836 458 1917 jussi
473 1847 566 1902 sunt.

431 1944 502 2009 582.
546 1946 689 2011 Utilitas
704 1947 919 2010 christianae
930 1947 1124 2025 doctrinae,
1138 1964 1244 2027 quam
1259 1945 1298 2009 Ρ.
1311 1944 1469 2009 Didacus
1485 1942 1598 2025 [scho-

371 2051 517 2135 lasticis]
533 2054 568 2118 in
583 2054 713 2134 templo
728 2063 849 2117 nostro
866 2054 1066 2134 explicabat
1082 2059 1091 2091 ¹
1111 2054 1156 2117 ad
1170 2072 1294 2118 eorum
1307 2054 1438 2117 iratres
1452 2063 1486 2116 et
1500 2069 1597 2116 soro·

370 2178 429 2225 res
443 2180 486 2225 ac
500 2162 655 2244 reliquos
669 2162 883 2226 domesticos
903 2179 941 2225 se
956 2162 1180 2241 extendebat3
1196 2162 1303 2227 immo
1322 2170 1357 2225 et
1372 2161 1418 2226 ad
1431 2163 1598 2242 populum

370 2286 492 2333 coram
505 2270 618 2333 tribus
633 2280 693 2334 aut
712 2280 864 2351 quatuor
879 2270 1032 2335 millibus
1046 2270 1227 2334 hominum
1242 2270 1372 2350 dialogi
1395 2268 1538 2349 quidam
1553 2267 1597 2332 de

370 2392 414 2439 ea
429 2374 590 2441 doctrina
601 2378 787 2458 compositi
799 2378 834 2441 in
845 2395 984 2441 summo
995 2379 1125 2457 templo
1136 2396 1158 2441 a
1173 2377 1322 2456 Collegii
1333 2378 1514 2457 discipulis
1525 2378 1596 2440 acti

369 2482 522 2565 luerunt;
538 2493 574 2548 et
587 2494 659 2549 tam
674 2502 732 2549 res
746 2486 845 2564 ipsae
860 2503 967 2566 quam
986 2486 1167 2549 actionum
1182 2494 1351 2548 venustas
1370 2494 1407 2548 et
1424 2485 1596 2549 honestae

368 2593 601 2656 recreationis
624 2603 659 2656 et
681 2592 926 2658 admirationis
950 2594 1141 2675 plurimum
1168 2594 1376 2669 attulerunt,
1399 2600 1435 2655 et
1456 2591 1594 2656 benedi·

368 2701 542 2765 ctionibus
557 2701 698 2782 quidem
711 2711 853 2766 nostros
871 2702 1186 2783 prosequebantur,
1206 2702 1300 2782 quod
1314 2711 1387 2764 tam
1402 2702 1459 2782 pie
1470 2699 1593 2781 juven·

368 2815 479 2871 tutem
492 2809 727 2873 instituerent.

426 2914 498 2980 583.
541 2915 630 2981 Cum
645 2918 788 2997 quidam
802 2937 847 2982 ex
858 2919 990 2982 nostris
1004 2917 1098 2998 apud
1113 2918 1302 2999 quemdam
1313 2917 1540 2998 bibliopolam
1553 2917 1589 2980 in

366 3023 476 3087 libros
490 3025 635 3105 pessimi
648 3023 832 3105 cuiusdam
846 3025 1017 3090 haeretici
1028 3027 1246 3104 incidissent,
1260 3043 1322 3090 eos
1334 3026 1486 3106 primum
1497 3027 1592 3089 bona

366 3130 476 3211 ipsius
501 3131 711 3212 bibliopolae
739 3134 844 3196 venia
873 3133 1016 3198 domum
1044 3150 1165 3198 secum
1197 3134 1428 3196 abstulerunt.
1454 3131 1592 3196 Deinde

365 3234 550 3302 haeresum
562 3238 793 3321 Inquisitores
815 3257 857 3303 ea
877 3241 921 3305 de
941 3259 979 3305 re
994 3241 1202 3320 docuerunt,
1219 3241 1279 3321 qui
1298 3249 1452 3320 nostros
1473 3247 1512 3303 ut
1526 3257 1591 3319 pro

365 3361 429 3409 suo
452 3346 597 3410 arbitrio
620 3356 778 3427 agerent,
794 3347 890 3426 quod
908 3348 952 3411 ad
971 3350 1175 3431 praedictos
1195 3350 1317 3424 libroS,
1334 3348 1589 3427 permittentes

364 3453 408 3516 ab
424 3453 475 3516 eis
490 3455 712 3534 postularunt
736 3463 774 3518 ut
799 3464 834 3519 et
852 3454 1031 3536 reliquas¹
1050 3455 1282 3520 bibliothecas
1298 3455 1492 3518 inviserent
1514 3471 1590 3518 eas·

363 3578 431 3641 que
446 3561 491 3624 ab
515 3561 716 3642 hujusmodi
730 3561 841 3642 libris,
858 3563 889 3627 si
904 3581 993 3644 quos
1008 3563 1237 3642 invenissent,
1254 3569 1506 3642 expurgarent.

421 3666 493 3732 584.
536 3667 708 3748 Quamvis
730 3671 956 3734 commiserat
975 3669 1128 3733 Ducissa
1147 3679 1185 3733 ut
1209 3670 1384 3750 quaedam
1403 3670 1588 3734 habitatio·

361 3793 425 3840 nes
438 3776 534 3840 domi
553 3787 696 3842 nostrae
717 3778 986 3841 absolverentur
1000 3775 1023 3855 ³,
1049 3793 1161 3858 usque
1181 3778 1227 3840 ad
1252 3775 1354 3856 hujus
1378 3777 1587 3844 annifinem

361 3885 543 3948 absolutae
558 3885 639 3948 illae
653 3903 724 3949 non
738 3885 889 3965 luerunt,
906 3895 942 3948 et
956 3885 1035 3948 ideo
1046 3895 1145 3948 arcte
1157 3883 1347 3949 admodum
1359 3885 1578 3962 habitabant,

360 3992 524 4072 quamvis
547 3993 634 4056 satis
659 3993 758 4058 multi
780 4010 844 4073 pro
869 3993 1050 4073 paucitate
1074 3992 1316 4056 cubiculorum
1343 4002 1474 4072 essent;
1500 4009 1584 4056 nam

360 4097 609 4180 septemdecim
633 4117 780 4164 numero
806 4101 841 4164 in
866 4100 935 4163 hoc
954 4108 1123 4164 autumno
1138 4109 1252 4178 erant,
1279 4109 1314 4162 et
1341 4099 1499 4179 hospites
1525 4098 1586 4162 ali-

400 4381 408 4410 ·
436 4377 502 4422 Vide
513 4389 600 4434 rupte,
610 4390 670 4434 pag.
683 4378 729 4434 141,
742 4391 766 4422 n.
781 4378 832 4423 518.

398 4447 409 4480 ¹
435 4449 486 4504 Slc;
494 4451 603 4494 forsitan
611 4452 715 4496 rectius:
726 4451 824 4496 Deinde
831 4453 969 4497 haeresum
977 4451 1221 4509 inquisitoreseude
1230 4463 1258 4495 re
1266 4451 1417 4505 docuerunt,
1429 4448 1471 4503 qul
1480 4453 1583 4492 nostros

358 4522 494 4566 voluerunt
503 4527 533 4566 ut
543 4533 589 4577 pro
600 4534 646 4567 nuo
656 4525 766 4569 arbitrio
776 4531 884 4578 agerent
895 4525 963 4581 quod
974 4526 1007 4570 ad
1016 4525 1164 4580 praedictos
1173 4525 1253 4568 libros
1269 4521 1458 4578 permittendas
1475 4521 1582 4572 attinet,

347 4593 382 4638 'et
393 4595 426 4640 ab
437 4595 473 4639 ela
484 4597 646 4649 postularunt
656 4604 684 4641 ut
695 4605 720 4642 ct
729 4599 841 4652 reliquas
850 4605 925 4644 ete...

396 4669 408 4704 ὅ
434 4668 500 4713 Vlde
510 4681 597 4726 snpra,
606 4683 666 4727 pap.
677 4671 723 4726 119,
735 4672 816 4718 11559.
