3642 5350
780 467 854 539 Aa.
875 466 946 530 1556
1425 467 1488 530 211.

254 629 331 685 erat
346 615 534 700 Argenta),
550 634 593 683 ac
611 616 827 683 frumentum
845 624 880 679 et
899 615 1023 683 vinum
1042 616 1079 680 ia
1098 632 1201 680 usum
1216 614 1400 695 Collegioli
1421 630 1483 696 po-

255 727 405 792 stulavit
415 737 450 792 et
461 725 623 791 obtinuit.
636 726 682 789 Et
692 721 862 788 sacerdos
874 723 1013 804 aliquis,
1026 722 1087 803 qui
1098 724 1134 787 in
1146 724 1342 789 subsidium
1352 722 1391 787 Ρ..
1408 722 1482 787 Ana

255 834 364 899 dreae
377 834 586 913 mitteretur,
602 831 869 913 expectabatur.

315 941 387 1005 777.
430 941 519 1006 Cum
535 950 654 1005 tamen
668 939 707 1003 Ρ.
723 938 881 1018 ignatius
896 954 1023 1020 parum
1037 946 1131 1003 esset
1143 936 1292 1006 affectus
1306 938 1388 1003 huic
1404 938 1484 1003 Coi·

256 1050 385 1130 legioio
414 1096 422 1129 ,
440 1048 483 1113 de
499 1064 542 1112 eo
556 1046 637 1111 inde
652 1045 844 1111 auferendo
864 1044 902 1109 P.
922 1045 1129 1111 Pellelarius
1148 1046 1341 1127 cogitabat,
1362 1062 1484 1126 quarn·

254 1157 312 1221 vis
339 1155 532 1237 aliquando
551 1154 709 1219 animum
727 1162 923 1217 resumeret
948 1160 983 1217 et
1004 1153 1047 1219 de
1072 1151 1178 1217 domo
1204 1152 1331 1217 idonea
1353 1154 1487 1219 nostris

255 1264 404 1329 emenda
427 1270 616 1337 tractaret;
642 1271 677 1324 et
695 1260 835 1325 difficile
856 1259 1046 1325 admodum
1070 1260 1283 1325 videbantur
1304 1261 1412 1327 laturi
1432 1278 1486 1325 ar·

255 1381 459 1453 gentenses,
475 1370 506 1434 si
520 1368 718 1449 Collegium
733 1366 813 1433 iude
832 1367 1048 1449 auferretur3
1070 1385 1153 1433 nam
1171 1367 1246 1451 jam
1261 1368 1326 1435 sub
1348 1368 1485 1433 initium

257 1475 363 1560 hujus
376 1478 461 1543 anni
479 1476 616 1542 fructus
636 1475 778 1541 uberior
797 1476 987 1557 provenire
1009 1475 1220 1541 cernebatur
1247 1474 1270 1557 ¹,
1292 1484 1328 1541 et
1349 1491 1484 1556 eorum,

256 1586 316 1667 qui
331 1586 543 1650 concionem
557 1582 713 1648 audituri
727 1581 928 1661 veniebant,
945 1599 1131 1647 numerum
1151 1584 1320 1649 sacellum
1336 1600 1407 1648 non
1422 1601 1485 1649 ca·

257 1692 387 1774 piebat,
403 1700 439 1756 et
452 1689 687 1757 consessionis
707 1688 826 1770 gratia
846 1688 989 1771 plurimi
1008 1689 1054 1756 ad
1077 1687 1116 1754 P.
1139 1688 1322 1755 Andream
1341 1690 1486 1757 accede·

256 1798 352 1875 bant.
378 1798 423 1862 Et
446 1798 610 1880 populus,
633 1806 668 1861 et
689 1796 751 1877 qui
771 1796 946 1877 primores
967 1806 1070 1861 erant
1091 1796 1128 1862 in
1148 1815 1202 1878 eo,
1229 1796 1421 1863 benevolos
1446 1815 1485 1862 se

260 1906 450 1971 admodum
465 1904 597 1969 nostris
612 1902 844 1983 exhibebant,
864 1903 1029 1985 quamvis
1051 1922 1072 1967 a
1094 1904 1276 1969 maledicis
1295 1904 1485 1986 aliquando

257 2012 294 2077 in
310 2013 430 2078 odium
443 2020 479 2077 et
491 2020 732 2092 contemptum
747 2018 952 2074 nostrorum
967 2020 1086 2077 essent
1100 2010 1280 2077 concitati..

318 2118 390 2185 778.
432 2118 583 2185 Schoiae
598 2134 827 2201 progressum
841 2117 949 2183 etiam
970 2118 1101 2184 bonum
1121 2117 1297 2199 fecerant;
1318 2118 1486 2201 quinqua·

259 2228 360 2309 ginta
392 2236 495 2292 erant
522 2224 728 2291 scholastici
756 2232 791 2288 et
818 2224 989 2290 lectiones
1020 2226 1158 2307 aliquas
1192 2227 1401 2307 graviorum
1429 2245 1488 2291 au·

258 2346 398 2400 crorum
428 2335 631 2399 audiebant.
657 2329 801 2413 Aliquid
825 2331 933 2397 etiam
958 2350 1003 2397 ex
1031 2334 1223 2416 praedictis
1250 2334 1377 2399 litteris
1402 2332 1414 2364 ⁵
1436 2334 1487 2398 cis

257 2443 548 2525 praelegebatur,
577 2451 612 2505 et
641 2440 678 2505 in
705 2439 932 2504 scholasticis
960 2441 1275 2507 exercitationibus
1303 2441 1487 2522 diligentia

257 2547 502 2614 adhibebatur.

300 2657 390 2722 ,.779.
433 2656 595 2737 Quatuor
622 2665 725 2722 erant
752 2656 867 2723 nostri
894 2656 1018 2740 primis
1046 2657 1132 2724 anni
1160 2656 1349 2725 mensibus.
1381 2654 1486 2722 Solus

257 2765 298 2830 Ρ.
312 2765 477 2832 Andreas
492 2766 672 2846 sacerdos,
688 2774 723 2829 et
737 2765 830 2829 bona
845 2783 890 2829 ex
905 2775 1006 2847 parte
1027 2765 1198 2831 lectiones
1214 2765 1383 2830 Claudius
1402 2764 1486 2829 For-

257 2882 324 2952 set,
338 2875 468 2953 gallus,
486 2873 722 2955 praelegebat.
986 2955 991 2963 Ι

319 2979 391 3044 780.
433 2979 474 3045 ln
488 2980 771 3062 Quadragesima
787 2999 872 3046 vero
892 2981 1006 3046 crevit
1026 2997 1241 3064 magnopere
1260 2982 1386 3047 messis
1404 2999 1487 3064 poe-.

259 3087 446 3152 nitentium
462 3096 497 3151 et
511 3088 647 3152 tructus
661 3105 796 3169 corum,
811 3098 848 3154 et
861 3097 935 3153 tam
959 3090 1059 3153 multi
1080 3088 1119 3154 P.
1141 3089 1307 3154 Andreae
1329 3090 1502 3155 confiteri·

259 3194 437 3271 volebant,
461 3203 501 3259 ut
520 3211 601 3260 curn
619 3212 691 3260 uno
712 3194 769 3260 die
788 3212 859 3260 non
880 3204 1026 3278 possent
1050 3213 1136 3277 prae
1155 3196 1389 3274 multitudine,
1417 3197 1487 3261 alio

260 3311 367 3383 atque
381 3301 453 3365 alio
478 3300 649 3380 redirent;
670 3321 736 3366 nec
758 3311 877 3366 tamen
898 3303 950 3366 eis
972 3303 1180 3368 satisfacere
1199 3312 1354 3384 poterat;
1379 3304 1487 3368 immo
1586 3367 1594 3382 ,

257 3427 303 3474 ne
317 3427 383 3473 sex
396 3408 538 3490 quidem
554 3408 615 3472 alii
627 3409 844 3489 sacerdotes,
860 3418 897 3473 ut
918 3410 994 3492 ipse
1015 3410 1156 3489 asserit,
1179 3421 1252 3475 tarn
1276 3412 1406 3475 multos
1428 3429 1490 3493 po·.

259 3657 317 3696 erat
332 3649 468 3696 Galeatiss
481 3647 590 3695 Roscius
602 3647 634 3694 de
649 3647 875 3694 interamna-‘Sl
885 3652 899 3693 e
910 3649 979 3692 satta
993 3648 1121 3702 diiigenza
1137 3660 1185 3694 con
1199 3648 1219 3693 ll
1230 3647 1348 3694 Vcscoro
1364 3650 1389 3696 di
1402 3651 1487 3696 Asslsl

259 3731 286 3768 et
295 3732 343 3768 cen
353 3723 373 3768 il
383 3722 520 3767 cardinale
529 3722 554 3766 dl
565 3721 646 3766 santo
657 3721 758 3776 Angeia
769 3731 815 3776 per
824 3732 911 3765 mezzo
921 3731 976 3776 suo,
987 3720 1090 3766 dandoii
1103 3721 1129 3766 ia
1138 3723 1234 3766 lettera
1244 3721 1270 3766 di
1280 3721 1356 3767 hitto.
1368 3723 1482 3770 Andron.

259 3796 431 3850 Adessopare
442 3796 467 3840 ia
475 3793 587 3850 pigliara
598 3794 641 3849 piu
650 3793 733 3838 calda.
744 3791 776 3837 Di
787 3793 814 3836 ia
825 3792 972 3836 vederaano
982 3793 1008 3837 lo
1018 3792 1107 3838 eiletto
1118 3825 1130 3846 „
1140 3792 1274 3844 Polaticus.
1286 3804 1319 3837 ex
1328 3805 1405 3845 cern..
1413 3794 1487 3840 Patri

260 3867 409 3920 Pelletario,
421 3865 469 3910 ta·
478 3865 548 3920 hiail.

300 3941 309 3974 ¹
337 3937 517 3994 “Deieolleglo
526 3937 552 3982 di
563 3938 690 3992 Argenta,
700 3948 727 3982 se
736 3947 785 3982 non
794 3936 818 3982 ci
829 3937 897 3982 lasse
906 3947 970 3982 casa
980 3939 1006 3982 at
1014 3937 1170 3984 commodlta
1178 3937 1202 3982 dl
1211 3937 1299 3985 chiesa
1315 3943 1340 3983 et
1356 3935 1490 3984 commoda

259 4011 449 4056 sustentatione
463 4020 510 4066 per
524 4009 617 4054 alcuno
633 4011 716 4055 buono
729 4019 835 4054 numero
850 4009 919 4054 della
930 4007 1098 4064 campagnia,
1110 4013 1123 4053 e
1134 4021 1195 4055 cosa
1206 4011 1299 4056 chiara
1314 4011 1362 4056 che
1373 4013 1396 4056 ci
1407 4015 1420 4056 e
1431 4022 1490 4066 gra·

259 4093 339 4127 vena
348 4094 364 4126 e
373 4093 423 4126 noa
431 4081 538 4134 alutto.„
549 4080 685 4134 Poiancus,
695 4091 729 4124 err
739 4091 815 4134 com„
825 4079 899 4125 Patri
908 4079 1061 4134 Pelletario,
1071 4081 1107 4124 7.·
1116 4079 1213 4128 hiartll.

297 4154 311 4188 θ
337 4153 414 4200 Circa
423 4155 448 4199 le
457 4164 518 4198 cose
528 4152 554 4197 dl
565 4153 692 4208 Argenta,
700 4153 719 4197 il
729 4149 803 4197 iimo.
813 4151 952 4197 cardinale
963 4151 1028 4196 sant
1039 4151 1140 4206 Angeia
1151 4153 1186 4199 ha
1196 4155 1314 4199 ricavuto
1322 4166 1375 4208 una
1387 4157 1483 4200 letters

257 4226 328 4273 della
339 4225 503 4270 Communitla
512 4235 527 4268 0
537 4223 606 4269 della
620 4223 739 4278 maggior
753 4231 828 4278 parte
839 4224 865 4268 dl
878 4225 975 4279 quella,
990 4234 1062 4267 corne
1078 4225 1100 4268 cl
1114 4224 1181 4269 disse
1196 4222 1271 4269 iitro.
1288 4224 1442 4270 Tohalelutlo
1453 4225 1484 4268 de

257 4296 416 4351 Tobaldutil,
425 4295 474 4340 che
488 4296 566 4340 credo
576 4295 615 4340 sia
629 4307 676 4340 suo
691 4295 829 4346 Auditore,
842 4295 860 4339 ii
875 4296 952 4350 quale
963 4297 976 4338 e
987 4302 1083 4340 venuto
1093 4305 1109 4340 a
1119 4297 1208 4350 parlar
1219 4307 1235 4341 a
1245 4295 1340 4340 Nostro
1355 4295 1439 4340 Padte
1449 4296 1483 4340 da

257 4377 335 4426 parte
344 4369 387 4414 del
396 4367 545 4422 cardinale,
554 4367 687 4422 pregando
696 4367 719 4412 sl
733 4366 908 4422 complaceam
924 4367 978 4411 aila
992 4365 1156 4412 Communlta
1166 4374 1192 4411 et
1203 4369 1230 4413 al
1245 4367 1383 4412 medesimo
1394 4365 1485 4413 Cardl·

257 4442 317 4487 asle
327 4436 353 4485 di
363 4451 413 4485 neu
426 4439 558 4484 rimuover
566 4439 585 4484 ll
596 4439 712 4484 nostrldl
724 4438 844 4493 Argenta
854 4449 901 4493 per
912 4439 937 4482 la
947 4439 1028 4483 molta
1036 4437 1213 4484 satisfactione
1226 4446 1251 4484 et
1260 4439 1347 4484 utilite
1362 4440 1410 4484 che
1421 4439 1486 4483 rice·

257 4525 335 4567 roso,
345 4519 402 4564 ecca
410 4523 425 4556 e
434 4513 489 4556 cosi
499 4511 594 4556 Nostro
603 4511 687 4556 Psdre
698 4511 716 4555 ll
726 4511 843 4554 concessi
851 4509 877 4554 di
887 4509 1015 4554 modoche
1025 4522 1071 4566 per
1079 4511 1171 4554 adesso
1180 4522 1229 4555 non
1240 4511 1381 4566 bisognara
1391 4521 1486 4555 nensar

260 4597 276 4630 a
286 4583 445 4631 rimnoverlo
459 4582 485 4627 dl
500 4583 535 4636 iit,
550 4593 593 4627 ma
607 4582 640 4627 ad
655 4581 801 4638 aggintarsi
815 4591 863 4636 per
876 4581 902 4625 ie
916 4580 958 4626 vie
974 4587 1062 4626 oneste
1074 4581 1223 4638 possibiles
1237 4583 1279 4628 iar
1292 4583 1310 4629 ll
1327 4582 1401 4628 offleii
1422 4581 1492 4627 delia

262 4655 422 4711 campagnia
432 4659 524 4699 nostra
533 4653 724 4706 libamenta..
735 4653 874 4706 Polancus,
884 4662 918 4696 ex
928 4663 1004 4706 coar„
1014 4653 1087 4698 Patri
1098 4653 1249 4710 Pelletario,
1257 4641 1294 4701 7.*
1304 4655 1383 4710 Junli.

304 4727 316 4764 ⁸
343 4727 397 4785 Sic,
406 4735 454 4772 aec
463 4729 536 4771 certo
547 4723 665 4781 capimus
674 4725 734 4782 quid
743 4725 785 4771 his
794 4724 946 4782 praedictis
957 4724 1059 4770 litteris
1067 4725 1235 4782 significetur.
1285 4749 1288 4756 .
