3642 5350
364 431 405 491 80
826 427 954 487 Cuaou.
975 426 1052 487 Soc.
1076 427 1147 501 Jus..
1218 429 1223 438 '

428 573 498 637 258.
543 574 680 638 Civitas
705 573 961 637 Maceratensis
985 573 1099 637 eidem
1123 571 1266 637 Rectori
1291 571 1440 652 Collegii
1464 571 1596 637 Laure-

369 682 445 745 tani
469 681 613 761 scripsit
638 697 758 744 mense
771 680 963 763 Januario,
986 681 1198 761 rogavitque
1218 689 1255 743 ut
1275 679 1363 742 duos
1383 682 1528 743 veltres
1550 699 1595 744 ex

367 788 500 852 nostris
525 787 778 865 sacerdotibus,
807 787 852 850 ad
877 785 1014 866 aliquas
1034 787 1224 850 conciones
1247 786 1430 850 habendas
1450 797 1484 851 et
1503 788 1595 850 chri·
1693 780 1697 788 ’

369 895 523 958 stianam
547 893 745 957 doctrinam
770 893 966 957 docendam
988 892 1147 970 idoneoS,
1170 895 1294 956 saltem
1320 893 1366 956 ad
1390 894 1593 974 quindecim

369 1002 445 1065 dies
460 1001 558 1064 adse
574 1001 739 1077 mitteret,
755 1017 797 1062 eo
812 1000 907 1081 quod
925 1001 983 1063 ille
997 1000 1148 1081 populus
1162 999 1363 1080 hujusmodi
1375 1001 1597 1064 institutione

369 1109 563 1172 christiana
579 1123 796 1186 magnopere
811 1105 988 1185 indigeret
1004 1105 1025 1171 ’.

428 1213 498 1278 259.
542 1215 642 1278 Missi
666 1224 748 1278 sunt
773 1224 890 1277 autem
916 1231 958 1277 eo
983 1213 1108 1278 Patres
1132 1214 1340 1278 Emmanuel
1358 1213 1419 1278 'et
1437 1214 1597 1297 Joannes

368 1321 567 1402 Mortagne,
585 1323 644 1401 qui
658 1321 934 1401 praedicationis
949 1332 984 1385 et
999 1330 1305 1384 sacramentorum
1327 1321 1522 1384 ministerio
1544 1321 1595 1385 di·

367 1430 534 1509 ligentem
560 1445 704 1508 operam
726 1439 915 1491 navarunt.
941 1427 993 1491 Eo
1015 1428 1122 1490 etiam
1145 1428 1243 1491 venit
1264 1427 1301 1491 P.
1325 1427 1513 1508 Oliverius,
1536 1429 1596 1510 qui

368 1535 563 1612 nonaginta
588 1534 752 1598 milliaria
772 1544 806 1597 et
829 1535 980 1614 amplius
1002 1532 1207 1598 coniecerat
1226 1543 1264 1597 ut
1286 1535 1507 1614 quibusdam,
1536 1535 1596 1614 qui

295 1724 301 1733 ι
368 1642 405 1704 in
420 1651 567 1723 peccato
582 1643 722 1705 mortali
745 1641 915 1704 vivebant
934 1641 989 1719 (de
1009 1641 1135 1721 quibus
1154 1660 1248 1705 anno
1267 1642 1441 1722 superiori
1461 1642 1595 1705 dictum

369 1749 386 1810 s
386 1750 436 1813 uit
449 1747 473 1828 ³)
488 1749 722 1828 investigaret
737 1758 771 1812 et
786 1747 929 1812 Christo
945 1749 1203 1827 reconciliaret;
1226 1758 1261 1812 et
1284 1767 1364 1812 cum
1384 1749 1507 1812 decem
1520 1747 1597 1812 iere

370 1855 446 1918 dies
460 1855 543 1919 huic
559 1856 617 1936 pio
633 1855 757 1933 labori,
771 1872 833 1935 per
846 1855 948 1917 varia
964 1855 1042 1918 loca
1057 1855 1264 1934 incedendo,
1276 1856 1516 1936 impendisset,
1533 1871 1596 1918 eos

370 1973 488 2026 tamen
513 1979 584 2026 non
610 1962 756 2040 invenit3
779 1971 813 2025 et
838 1962 990 2042 redienS,
1017 1961 1220 2026 Maceratae
1243 1963 1446 2043 praedictos
1472 1961 1598 2026 Patres

369 2068 515 2132 invenit.
1218 2138 1221 2144 ,

427 2174 498 2240 260.
543 2177 605 2239 Est
626 2193 668 2238 ea
688 2175 827 2255 civitae,
855 2175 946 2239 inter
968 2176 1058 2239 alias
1078 2177 1284 2256 provinciae
1303 2175 1496 2256 Marchiae,
1524 2194 1597 2240 ma-

369 2299 463 2362 gnae
479 2283 712 2361 auctoritatis,
729 2291 762 2345 et
778 2283 828 2346 ibi
842 2281 1067 2346 Gubernator
1083 2284 1288 2363 provinciae
1301 2301 1323 2346 a
1335 2283 1504 2346 Pontifice
1516 2301 1598 2346 con·

372 2390 518 2453 stitutus
543 2389 673 2452 residet
693 2399 715 2452 ⁴.
738 2389 788 2452 Ibi
813 2405 912 2469 ergo,
938 2399 1080 2468 praeter
1106 2391 1296 2454 conciones
1321 2401 1355 2453 et
1380 2391 1599 2453 christianae

368 2496 552 2561 doctrinae
567 2497 746 2574 lectiones
761 2505 795 2559 et
807 2505 949 2576 praeter
960 2496 1100 2560 auditas
1114 2496 1334 2561 infirmorum
1346 2515 1389 2560 ac
1401 2497 1594 2561 valentium

369 2605 499 2668 multas
513 2603 765 2682 confessiones
779 2603 997 2684 compositae
1008 2602 1151 2668 fuerunt
1166 2604 1256 2668 inter
1269 2604 1479 2668 dissidentes
1490 2621 1597 2685 quae·

370 2712 453 2774 dam
468 2712 688 2774 inveteratae
703 2709 913 2775 discordiae.

428 2818 500 2880 261.
544 2816 814 2881 Xenodochium
839 2834 1051 2897 pauperum,
1077 2819 1170 2908 quod
1195 2835 1258 2898 per
1286 2819 1459 2881 incuriam
1478 2819 1597 2881 ruino-

369 2942 447 2989 sum
468 2934 502 2987 et
519 2923 592 3005 jam
610 2923 747 3004 pridem
767 2924 925 3003 aegrotis
945 2926 1125 2988 occlusum
1146 2934 1235 3003 erat,
1260 2926 1494 2989 instauratum
1516 2925 1594 2988 suit.

369 3030 551 3109 Quaedam
580 3031 686 3093 etiam
715 3030 886 3107 societaS,
915 3048 1019 3111 quam
1049 3029 1134 3094 Divi
1164 3031 1374 3111 Hieronymi
1401 3032 1593 3108 vocabant,

366 3155 474 3218 quam
493 3137 666 3218 primores
692 3136 767 3217 ejus
786 3138 884 3201 urbis
906 3138 952 3201 ad
973 3154 1141 3217 magnum
1160 3154 1357 3218 pauperum
1376 3138 1592 3219 praesidium

368 3255 441 3307 tam
462 3244 621 3323 corporis
642 3261 750 3323 quam
774 3247 913 3307 animae
937 3245 1101 3322 inierant,
1122 3245 1254 3307 sensim
1276 3262 1362 3308 vero
1378 3244 1526 3308 dissolvi
1547 3261 1590 3308 ac

368 3350 487 3414 dirimi
500 3350 596 3430 passi
612 3360 724 3427 erant,
742 3351 836 3431 quod
851 3352 967 3414 nullus
980 3362 1074 3414 esset
1089 3352 1147 3431 qui
1163 3349 1234 3431 [ad]
1256 3361 1420 3432 coeptum
1439 3352 1596 3415 charita·

368 3458 415 3521 tis
429 3474 517 3537 opus
532 3474 594 3520 eos
608 3457 830 3535 accenderet,
847 3474 901 3535 ea,
915 3457 1070 3538 inquam,
1085 3459 1237 3521 societas
1248 3459 1306 3522 vel
1317 3458 1595 3522 confraternitas

368 3574 570 3629 nostrorum
587 3580 695 3644 opera
715 3564 863 3643 pristino
883 3564 1016 3628 fervori
1035 3564 1173 3628 restitui
1193 3574 1318 3645 coepta
1337 3575 1404 3628 est.
1426 3563 1522 3628 Socii
1538 3582 1598 3627 au-

368 3680 440 3735 tem
464 3670 620 3751 quotidie
645 3672 747 3733 statis
766 3671 864 3734 horis
884 3689 1008 3752 preces
1024 3688 1148 3734 sacras
1171 3672 1218 3735 ad
1240 3688 1435 3752 campanae
1455 3672 1596 3751 signum

368 3778 606 3859 frequentare,
623 3778 771 3857 singulis
785 3788 903 3841 autem
918 3779 1097 3842 mensibus
1107 3789 1332 3843 sacramenta
1344 3779 1535 3860 suscipere,
1554 3796 1597 3841 ac

369 3884 644 3949 munificentiam
663 3896 698 3948 et
720 3884 886 3964 pietatem
902 3885 937 3947 in
952 3901 1085 3964 egenos
1100 3902 1269 3949 exercere
1284 3897 1490 3966 coeperunt.

411 4162 419 4194 ¹
448 4160 504 4205 Non
516 4167 601 4205 tamen
611 4160 701 4205 statim
712 4161 888 4205 obsecundare
897 4160 1114 4206 Maceratenslum
1128 4163 1257 4207 voluntati
1268 4162 1434 4207 Lauretanus
1444 4162 1540 4206 Rector
1555 4173 1598 4216 po·

369 4233 428 4286 ruit,
437 4234 481 4276 sed
493 4241 640 4277 nostrorum
651 4234 797 4278 missionem
808 4234 832 4277 ln
841 4233 910 4276 aliud
922 4242 1024 4289 tempus
1038 4235 1147 4279 distulit.
1159 4234 1226 4278 Vide
1237 4234 1358 4280 Litterae
1369 4234 1601 4287 Quadrimestres‚

369 4311 387 4346 t.
400 4316 434 4351 tv.
444 4316 506 4359 pag.
516 4306 550 4347 78.

410 4375 421 4407 ¹
447 4375 600 4421 Emmanuel
611 4376 641 4420 de
652 4375 837 4433 illontemayor,
849 4377 879 4421 de
889 4388 940 4432 quo
950 4388 1031 4432 nuper
1041 4378 1137 4423 dietum
1147 4385 1196 4423 est.
1207 4378 1245 4423 De
1256 4379 1286 4423 P.
1295 4378 1432 4434 Mortagne
1443 4378 1502 4422 vide
1510 4388 1600 4432 supra,

370 4448 632 4501 trv,pag.ta,n.7⁹.

410 4518 421 4549 ³
449 4517 514 4561 Vide
526 4529 612 4572 supra,
624 4524 642 4562 t.
651 4532 676 4567 v.
688 4530 747 4573 pag.
758 4520 792 4571 88,
804 4531 826 4563 n.
836 4520 886 4564 222.

409 4590 422 4622 ⁸
448 4588 515 4633 Vide
526 4588 646 4633 Litterae
656 4589 885 4641 Quadrlmestres,
896 4597 914 4635 t.
925 4602 960 4640 ιν,
969 4603 1029 4647 pag.
1037 4592 1086 4647 57⁶,
1098 4599 1185 4637 annot.
1195 4593 1216 4647 2,
1226 4594 1267 4637 ubl
1275 4592 1373 4639 Caesar
1385 4594 1525 4648 Cambete,
1535 4591 1599 4637 Der·

370 4660 503 4705 tironensis
513 4660 661 4715 Episcopus,
670 4661 765 4705 dicitur
777 4662 926 4717 provinciae
936 4662 1067 4709 liar-culae
1077 4665 1250 4709 Gubernator.
