3642 5350
791 380 855 441 Aa.
877 381 948 441 1556
981 418 984 423 -
1427 382 1483 443 285

138 539 142 546 ’
254 542 338 590 num
353 535 389 591 et
400 526 649 606 religiosorum
663 526 803 608 inopiae
819 544 888 591 non
906 512 1019 608 pauca
1037 526 1198 593 distribui
1207 524 1349 607 jubens.
1362 544 1482 592 sacra·

253 633 309 698 ria
322 634 429 697 etiam
443 633 556 698 nostri
570 633 691 715 templi
706 633 863 713 pulchris
878 633 981 697 donis
996 634 1175 699 instruxit.

318 740 407 805 1122.
449 742 536 805 Erat
551 741 678 805 nobilis
697 750 732 804 et
752 741 852 805 dives
872 742 962 806 haec
981 750 1157 820 matrona,
1181 759 1224 805 ac
1247 742 1367 821 vidua,
1391 750 1426 805 et
1447 742 1482 806 in

257 849 386 929 templo
401 858 524 912 nostro
538 848 724 913 dominicis
738 847 861 912 diebus
882 859 962 929 post
984 848 1243 913 confessionem
1263 847 1481 913 dominicum

257 971 386 1036 corpus
400 955 615 1037 accipiebat;
631 956 722 1019 adeo
741 955 848 1018 rebus
869 955 999 1019 divinis
1019 955 1165 1030 intenta,
1190 964 1228 1020 ut
1250 965 1362 1020 totam
1383 954 1481 1021 fami·

255 1062 351 1140 liam,
370 1080 478 1144 quam
498 1063 650 1127 habebat
672 1064 838 1143 amplam,
861 1072 897 1127 et
919 1080 1020 1127 suam
1040 1063 1147 1127 etiam
1168 1074 1317 1127 matrem
1337 1070 1371 1126 et
1393 1064 1481 1129 alias

255 1169 391 1233 nobiles
416 1168 589 1234 foeminas
613 1169 658 1232 ad
683 1170 850 1249 pietatem
875 1171 1038 1249 exemplo
1063 1180 1098 1234 et
1123 1169 1370 1235 adhortatione
1397 1170 1482 1235 inci·

255 1285 348 1340 taret
368 1275 394 1357 ¹;
416 1286 451 1341 et
469 1276 549 1341 idco
568 1274 643 1357 ejus
661 1286 828 1355 mortem,
852 1294 922 1339 non
945 1276 1078 1341 familia
1103 1278 1229 1355 solum,
1257 1278 1321 1342 sed
1342 1288 1376 1341 et
1397 1278 1480 1343 vici·
1586 1351 1588 1354 v

255 1384 313 1447 nia
331 1384 399 1448 hoc
414 1384 557 1465 aegrius
568 1387 734 1463 tulerunt,
751 1384 847 1467 quod
864 1384 941 1465 ipsa
956 1384 1053 1447 velut
1064 1385 1226 1448 columna
1239 1384 1365 1449 domus
1376 1393 1480 1465 esset,

256 1507 362 1572 quam
381 1509 452 1555 non
473 1492 602 1556 minori
621 1492 810 1573 prudentia
829 1508 936 1574 quam
956 1490 1131 1572 probitate
1151 1491 1358 1556 instruebat.
1383 1490 1482 1557 Refe-

255 1596 356 1662 rebat
369 1596 445 1679 ejus
464 1598 716 1677 confessarius,
737 1599 798 1681 qui
820 1598 1050 1663 moribundae
1070 1607 1177 1679 atque
1192 1598 1347 1663 animam
1362 1600 1482 1680 agenti

255 1722 394 1786 semper
405 1705 528 1786 astitit,
543 1705 682 1771 felicem
696 1705 770 1787 eius
785 1715 970 1769 matronae
985 1704 1139 1769 animam
1155 1707 1191 1769 in
1206 1707 1338 1770 nullam
1352 1716 1482 1771 morta-

257 1812 326 1875 lem
350 1814 490 1894 culpam
513 1830 669 1896 unquam
689 1812 875 1893 incidisse;
898 1822 933 1877 et
954 1812 1057 1876 facile
1079 1810 1207 1892 conjici
1228 1821 1344 1894 potest
1365 1815 1481 1895 qualis

257 1916 332 1998 ejus
345 1937 443 1984 mors
457 1920 574 2001 fuerit,
590 1938 697 2002 quam
711 1921 793 1984 talis
807 1920 884 1984 vita
899 1919 1104 2001 praecessit.

319 2025 405 2091 1123.
450 2025 660 2107 Huiusmodi
671 2027 842 2106 homines,
856 2028 1024 2107 templum
1037 2026 1313 2109 frequentantes,
1324 2045 1395 2092 non
1408 2030 1481 2092 vul·

255 2135 357 2215 garia
372 2136 513 2216 pietatis
527 2152 637 2217 opera
652 2134 806 2217 quotidie
821 2135 1035 2199 exercebant
1054 2136 1150 2198 circa
1171 2135 1298 2201 viduas
1317 2146 1351 2199 et
1371 2136 1481 2199 homi·

255 2259 319 2307 nes
333 2242 369 2306 in
384 2242 544 2307 custodia
558 2242 699 2323 publica
713 2241 887 2320 detentos,
903 2249 938 2305 et
953 2242 1023 2305 alia
1038 2241 1249 2323 hujusmodi.

318 2348 405 2414 1124.
448 2348 520 2414 Sex
534 2357 652 2413 autem
670 2366 716 2412 ex
735 2347 936 2430 huiusmodi
955 2349 991 2413 ia
1010 2365 1156 2414 carcere
1175 2349 1318 2430 detenti,
1343 2350 1482 2413 liberati

253 2465 456 2522 nostrorum
480 2474 588 2539 opera
607 2457 677 2521 hoc
699 2465 867 2520 autumno
891 2455 1045 2537 fuerunt,
1071 2457 1280 2539 quibusdam
1304 2455 1482 2521 nobilibus

161 2576 165 2583 ‘
253 2566 343 2631 viris
356 2566 402 2630 ad
417 2582 539 2631 eorum
551 2566 670 2630 debita
681 2564 907 2629 dissolvenda
920 2563 1092 2629 adductis.
1107 2564 1298 2647 Impetrata
1309 2574 1363 2629 est
1375 2565 1481 2629 etiam

255 2677 491 2756 eleemosyna,
508 2692 579 2756 qua
598 2673 704 2753 virgo
723 2655 897 2754 quaedam
917 2673 1145 2754 paupercula,
1169 2672 1205 2738 in
1227 2672 1481 2738 monasterium

255 2783 423 2862 admissa,
440 2800 479 2847 se
493 2781 571 2846 Deo
586 2781 824 2845 consecravit.

318 2889 405 2955 1125.
449 2889 597 2955 Curavit
618 2889 726 2953 etiam
741 2885 883 2970 quidam
903 2904 949 2951 ex
968 2887 1100 2951 nostris
1121 2900 1158 2950 ut
1181 2887 1234 2950 vir
1256 2887 1399 2968 quidam
1421 2888 1482 2952 du·

255 3007 377 3062 centos
391 3014 520 3062 aureos
536 2997 685 3062 donaret
699 2995 841 3059 cuidam
856 2993 1004 3074 virgini,
1022 2994 1162 3076 quaein
1177 3009 1308 3074 magno
1324 2995 1481 3075 periculo

254 3104 428 3169 castitatis
443 3104 667 3183 versabatur,
683 3112 733 3180 ut,
750 3119 792 3166 ea
806 3101 890 3166 dote
906 3098 1038 3182 adjuta.
1055 3102 1112 3164 vel
1128 3101 1164 3166 in
1179 3101 1404 3166 matrimonio
1421 3104 1476 3166 vel

254 3212 290 3276 in
304 3211 522 3278 monasterio
537 3212 786 3275 collocaretur.

321 3319 410 3385 1126.
455 3317 557 3398 Quod
571 3318 617 3383 ad
631 3318 774 3382 scholas
792 3316 934 3397 attinet,
956 3315 992 3380 in
1013 3315 1089 3380 dies
1108 3316 1223 3396 magis
1243 3317 1278 3380 in
1300 3318 1425 3399 spiritu
1448 3327 1484 3381 et

254 3427 379 3492 litteris
400 3425 605 3490 scholastici
623 3424 873 3506 proficiebant;
894 3431 929 3486 et
950 3423 1049 3487 multi
1071 3441 1116 3487 ex
1132 3424 1199 3503 eis,
1221 3423 1315 3488 bono
1339 3425 1482 3506 ingenio

254 3534 424 3616 praediti,
440 3532 621 3597 instabant
634 3541 672 3595 ut
692 3531 728 3594 in
743 3529 959 3595 Societatem
974 3529 1256 3612 admitterentur,
1277 3532 1369 3596 inter
1393 3548 1482 3612 quos

255 3643 324 3707 duo
338 3641 538 3706 rhetoricae
558 3638 692 3703 dabant
705 3654 867 3720 operam,
883 3638 1051 3717 egregiae
1073 3633 1202 3702 indolis
1223 3638 1476 3718 adolescentes,

254 3759 289 3814 et
315 3749 471 3813 omnium
496 3745 696 3812 constantia
714 3755 749 3809 et
771 3744 942 3826 patientia
964 3743 1000 3808 in
1022 3744 1243 3826 expectando
1271 3745 1481 3812 admiranda

254 3856 453 3922 videbatur.
1220 3873 1225 3880 ·

318 3963 404 4029 1127.
448 3962 527 4028 Non
542 3972 620 4027 erat
635 3962 838 4042 infrequens
851 3960 1148 4026 scholasticorum
1162 3979 1346 4042 numerus;
1362 3979 1482 4044 quam·

253 4073 310 4137 vis
330 4072 450 4153 plures
463 4069 631 4150 fuissent,
648 4069 716 4133 nisi
736 4069 772 4133 in
792 4069 923 4149 angulo
939 4068 1092 4151 quodam
1112 4071 1250 4150 amplae
1271 4069 1365 4135 illius
1384 4070 1482 4135 urbis

149 4200 155 4210 ·
252 4180 359 4260 sitae,
381 4188 420 4243 ut
440 4178 595 4243 diximus
613 4176 637 4257 ’,
665 4177 810 4241 scholae
834 4176 940 4240 etiam
963 4175 1122 4240 fuissent.
1148 4176 1251 4242 Initio
1274 4175 1378 4258 hujus
1398 4178 1483 4244 anni

252 4285 395 4352 ducenti
410 4294 445 4351 et
460 4285 643 4366 octoginta
658 4293 771 4348 erant.

296 4566 306 4601 ί
333 4565 379 4612 lis.
390 4565 530 4612 incitabat.

293 4637 306 4672 ¹
332 4636 549 4694 supremum.
559 4647 584 4680 n.
598 4633 659 4680 frua
