3642 5350
371 370 427 432 370
828 366 954 431 Canon.
974 365 1052 431 Soc.
1071 368 1143 443 Jas.

372 517 473 581 multi
486 516 625 598 Pragae
638 534 717 581 eam
733 517 988 597 intelligebant.
1007 516 1074 579 15.·
1087 533 1176 580 vero
1196 516 1254 580 die
1268 514 1364 596 Maji,
1388 531 1471 579 cum
1485 530 1597 578 recas-

372 641 476 689 surus
490 634 584 689 esset
597 622 675 688 Rex
689 623 933 688 Romanorum
947 622 1137 701 Viennam,
1150 633 1185 687 et
1199 624 1364 688 hortatus
1373 632 1468 686 esset
1478 620 1517 685 Ρ.
1532 620 1598 685 Ca·

373 730 503 797 nisium
527 741 565 796 ut
590 750 612 796 a
636 732 754 796 nimiis
778 730 945 813 expensis
965 732 1171 810 abstineret,
1194 740 1338 812 propter
1357 744 1527 808 magnam
1545 728 1598 793 rei

372 839 599 921 pecuniariae
630 838 886 919 difficultatem,
915 838 1121 902 facultatem
1149 834 1352 919 [concessit]
1380 835 1597 915 ingolstadio

371 946 560 1011 recedendi
574 945 620 1010 ad
634 964 693 1011 res
703 947 790 1011 novi
800 946 953 1027 Collegii
962 946 1011 1010 ibi
1022 944 1228 1010 instituendi
1239 943 1513 1024 promovendas,
1525 960 1597 1007 non
1614 952 1618 957 ’
1640 998 1645 1008 .

372 1054 470 1135 prius
484 1066 603 1119 tamen
619 1070 724 1135 quam
735 1072 793 1119 res
804 1054 955 1137 Collegii
966 1052 1159 1135 Pragensis
1169 1054 1260 1116 hene
1271 1053 1483 1116 constitutas
1493 1051 1598 1115 relin-

372 1170 507 1243 queret.

435 1269 523 1333 1553.
565 1270 846 1351 Experiebantur
871 1272 986 1335 nostri
1010 1269 1187 1333 salubrem
1208 1286 1286 1333 esse
1309 1276 1430 1333 aerem
1449 1282 1599 1349 pragen·

372 1392 460 1455 sem;
486 1393 567 1441 cum
592 1378 684 1441 enim
709 1376 748 1441 P.
775 1377 974 1441 Gaudanus
997 1386 1071 1441 tres
1092 1388 1154 1441 aut
1174 1386 1329 1457 quatuor
1345 1373 1598 1451 hebdomadas,

372 1483 858 1566 valetudinisrecuperandae
868 1485 998 1565 gratia,
1008 1483 1138 1548 ibidem
1150 1495 1392 1548 commoratus
1402 1491 1508 1560 esset,
1517 1497 1599 1545 cum

371 1607 503 1670 magna
518 1591 680 1655 sanitatis
694 1593 899 1657 accessione
915 1590 1092 1655 Viennam
1107 1609 1188 1655 cum
1202 1590 1358 1655 Domino
1373 1588 1597 1654 Vicecancel·

370 1698 459 1763 lario
473 1697 563 1781 Jona
579 1700 748 1763 remissus
763 1710 826 1764 est.

433 1804 521 1868 1554.
564 1804 632 1870 Hic
656 1816 775 1871 autem
798 1808 946 1887 amicus,
967 1818 1050 1871 ante
1068 1823 1261 1884 recessum,
1281 1824 1348 1869 sua
1367 1804 1538 1869 industria
1563 1812 1597 1867 et

370 1912 498 1993 studio,
511 1914 807 1995 quemadmodum
818 1916 919 1995 prius
929 1916 974 1979 de
987 1914 1193 1993 Viennensi,
1209 1914 1259 1977 ita
1271 1922 1355 1977 tunc
1367 1912 1411 1977 de
1425 1910 1598 1991 Pragensi

371 2020 528 2101 Collegio
543 2022 674 2102 optime
688 2022 836 2087 meritus
851 2035 917 2102 est;
933 2033 968 2086 et
983 2039 1065 2087 cum
1080 2022 1217 2086 videret
1232 2021 1374 2101 magnis
1387 2020 1597 2084 difficultati·

371 2131 437 2194 bus
459 2138 494 2193 et
515 2128 740 2193 dilationibus
763 2147 822 2194 res
844 2130 948 2211 hujus
973 2130 1124 2211 Collegii
1144 2131 1281 2194 involvi
1302 2129 1346 2193 ab
1368 2130 1449 2208 illis,
1471 2127 1598 2209 quibus

369 2234 448 2301 Rex
462 2236 722 2317 expeditionem
742 2238 979 2317 commiserat,
996 2255 1059 2301 eos
1073 2236 1185 2301 adivit
1199 2247 1234 2301 et
1252 2236 1354 2314 ursit,
1369 2253 1413 2299 ac
1427 2234 1545 2316 potius
1559 2250 1598 2297 se

371 2346 463 2407 velle
477 2360 581 2409 suum
597 2343 749 2408 officium
763 2354 798 2409 et
812 2345 949 2408 curiam
965 2355 1000 2408 et
1013 2343 1150 2424 Regem
1165 2346 1280 2424 ipsum
1295 2342 1495 2424 relinquere
1508 2340 1598 2405 affir-

369 2451 492 2527 mavit,
509 2468 617 2532 quam
637 2462 676 2515 ut
698 2450 836 2515 videret
857 2460 1002 2515 nostros
1023 2452 1101 2515 sine
1121 2452 1178 2514 sui
1197 2450 1344 2530 Collegii
1361 2448 1597 2530 expeditione,

371 2558 558 2623 recedente
572 2557 681 2639 Rege,
697 2559 859 2639 relinqui;
871 2576 938 2624 nec
954 2575 1105 2640 aequum
1117 2575 1197 2621 esse
1211 2567 1250 2621 ut
1264 2576 1286 2620 a
1300 2557 1401 2637 regia
1412 2554 1598 2635 Maiestate

370 2666 511 2732 evocati
536 2666 782 2731 desererentur
808 2668 829 2746 ¹,
855 2676 894 2731 ut
917 2666 1012 2731 same
1041 2665 1256 2731 laborarent.
1282 2664 1357 2730 Nec
1384 2664 1534 2730 curabat
1558 2673 1597 2726 ut

370 2774 539 2838 haeretici
557 2787 592 2838 et
606 2775 666 2838 alii
682 2775 772 2838 male
792 2775 860 2855 ipsi
874 2784 1056 2856 cuperent,
1072 2775 1167 2855 quod
1187 2773 1424 2855 patrocinium
1438 2774 1598 2854 ipsorum

370 2882 565 2962 susciperet
581 2880 602 2946 ¹.
1232 2902 1238 2913 ·

433 2989 520 3051 1555.
566 2988 740 3054 Catholici
765 2999 882 3054 tamen
904 2991 1041 3055 nobiles
1059 2990 1263 3069 Bohemiae,
1285 2991 1332 3054 ad
1348 2989 1513 3054 Diaetam
1530 2988 1598 3051 hoc

371 3106 530 3178 tempore
544 3097 766 3177 congregati,
783 3115 821 3162 se
835 3099 941 3161 valde
955 3098 1149 3162 benevolos
1163 3097 1390 3176 exhibebant,
1406 3106 1441 3160 et
1455 3112 1539 3160 suos
1553 3093 1599 3158 ad

371 3204 514 3269 scholas
528 3205 672 3268 missuri
687 3204 912 3269 videbantur.

434 3311 521 3376 1556.
565 3311 679 3376 Valde
699 3321 817 3377 autem
838 3312 991 3376 afflictus
1010 3323 1087 3377 erat
1105 3312 1184 3377 Rex
1198 3315 1267 3376 hoc
1286 3323 1468 3393 tempore,
1476 3320 1511 3375 et
1525 3309 1599 3391 qui·

371 3419 450 3484 dem
465 3419 575 3482 variis
590 3419 715 3498 modis,
731 3431 769 3482 ut
785 3437 931 3500 prorsus
947 3421 980 3483 ei
999 3421 1285 3501 compatiendum
1301 3419 1344 3481 ab
1360 3417 1523 3482 omnihus
1537 3417 1599 3480 ho·

370 3527 522 3591 minibus
537 3537 643 3590 esset.
660 3525 765 3590 Solus
779 3528 873 3590 enim
888 3545 934 3590 ex
946 3526 1167 3608 Principibus
1180 3527 1367 3590 videbatur
1382 3543 1425 3589 eo
1439 3534 1599 3604 tempore

371 3633 445 3697 suis
459 3633 617 3696 humeris
630 3634 813 3712 negotium
828 3631 840 3664 ⁸
854 3634 1124 3698 conservandae
1145 3633 1327 3713 religionis
1347 3633 1383 3695 in
1407 3631 1599 3696 Germania

371 3741 557 3818 sustinere;
573 3741 609 3803 in
624 3739 810 3821 Hungaria
825 3741 933 3804 etiam
948 3751 1071 3805 turcae
1082 3741 1206 3821 paucis
1220 3739 1457 3804 hebdomadis.
1466 3739 1600 3818 aliquot

372 3849 480 3912 millia
496 3847 677 3912 hominum
688 3849 963 3912 christianorum
976 3849 1211 3912 abduxerant.
1227 3847 1405 3911 Haereses
1416 3847 1549 3927 passim
1562 3845 1600 3908 in

371 3954 517 4018 Austria
537 3964 573 4018 et
591 3955 746 4019 Bavaria
765 3956 1034 4036 grassabantur,
1052 3969 1088 4018 et
1106 3955 1295 4036 utrobique
1315 3954 1601 4018 communionem

372 4063 436 4125 sub
450 4071 601 4142 utraque
616 4062 733 4142 specie
749 4062 1003 4144 efflagitabant.
1021 4063 1095 4126 Nec
1107 4062 1308 4126 defuturam
1322 4061 1486 4142 martyrii
1501 4076 1601 4124 occa·

333 4172 337 4180 '
372 4169 507 4232 sionem
529 4167 566 4232 P.
591 4169 755 4233 Canisius
777 4172 955 4250 sperabat:
979 4180 1013 4234 et
1033 4171 1284 4250 experiebatur
1302 4170 1459 4232 sterilem
1482 4167 1599 4232 admo·

372 4273 456 4340 dum
470 4292 597 4356 agrum
611 4277 709 4340 illum
728 4277 951 4342 bohemicum
973 4277 1018 4340 ad
1040 4294 1161 4340 semen
1184 4277 1286 4340 verbi
1307 4275 1374 4339 Dei
1389 4293 1470 4339 cum
1484 4273 1602 4339 fructu

414 4481 423 4514 ί
450 4481 497 4526 lis.
511 4485 541 4524 ut
552 4493 567 4525 a
579 4483 654 4536 regia
664 4481 809 4537 Maiestate
819 4484 924 4526 evocati
933 4483 1096 4526 deserendos
1106 4491 1151 4525 eos
1161 4491 1230 4534 esse,
1240 4485 1268 4525 ut
1277 4480 1354 4534 same
1364 4480 1528 4526 laborarent.

412 4552 424 4584 ¹
451 4553 663 4606 Baaunsnaaona,
673 4555 739 4606 ibid,
747 4565 806 4608 pag.
813 4555 865 4598 621.

413 4623 424 4656 ²
451 4621 496 4669 Ma.
506 4633 564 4680 post
575 4627 711 4679 negotium
722 4626 800 4670 hahet
812 4629 841 4668 ut
851 4627 982 4678 studium,
993 4627 1060 4682 quod
1070 4626 1216 4672 redundare
1226 4627 1338 4671 videtur.
