3642 5350
376 418 430 479 700
839 420 966 483 Canon.
986 417 1063 480 Soc.
1084 418 1154 494 Jns.

374 566 476 631 lenae
493 562 515 645 ¹,
531 582 622 647 quae
637 582 728 629 uxor
741 564 807 631 luit
825 563 870 631 D.
886 563 983 629 Petri
996 564 1263 647 Mascaregnas,
1279 565 1462 648 Pro-regis
1471 566 1607 647 Indiae,

375 682 410 737 et
423 671 498 737 fere
511 672 645 737 eisdem
664 672 877 737 monialibus
891 672 1043 752 singulis
1060 671 1291 739 hebdomadis
1312 674 1605 755 concionabatur;

375 797 441 845 nec
460 780 644 844 omittebat
663 779 803 844 interim
821 796 1022 845 sermonem
1041 778 1225 845 doctrinae
1246 781 1481 862 christianae,
1501 800 1606 864 quem

375 887 469 969 apud
483 886 618 951 nobiles
632 886 754 967 palatii
768 886 920 951 feminas
933 886 1057 952 diebus
1072 887 1214 953 veneris
1226 888 1358 954 habere
1375 889 1605 970 praecedeuti

374 1010 469 1060 anno
482 992 728 1058 inchoaverat.

432 1099 525 1166 3200.
568 1101 728 1167 Ecclesia
742 1119 838 1166 nova
848 1100 924 1185 jam
939 1102 1106 1168 inchoata
1119 1102 1215 1184 apud
1228 1101 1293 1167 Sl*
1307 1101 1469 1169 Rochum
1483 1105 1605 1187 paula·

374 1209 438 1273 tim
461 1209 663 1288 crescebat;
685 1208 793 1291 aliqui
818 1208 887 1274 viri
911 1208 1046 1274 nobiles
1071 1210 1281 1291 cougregati
1298 1209 1457 1292 fueraut,
1480 1221 1518 1277 ut
1539 1228 1606 1294 per

373 1316 496 1381 urbem
517 1332 598 1380 cum
620 1316 738 1397 aliquo
763 1334 809 1381 ex
828 1316 962 1381 nostris
975 1315 1023 1381 ad
1045 1316 1112 1380 hoc
1137 1315 1335 1381 aedificium
1359 1318 1607 1400 eleemosynas

373 1432 549 1505 peterent,
571 1434 606 1488 et
625 1423 674 1487 ita
688 1424 826 1505 aliquas
840 1423 1079 1489 obtinuerunt.
1095 1422 1172 1487 Rex
1190 1424 1267 1505 ipse
1286 1424 1405 1505 potius
1418 1424 1466 1489 ad
1480 1425 1605 1504 domus

298 1538 301 1544 '
374 1540 518 1596 nostrae
534 1529 733 1595 aedificium
747 1530 904 1595 animum
920 1528 1115 1611 adiecerat,
1137 1539 1171 1594 et
1189 1530 1378 1596 ecclesiam
1397 1532 1535 1596 civitati
1548 1548 1603 1595 ae·

373 1637 587 1703 dificandam
600 1637 836 1718 relinquebat;
852 1646 888 1702 et
907 1637 954 1701 ad
969 1637 1108 1702 initium
1127 1637 1272 1718 aliquod
1291 1637 1371 1703 illos
1391 1639 1603 1721 quingentos

374 1762 520 1825 aureoS,
537 1761 626 1826 quos
640 1744 676 1809 in
692 1744 863 1810 viaticum
885 1745 992 1809 datos
1010 1743 1164 1809 diximus
1178 1742 1207 1823 ¹,
1230 1754 1419 1827 postquam
1440 1746 1601 1811 substite-

374 1861 456 1919 runt
471 1852 539 1917 hoc
554 1869 666 1931 anno,
683 1851 743 1933 qui
758 1850 802 1917 ad
818 1850 1141 1932 Congregatiouem
1160 1850 1301 1916 venturi
1322 1863 1443 1933 erant,
1463 1862 1503 1919 ut
1515 1853 1601 1918 dixi·

374 1976 469 2042 mus,
485 1959 597 2024 voluit
611 1959 648 2023 in
666 1958 825 2023 aedificio
839 1959 1045 2041 praedictae
1067 1956 1193 2023 domus
1208 1957 1371 2039 expendi.
1389 1958 1446 2025 Ex
1462 1961 1602 2024 aerario

375 2078 493 2133 tamen
512 2066 622 2147 Regis
642 2076 830 2148 utrumque
848 2065 1049 2130 aedificium
1068 2081 1286 2146 consurgere
1300 2066 1499 2148 oportebat,
1522 2084 1601 2132 cum

375 2175 481 2241 etiam
495 2175 558 2256 illi,
574 2175 634 2257 qui
650 2174 695 2238 ad
709 2173 897 2239 ecclesiam
912 2172 1171 2238 aedificandam
1184 2174 1430 2256 eleemosynas
1445 2174 1602 2241 confere·

375 2283 471 2363 bant,
487 2301 534 2347 ex
547 2282 731 2364 stipendiis
745 2282 856 2363 regiis
870 2281 964 2346 bona
978 2298 1024 2346 ex
1038 2289 1140 2363 parte
1155 2298 1216 2345 eas
1231 2281 1446 2351 conferrent.

436 2388 479 2455 Et
493 2389 583 2456 baec
597 2389 641 2456 de
655 2388 1026 2471 Domo'professorum
1040 2386 1101 2452 S.⁸¹
1116 2387 1242 2453 Rochi.

582 2711 646 2776 DE
666 2709 818 2776 REBUS
839 2710 877 2776 P.
901 2708 1130 2792 LUDOYICI
1151 2707 1398 2775 GONZALEZ

706 2945 752 2992 ac
773 2925 809 2992 P.
831 2927 987 3007 Tonans,
1008 2924 1268 3004 provacans,

379 3148 433 3206 ET
444 3147 550 3206 ALIIS
561 3145 615 3204 Ab
626 3141 935 3202 PROVINCIALEM
945 3140 1267 3199 PORTUGALLIAE
1277 3105 1603 3200 Pburtunurluus

435 3363 527 3430 3206.
570 3361 642 3428 Sub
663 3369 871 3426 autumnum
888 3359 975 3424 anni
992 3355 1239 3440 praecedentis
1258 3355 1297 3421 P.
1316 3355 1446 3438 Ignatii
1465 3359 1604 3424 litterae

376 3475 411 3538 in
437 3469 693 3550 Portugalliam
717 3474 972 3550 pervenerant,
993 3464 1121 3547 quibus
1145 3463 1185 3530 P.
1207 3462 1373 3529 Michaeli
1395 3464 1440 3530 de
1459 3465 1602 3547 Torres,

375 3579 576 3659 theologiae
599 3575 752 3655 doctori,
773 3575 859 3640 cur'a
878 3572 1090 3638 Provinciae
1110 3570 1350 3652 portugalliae
1368 3571 1603 3639 demandaba-

374 3697 444 3770 tur;
461 3695 495 3752 et
509 3695 548 3752 ut
563 3685 680 3750 Patris
694 3680 854 3761 Mironis,
870 3681 932 3763 qui
946 3688 1028 3744 ante
1039 3696 1120 3744 eum
1130 3678 1344 3760 praefuerat,
1356 3679 1483 3745 electio
1496 3698 1519 3744 a
1533 3680 1603 3746 Do·

375 3797 471 3861 mino
486 3792 594 3859 luisse
610 3791 689 3856 visa
704 3789 831 3866 suerat,
847 3788 897 3851 ita
911 3797 946 3852 et
957 3786 1074 3851 Patris
1089 3785 1289 3865 Torrensis;
1305 3795 1340 3849 et
1355 3787 1446 3851 inter
1460 3799 1602 3853 nostros

374 3904 464 3970 baec
480 3899 629 3967 mutatio
644 3897 779 3962 nullum
792 3893 926 3961 doloris
939 3911 1081 3960 sensum
1094 3892 1223 3973 intulit,
1238 3901 1308 3957 eta
1324 3904 1398 3959 tota
1413 3892 1602 3961 Provincia

373 4020 535 4077 amanter
549 4013 720 4087 exceptus
735 4003 811 4068 fuit.

432 4115 524 4182 3207.
567 4110 789 4179 Duodecima
813 4109 1000 4175 Februarii
1024 4108 1063 4173 P.
1089 4107 1294 4174 Ludovicus
1320 4108 1499 4175 Gouzalez
1523 4128 1603 4177 cum

379 4260 591 4272 ...—.-——

413 4326 422 4359 ¹
453 4323 541 4378 Digna
550 4323 618 4366 scitu
628 4325 688 4365 sunt
699 4330 765 4375 qnae
775 4318 806 4363 de
817 4317 884 4362 Dru.
896 4315 996 4361 Helena
1006 4315 1200 4370 tinnuerunt,
1210 4315 1422 4370 praeclarissima
1433 4317 1536 4373 femina,
1550 4324 1605 4363 tru-

369 4398 433 4444 dunt
444 4397 554 4449 Tacina,
565 4395 692 4438 chronica
703 4393 739 4435 da
751 4389 916 4444 Compunlria
927 4390 960 4432 de
969 4388 1046 4443 Jesu,
1055 4401 1079 4444 p.
1091 4399 1118 4442 ιι,
1130 4389 1175 4432 llv.
1185 4399 1221 4437 rr.
1233 4398 1291 4443 cap.
1301 4398 1356 4443 nt,
1366 4400 1390 4431 n.
1401 4389 1422 4441 i;
1432 4396 1460 4433 et
1469 4390 1606 4435 corrosae

371 4471 427 4515 San
436 4468 556 4524 Ignacio,
565 4474 584 4511 t.
596 4476 633 4520 ru,
641 4475 702 4520 pag.
712 4463 745 4515 l7,
756 4461 873 4507 annona.
884 4461 952 4505 Vide
961 4461 1042 4506 etlam
1050 4460 1172 4505 Litterae
1179 4459 1410 4513 Quadrimestm,
1420 4467 1438 4504 t.
1450 4472 1479 4516 ιι,
1487 4473 1547 4517 pag.
1555 4463 1604 4517 105,

370 4552 389 4588 t.
399 4553 438 4596 ιιι,
448 4551 509 4596 pag.
519 4540 567 4593 231,
578 4545 604 4582 et
615 4546 704 4592 supra,
715 4535 870 4588 Chronicorr,
880 4539 899 4578 t.
912 4545 938 4588 v,
945 4543 1006 4588 pag.
1013 4533 1062 4587 609,
1072 4545 1097 4577 n.
1107 4532 1167 4588 lo75,
1175 4531 1218 4576 ubl
1227 4531 1311 4576 minua
1320 4539 1391 4577 reete
1399 4534 1516 4579 eamdem
1524 4545 1603 4580 voec-

371 4615 456 4661 vintus
467 4613 641 4659 Eleonoram.

410 4687 421 4720 ¹
449 4685 546 4742 Nuper,
556 4681 651 4728 ιι.0199.
