3642 5350
786 404 851 465 An.
873 404 944 465 155⁶
1426 405 1481 467 763

246 568 345 617 more
359 551 453 617 illius
466 552 584 633 gentis
598 569 702 617 socer
719 550 898 616 subditum
917 550 1025 617 habet
1042 568 1227 633 generum,
1244 552 1354 617 immo
1369 561 1405 617 et
1420 569 1477 617 co·

247 658 359 739 gnati,
375 675 441 741 pro
455 676 519 723 suo
535 658 721 739 arbitratu,
737 675 878 723 sorores
892 675 977 724 suas
991 658 1079 740 ipsis
1093 659 1305 724 adimerent.
1328 713 1331 721 .

307 764 408 845 Haec
417 766 527 847 igitur
537 768 574 832 in
584 765 791 831 universum
801 766 852 831 ita
862 765 1475 849 seseapndbrasilienseshabebant.

698 1142 763 1207 DE
783 1139 1028 1208 COLLEGIIS

605 1394 765 1441 Duenws
789 1392 913 1441 sancii
936 1394 1114 1442 vincuntur

303 1629 396 1695 3297.
440 1630 682 1713 Piratiningae
700 1630 816 1713 major
835 1648 921 1714 pars
939 1641 1144 1698 nostrornm
1159 1633 1409 1713 versabantur,
1424 1633 1475 1697 in·

245 1746 374 1801 tereos
387 1737 448 1818 qui
468 1738 505 1802 in
524 1716 656 1803 ducatu
676 1736 736 1803 S.⁸¹
755 1738 936 1803 Vincentii
950 1738 1170 1820 residebant;
1186 1739 1351 1821 quamvis
1364 1739 1474 1804 etiam

245 1844 281 1908 in
297 1844 376 1909 loco
396 1844 662 1927 Taraybativae
683 1854 718 1911 et
738 1846 867 1929 oppido
886 1846 964 1927 ipso
983 1844 1044 1911 Sil
1062 1845 1244 1915 vincentii
1264 1845 1373 1927 aliqui
1390 1846 1475 1911 resi·

244 1949 378 2017 derant.

305 2056 398 2123 3298.
442 2058 692 2127 Observabant
711 2070 829 2126 autem
849 2061 963 2126 nostri
983 2061 1226 2141 Piratiningae
1246 2061 1291 2126 in.
1308 2060 1474 2126 indorum

245 2163 407 2231 doctrina
423 2164 470 2247 [et
484 2165 718 2251 institutione]
733 2168 895 2233 eumdem
909 2168 1082 2248 ordinem,
1098 2185 1203 2250 quem
1216 2168 1311 2233 soliti
1329 2175 1433 2232 erant
1448 2172 1470 2247 ¹;

241 2283 276 2337 et
286 2273 391 2354 signo
402 2274 628 2339 tintinnabuli
639 2274 693 2340 bis
704 2275 859 2355 quotidie
871 2275 918 2339 ad
930 2274 1117 2340 ecclesiam
1128 2274 1355 2340 brasilienses
1368 2292 1471 2341 voca·

161 2448 164 2456 ,
243 2379 383 2461 bantur,
400 2382 446 2445 ad
460 2398 568 2464 qnam
581 2382 733 2447 feminae
747 2400 852 2447 mane
871 2382 1142 2463 conveniebant,
1158 2392 1194 2447 et
1212 2384 1394 2449 orationes
1407 2383 1474 2462 (sic

243 2504 315 2552 nno
331 2489 452 2569 verbo,
469 2506 560 2571 quae
574 2488 620 2553 ad
634 2489 891 2555 catechismum
911 2490 1100 2571 pertinent,
1121 2489 1313 2569 vocabant)
1327 2479 1474 2572 proprio

242 2595 410 2661 idiomate
425 2595 671 2678 addiscebant3
686 2606 720 2661 et
735 2597 871 2661 crebris
890 2597 1197 2679 exhortationibus
1217 2606 1253 2663 et
1273 2597 1473 2664 instructio·

241 2704 345 2770 nibus
369 2704 493 2786 ineis,
515 2703 607 2786 quae
624 2705 672 2770 ad
691 2703 796 2770 iidem
818 2716 853 2770 et
874 2705 986 2770 vitam
1007 2706 1211 2776 christianis
1233 2706 1380 2788 dignam
1397 2722 1474 2788 spe·

240 2821 350 2893 etant,
366 2811 635 2890 excolebantur;
655 2821 689 2877 et
708 2812 884 2896 quaedam
902 2832 950 2878 ex
967 2813 1020 2879 eis
1037 2815 1091 2884 sic
1112 2813 1158 2886 ad
1177 2814 1346 2896 pietatem
1368 2822 1473 2878 erant

240 2919 399 3000 affectae,
415 2929 454 2985 ut
468 2919 603 2984 nullum
615 2937 707 3001 pene
719 2918 813 2986 diem
830 2921 1168 3003 praetermitterent,
1189 2921 1273 3003 quin
1296 2921 1343 2986 ad
1361 2920 1471 2985 eccle·

239 3027 330 3090 siam
348 3027 403 3092 bis
422 3026 649 3108 accederent;
668 3045 734 3092 nec
752 3026 898 3109 frigoris
917 3028 1177 3109 magnitudine,
1198 3027 1292 3110 quod
1311 3028 1473 3094 acutissi-

237 3150 334 3198 mum
347 3143 401 3199 est
416 3151 537 3200 mense
555 3133 727 3216 Augusti,
743 3134 1030 3215 deterrebantur3
1052 3144 1087 3203 et
1109 3137 1248 3217 aliquae
1268 3152 1392 3202 earum
1413 3136 1468 3201 bis

118 3271 121 3280 ·
237 3254 298 3305 aut
323 3251 377 3306 ter
397 3241 587 3324 quotannis
607 3252 688 3323 post
711 3241 971 3308 consessionem
987 3243 1155 3315 dominici
1170 3243 1332 3324 corporis
1346 3260 1466 3309 sacra·

236 3359 394 3413 mentum
408 3348 660 3431 suscipiebant.

293 3455 387 3522 3299.
430 3455 510 3522 Viri
534 3465 653 3522 autem
676 3457 786 3538 aliqui
809 3457 997 3522 dominicis
1014 3457 1139 3527 diebus
1157 3458 1289 3524 Missae
1311 3459 1465 3527 celebra·

236 3564 326 3628 tioni
340 3564 545 3644 intererant,
561 3564 620 3628 ubi
635 3572 715 3646 post
729 3563 947 3633 offertorium
967 3566 1101 3648 aliquid
1118 3566 1163 3631 de
1183 3566 1252 3631 lide
1269 3577 1304 3631 et
1322 3565 1466 3632 manda-

236 3681 354 3736 torum
365 3671 434 3737 Dei
444 3672 693 3737 observatione
704 3673 791 3754 ipsis
801 3672 1258 3755 annuntiabatumsedquia
1270 3673 1417 3740 rudibus
1430 3683 1467 3739 et

237 3778 372 3842 obtusis
386 3794 508 3843 eorum
522 3777 674 3859 ingeniis
688 3779 723 3843 id
737 3796 863 3860 parum
876 3789 966 3858 erat,
982 3782 1116 3850 nullum
1131 3779 1225 3845 diem
1236 3781 1351 3848 nostri
1364 3797 1464 3861 prae·

236 3886 488 3966 termittebant,
504 3903 573 3966 quo
589 3903 651 3951 eos
665 3887 701 3950 in
715 3887 868 3968 propriis
887 3887 1050 3954 domibus
1068 3904 1139 3953 non
1159 3887 1412 3968 convenirent,
1432 3896 1468 3952 et

235 4011 329 4060 nunc
344 3993 421 4074 hos,
437 4010 531 4059 nunc
545 3995 624 4058 illos
642 3994 689 4058 ad
706 3993 811 4059 fidem
831 3993 1093 4077 suscipiendam
1110 3995 1399 4068 exhortarentur.
1419 3995 1465 4060 Et

234 4102 317 4183 quia
331 4101 473 4183 privata
488 4101 665 4184 colloquia
676 4119 736 4167 eos
750 4119 968 4184 magnopere
981 4103 1185 4182 movebant,
1209 4104 1319 4186 aliqui
1340 4121 1386 4168 ex
1406 4121 1467 4168 no·

232 4209 328 4290 stris,
341 4225 388 4274 ex
400 4209 600 4274 obedientia
611 4207 650 4274 P.
663 4207 837 4276 Lndovici
847 4210 891 4274 de
903 4209 1041 4291 Grana,
1054 4211 1213 4292 ipsorum
1226 4210 1413 4293 colloquiis
1428 4227 1467 4276 se
1505 4232 1508 4240 ⁸

231 4315 491 4394 immiscebant,
508 4327 542 4381 et
557 4316 831 4382 familiarissime
847 4335 928 4383 cnm
943 4317 995 4382 eis
1009 4319 1176 4398 agebant.

275 4524 283 4556 ¹
312 4523 360 4568 His
369 4523 465 4570 similla
475 4531 616 4570 narrantur
624 4536 713 4581 snpra,
725 4531 745 4570 t.
754 4537 781 4570 ιν
792 4534 819 4570 et
831 4537 856 4580 v,
867 4527 912 4570 nbi
922 4527 953 4570 de
961 4526 1240 4573 renmbmluemlnn
1247 4538 1333 4572 mmo
1341 4535 1391 4574 est.
1399 4528 1467 4573 Vlde

232 4595 270 4713 ¹1:¹1,
274 4595 342 4712 ἣξεις
352 4607 447 4714 :naam
457 4597 667 4652 Vasconcsnnor,
677 4597 695 4642 l.
706 4609 737 4648 c..
747 4598 791 4644 llr.
804 4609 831 4652 rr,
841 4611 865 4642 n.
876 4599 926 4644 6et
935 4610 981 4656 seq
992 4610 999 4653 3
1011 4597 1165 4654 ommim,
1180 4599 1252 4646 trist.
1263 4599 1319 4645 Soc.
1329 4599 1387 4660 Jes.
1405 4613 1431 4662 p.
1448 4613 1465 4663 r,
