3642 5350
699 482 703 492 ·
777 447 841 508 Aa.
863 448 933 508 1556
1415 444 1470 506 683

240 591 377 656 stianae
391 593 576 658 doctrinae
591 593 772 660 docendae
786 595 958 674 vacabat;
980 594 1180 659 uberrimus
1199 611 1245 660 ex
1266 592 1467 674 huiusmodi

239 698 420 764 laboribus
433 699 571 764 fructus
584 708 639 764 est
652 710 867 765 consecutus
887 699 909 760 ¹.

298 805 390 870 2946.
434 805 602 872 Custodia
616 808 768 889 publica,
785 826 867 874 cum
881 827 923 872 eo
941 819 1124 886 venerunt,
1148 808 1349 875 hominibus
1364 808 1467 889 plena

240 924 329 994 erat;
344 914 407 978 sed
422 932 503 978 cum
517 916 554 978 in
567 932 761 996 progressu
775 917 946 998 temporis
961 915 1007 980 ad
1022 917 1254 982 christianam
1268 915 1467 980 doctrinam

240 1022 487 1102 explicandam
501 1023 621 1087 socius
634 1022 673 1088 P.
690 1023 814 1088 Basilii
828 1023 873 1086 ad
887 1040 967 1087 eam
982 1023 1155 1102 venisset,
1171 1040 1324 1088 vacuam
1344 1037 1467 1104 prope·

239 1127 383 1193 modum
397 1129 544 1208 invenit;
560 1147 632 1193 non
646 1129 760 1194 solum
775 1139 895 1196 autem
908 1139 944 1194 et
959 1131 1071 1211 pueri,
1085 1130 1147 1194 sed
1162 1138 1197 1193 et
1212 1127 1322 1194 adulti
1336 1145 1468 1208 magna

240 1251 321 1300 cum
344 1235 534 1300 devotione
556 1236 769 1318 expositioni
794 1237 1010 1302 christianae
1045 1237 1230 1301 doctrinae
1257 1237 1465 1300 intererant.

239 1342 478 1407 Concionibus
492 1352 610 1407 autem
626 1342 664 1410 P.
685 1342 808 1408 Basilii
826 1344 994 1425 frequens
1014 1343 1204 1414 admodum
1223 1343 1394 1408 intererat
1408 1359 1467 1408 au·

238 1448 418 1514 ditorium.

297 1556 390 1621 2947.
432 1557 514 1622 Fuit
532 1559 624 1623 inter
643 1567 786 1623 caetera
805 1560 998 1623 constituta
1018 1557 1295 1629 confraternitas
1314 1557 1360 1622 ad
1372 1555 1467 1638 jura·

239 1676 359 1730 menta
371 1665 529 1744 vitanda,
546 1683 626 1730 cum
648 1683 780 1746 magno
800 1667 1010 1732 clericorum
1030 1676 1064 1732 et
1083 1676 1263 1731 rectorum
1278 1664 1355 1746 ejus
1370 1666 1468 1730 urbis

240 1773 427 1853 applausu,
443 1773 554 1855 quiin
571 1790 718 1838 numero
732 1773 954 1838 confratrum
969 1773 1124 1838 adscribi
1141 1775 1345 1838 voluerunt:
1368 1772 1468 1836 multi

239 1879 445 1944 sacerdotes
466 1888 499 1944 et
519 1880 628 1961 aliqui
649 1889 877 1962 aegrotantes
895 1879 1009 1946 eidem
1028 1880 1126 1946 Patri
1140 1881 1292 1946 confessi
1312 1888 1413 1956 sunt,
1432 1889 1468 1943 et

238 2004 284 2050 ex
308 1987 401 2051 bono
419 1987 553 2052 semine
572 1987 702 2052 ibidem
727 1988 867 2066 relicto,
887 1986 1030 2052 uberior
1054 1987 1191 2052 fructus
1210 1996 1468 2052 consecuturus

238 2093 461 2176 sperabatur.
490 2156 495 2164 ,

297 2199 389 2266 2948.
433 2202 488 2266 Ex
506 2203 717 2283 quibusdam
735 2203 882 2267 urbibus
903 2204 1006 2284 regni
1033 2202 1215 2268 Granatae
1235 2203 1293 2283 pia
1313 2201 1468 2284 quadam

238 2309 473 2374 aemulatione
487 2311 624 2392 aliquos
638 2308 683 2375 de
696 2320 820 2375 nostra
834 2308 1013 2375 Societate
1026 2312 1211 2392 operarios
1228 2309 1398 2390 optabant
1422 2326 1466 2374 ac

239 2417 476 2498 postulabant
493 2418 557 2482 sed
571 2435 651 2482 cum
667 2427 784 2482 essent
799 2418 916 2500 pauci,
930 2417 1092 2484 omnibus
1106 2419 1313 2483 satisfacere
1324 2435 1395 2480 non
1408 2432 1467 2497 po·

238 2534 367 2604 terant,
382 2541 464 2590 cum
478 2525 687 2608 praesertim
702 2526 828 2590 messis
841 2526 953 2608 ipsius
968 2525 1065 2590 urbis
1077 2525 1259 2590 Granatae
1270 2525 1380 2588 multo
1394 2523 1467 2604 plu-

239 2649 297 2697 res
312 2633 496 2714 operarios
510 2650 617 2715 quam
636 2641 738 2698 erant
752 2633 963 2715 requireret:
986 2633 1046 2697 ubi
1068 2633 1286 2699 continuatio
1307 2631 1466 2696 christia·

240 2757 308 2805 nae
327 2741 510 2805 doctrinae
525 2750 559 2805 et
574 2750 895 2820 sacramentorum,
913 2742 1122 2822 praesertim
1141 2758 1231 2823 quae
1251 2740 1465 2819 aegrotanti·

240 2847 306 2911 bus
328 2849 385 2912 vel
411 2848 641 2915 morientibus
665 2848 973 2928 ministrabantur,
994 2847 1153 2930 perutilis
1178 2865 1256 2913 esse
1276 2847 1308 2911 ei
1328 2846 1467 2912 civitati

242 2953 582 3036 deprehendebatur.

300 3060 392 3127 2949.
435 3061 547 3127 Auxit
561 3072 681 3128 autem
695 3062 733 3127 P.
750 3063 985 3129 Provincialis
1004 3080 1189 3128 numerum
1208 3062 1465 3144 operariorum,

242 3176 277 3233 et
294 3167 370 3247 J'arn
387 3169 423 3234 in
441 3178 612 3235 autumno
631 3187 759 3235 novem
778 3153 983 3235 sacerdotes
1001 3179 1037 3235 et
1056 3170 1184 3251 viginti
1198 3171 1277 3252 plus
1292 3170 1407 3235 minus
1422 3186 1467 3233 ex

241 3276 321 3339 aliis
346 3275 516 3342 fratribus
541 3277 791 3358 versabantur;
819 3278 878 3360 qui
903 3278 997 3343 dorni
1023 3279 1058 3342 in
1084 3278 1210 3358 spiritu
1235 3277 1466 3358 proficiebant

241 3383 455 3464 quotidianis
474 3383 510 3450 P.
532 3385 660 3450 Plazae
678 3386 986 3450 exhortationibus
1006 3384 1132 3466 adjuti,
1149 3402 1238 3466 quas
1257 3385 1301 3449 de
1315 3382 1465 3465 Regula-

240 3507 318 3555 rum
332 3492 567 3572 explicatione
582 3492 751 3570 habebat;
769 3502 804 3557 et
818 3492 964 3557 evidens
979 3511 1024 3557 ex
1038 3492 1107 3557 hac
1122 3492 1378 3557 exercitatione
1397 3492 1466 3555 fru-

240 3605 318 3662 ctus
332 3598 430 3663 exire
444 3600 673 3679 cernebatur;
693 3601 798 3665 simul
816 3601 911 3665 enim
930 3618 1011 3665 cum
1030 3600 1136 3665 domo
1155 3600 1392 3681 probationis,
1409 3600 1468 3663 cui

240 3714 405 3785 praeerat
419 3702 617 3787 Cordubae,
634 3707 833 3772 Granatam
847 3708 905 3771 ille
921 3707 988 3771 hac
1004 3716 1139 3772 aestate
1153 3718 1312 3771 venerat.

299 3811 390 3877 2950.
433 3813 528 3877 Inter
541 3831 660 3895 paceS,
677 3831 768 3896 quae
784 3815 995 3879 conciliatae
1009 3824 1092 3879 sunt
1106 3813 1298 3894 Granatae,
1316 3830 1385 3878 una
1400 3813 1467 3877 fuit

239 3936 311 3983 non
324 3920 444 4001 exigui
459 3921 627 3985 momenti
640 3921 711 3985 viri
724 3920 920 4002 cujusdam,
936 3922 996 4003 qui
1010 3923 1217 3985 vulneratus
1231 3921 1359 3997 fuerat,
1372 3930 1407 3985 et
1422 3918 1469 3984 ad

239 4026 381 4091 veniam
395 4028 666 4093 condonandam
681 4029 800 4093 induci
814 4046 886 4093 non
900 4038 1050 4111 poterat;
1068 4029 1140 4111 qui,
1157 4046 1238 4093 cum
1253 4029 1397 4092 domum
1409 4044 1470 4091 no·

239 4142 352 4198 stram
365 4145 459 4199 esset
479 4134 654 4201 adductus
675 4144 710 4199 et
729 4138 899 4200 sacellum
919 4136 1067 4216 Collegii
1087 4138 1286 4215 ingressus,
1306 4134 1386 4199 fusa
1408 4134 1468 4198 ibi·

239 4240 320 4305 dem
344 4242 522 4322 oratione,
550 4257 728 4322 egressus,
755 4242 1003 4307 adversarium
1017 4245 1201 4324 amplexus
1215 4252 1286 4320 est,
1308 4252 1342 4307 et
1362 4242 1470 4305 libere

240 4365 371 4412 noxam
386 4350 420 4412 ei
431 4348 659 4415 condonavit.
1281 4354 1283 4358 ‘

299 4454 391 4519 2951.
435 4454 525 4521 Cum
544 4456 581 4520 in
602 4456 762 4539 exequiis
781 4457 948 4523 catholici
967 4457 1076 4537 Regis
1097 4456 1311 4523 Ferdinandi
1334 4456 1371 4521 P.
1388 4456 1470 4523 Pro·

281 4698 290 4730 ¹
319 4698 442 4745 Lttterae
452 4700 684 4755 Quaaertmertres,
694 4707 713 4743 t.
724 4710 760 4753 rr,
772 4711 833 4754 pag.
843 4700 884 4743 526
893 4707 920 4745 et
930 4699 977 4745 621.
