3642 5350
779 388 844 449 Au.
865 388 935 449 1556
1419 389 1470 449 401

240 535 651 618 mensemspectabatur;
668 534 747 600 ideo
766 534 875 614 legati
894 542 1032 599 tantum
1054 544 1086 599 et
1110 552 1182 600 non
1201 535 1269 616 ipsi
1291 533 1472 618 Principes

242 645 404 711 aderaut.
793 646 795 651 '

305 751 394 816 1714.
437 750 528 817 Cum
542 761 663 817 tamen
677 749 908 815 intellexisset
922 748 960 813 P.
982 749 1147 816 canisius
1167 751 1302 817 obitum
1317 750 1354 815 P.
1371 750 1473 831 lgna·

244 860 294 941 tii,
310 867 456 923 sanctae
470 858 675 937 memoriae,
691 844 783 921 etad
795 856 1118 938 congregationem
1131 860 1336 939 generalem
1349 858 1473 939 primis

244 967 314 1033 illis
327 966 455 1032 litteris
470 964 594 1029 suisset
609 972 791 1043 evocatus,
808 964 934 1045 quibus
946 973 1028 1029 ante
1039 964 1195 1046 rigorem
1209 966 1350 1047 hyemis
1360 975 1474 1031 extre·

245 1090 341 1141 mum
350 1073 473 1137 venire
481 1071 528 1137 ad
536 1071 859 1153 congregationem
866 1068 1092 1152 jubebantur,
1105 1073 1270 1154 quamvis
1281 1072 1474 1139 secundam

246 1181 523 1247 admonitionem
538 1178 720 1261 expectari
735 1177 960 1259 oportuisset,
976 1195 1067 1259 quae
1082 1187 1163 1260 post
1174 1178 1313 1244 Pascha
1328 1196 1470 1262 sequen-

247 1290 293 1354 tis
307 1288 393 1353 anni
411 1287 536 1351 adesse
553 1284 713 1367 iubebat,
734 1282 861 1349 indixit
879 1284 1205 1367 congregationem
1218 1286 1474 1368 provincialem

246 1396 285 1461 Ρ.
306 1394 471 1461 canisius
489 1393 536 1458 ad
554 1402 718 1474 quartam
738 1390 902 1459 Octobris
917 1391 1091 1472 Passavii,
1108 1410 1200 1475 quae
1218 1393 1347 1459 civitas
1361 1393 1475 1459 Ratis·

247 1504 361 1569 bonae
383 1501 502 1565 vicina
528 1508 617 1579 erat,
640 1497 685 1562 ad
709 1516 817 1581 quam
841 1498 879 1563 Ρ.
902 1500 1072 1581 Lanoyus
1092 1509 1229 1565 tantum
1249 1519 1295 1566 ex
1316 1502 1474 1581 Austria‚

249 1610 287 1676 P.
310 1610 502 1675 Ursmarus
522 1624 567 1672 ex
586 1606 767 1686 Bohemia,
789 1605 829 1670 P.
849 1605 1068 1672 Covillonius
1087 1624 1133 1671 ex
1151 1607 1319 1689 Bavaria,
1335 1610 1476 1674 evocati

249 1726 343 1783 sunt:
358 1718 480 1798 plures
493 1714 586 1780 enim
601 1731 673 1777 non
687 1711 898 1795 expediebat
916 1730 961 1777 ex
980 1713 1095 1779 medio
1110 1731 1217 1779 cursu
1238 1717 1429 1782 lectionum
1442 1727 1477 1780 et

251 1826 402 1891 aliarum
416 1822 691 1905 occupationum
706 1820 861 1885 evocari.

314 1931 402 1995 1715.
446 1930 496 1995 Ibi
510 1928 719 2009 designatus
732 1936 786 1992 est
806 1927 882 2009 ipse
900 1927 939 1992 P.
963 1926 1199 1995 Provincialis
1213 1929 1378 1997 canisius
1397 1949 1477 1997 cum

254 2039 292 2104 P.
308 2039 468 2120 Lanoyo.
485 2036 575 2101 Cum
589 2036 676 2100 nihil
692 2032 736 2101 de
747 2035 855 2101 dilata
868 2034 1155 2117 congregatione
1165 2040 1400 2121 accepissent,
1412 2040 1480 2103 iter

253 2148 289 2211 in
303 2148 441 2211 ltaliam
452 2144 697 2226 susceperunt3
709 2160 775 2208 nec
784 2143 879 2208 enim
891 2144 971 2207 aliis
979 2144 1166 2224 provincia
1180 2146 1305 2211 abesse
1318 2147 1477 2226 licuerat,

253 2263 288 2318 et
303 2254 415 2336 pridie
430 2252 505 2317 Cal.
521 2250 733 2317 Novembris
754 2249 942 2316 Patavium
956 2263 1142 2329 venerunt,
1159 2261 1197 2317 ut
1216 2255 1379 2335 superius
1392 2252 1480 2318 dixi·

254 2378 333 2427 mus
349 2360 369 2440 ¹,
391 2369 426 2425 et
443 2360 564 2424 statim
582 2359 717 2423 reversi
739 2366 822 2423 suut
841 2358 877 2421 in
899 2356 1130 2423 Germaniam
1155 2359 1214 2424 ubi
1232 2360 1480 2427 intellexerunt

254 2469 400 2533 dilatam
414 2466 750 2548 congregationem,
763 2463 808 2528 ad
823 2480 903 2528 eam
918 2482 983 2529 suo
998 2473 1158 2547 tempore
1171 2466 1330 2533 redituri.

319 2573 405 2639 1716.
450 2572 526 2637 Rex
550 2571 694 2654 quidem
716 2569 965 2636 Ferdinandus
993 2588 1101 2653 aegre
1129 2589 1192 2637 eos
1216 2590 1262 2638 ex
1288 2572 1482 2641 Germania

152 2733 154 2738 .
256 2684 452 2762 dimiserat,
468 2692 504 2746 et
517 2678 721 2762 injunxerat
735 2678 778 2743 Ρ.Ι
790 2679 935 2744 canisio
950 2688 989 2745 ut
1003 2681 1097 2744 intra
1114 2679 1204 2745 duos
1213 2698 1354 2748 menses
1369 2682 1482 2749 Ratis·

258 2794 387 2856 bonam
408 2789 551 2868 rediret,
571 2788 623 2852 sic
639 2787 744 2864 enim,
765 2787 810 2850 ob
832 2787 1058 2852 tractandam
1077 2787 1261 2868 religionis
1279 2807 1427 2855 causam
1445 2792 1483 2855 in

258 2896 421 2974 comitiis,
448 2912 537 2976 opus
561 2893 649 2974 iore,
674 2904 709 2957 et
729 2892 820 2974 Regi
841 2911 883 2958 ea
899 2893 935 2957 in
956 2910 995 2957 re
1013 2894 1285 2976 repugnandum
1308 2913 1380 2961 uon
1404 2915 1484 2962 esse

259 3005 297 3070 Ρ.
328 3003 491 3069 canisius
515 3001 701 3080 sentiebat;
724 3000 889 3082 quamvis
914 2999 959 3064 ab
983 3017 1026 3064 ea
1050 3001 1234 3081 religionis
1258 3004 1483 3084 tractatione,

259 3127 455 3195 quaecum
479 3107 625 3173 summis
647 3105 866 3172 adversariis
886 3106 1004 3172 sutura
1022 3117 1111 3189 erat,
1135 3108 1237 3174 valde
1258 3109 1482 3190 abhorrebat,

260 3218 354 3303 quod
368 3234 439 3283 non
453 3217 636 3297 ignoraret
651 3213 770 3278 omnia
785 3213 946 3294 concilia,
964 3231 1055 3295 quae
1069 3215 1120 3279 ilii
1131 3213 1314 3297 Principes
1328 3227 1427 3282 tanta
1442 3220 1485 3284 de

261 3346 298 3392 re
312 3333 459 3391 eatenus
473 3321 718 3400 instituissent,
733 3320 921 3386 infeliciter
935 3321 1097 3386 cessisse.

324 3431 411 3496 1717.
455 3431 567 3496 Erant
587 3437 622 3493 et
640 3428 721 3509 alia,
741 3445 833 3509 quae
854 3426 1024 3508 maj0rem
1046 3429 1083 3493 in
1103 3429 1247 3495 modum
1267 3439 1302 3495 et
1315 3432 1432 3512 ipsum
1451 3443 1487 3498 et

261 3541 359 3606 viros
379 3538 575 3604 catholicos
595 3534 830 3601 offendebant.
851 3533 1088 3600 Nihilominus
1103 3535 1229 3602 adesse
1250 3541 1403 3604 comitiis
1417 3549 1486 3605 sta·

261 3649 338 3729 tuit,
361 3656 411 3727 ut,
434 3647 465 3711 si
485 3645 601 3710 minus
620 3641 807 3709 aedificare
828 3643 904 3724 ipse
923 3652 1062 3723 posset,
1083 3653 1276 3726 opponeret
1299 3663 1338 3710 se
1359 3649 1486 3712 saltem

263 3753 491 3831 adversariis,
506 3761 545 3818 ut
559 3751 677 3818 minus
690 3751 740 3815 illi
754 3749 988 3825 destruerent,
1011 3760 1046 3814 et
1065 3767 1287 3833 quacumque
1300 3762 1419 3835 posset
1433 3773 1486 3819 ra·

263 3863 369 3943 tione,
385 3860 574 3927 collabenti
593 3857 757 3940 religioni
770 3858 807 3922 in
826 3857 894 3922 illis
913 3857 1118 3938 regionibus
1136 3872 1372 3941 succurreret;
1388 3860 1488 3942 cujus

263 3987 407 4036 causum
427 3967 439 4000 ¹
458 3969 589 4032 bellum
607 3965 823 4048 pontificium
844 3963 1056 4028 deteriorem
1076 3982 1162 4030 sane
1183 3985 1226 4031 co
1241 3976 1399 4048 tempore
1414 3967 1489 4033 red·

263 4077 380 4143 debat.

326 4183 413 4249 1718.
458 4183 680 4264 Significavit
695 4180 836 4246 interim
850 4196 914 4261 per
929 4179 1066 4244 litteras
1079 4197 1151 4245 non
1165 4198 1278 4262 pauca
1293 4201 1333 4248 se
1346 4183 1488 4265 habere,

265 4305 338 4359 tum
364 4293 408 4357 de
429 4291 609 4357 communi
630 4288 844 4355 Germaniae
862 4296 970 4367 statu,
993 4296 1068 4352 tum
1088 4288 1133 4352 de
1154 4289 1323 4371 collegiis
1346 4293 1490 4373 nostris,

266 4418 355 4483 quae
370 4415 491 4465 coram
506 4399 668 4464 conferre
683 4413 764 4464 cum
779 4393 818 4458 P.
836 4393 984 4459 Vicario
999 4395 1156 4476 optabat;
1169 4407 1204 4462 et
1216 4395 1388 4477 ejusmodi
1402 4417 1491 4465 mor·

205 4573 207 4578 '
306 4571 316 4604 ¹
344 4566 650 4626 snprapannanmut.

308 4643 319 4675 ²
346 4640 581 4699 ltncajmausa.

411 4732 449 4790 T.
469 4747 511 4790 vr.
