3642 5350
396 361 456 423 800-
852 360 979 421 canor.
999 358 1171 434 soe-Jns.
1279 380 1290 398 ·

396 506 531 572 rabant
546 504 728 587 Principes
742 503 818 586 eJus
833 505 1002 586 regionis,
1014 514 1140 587 captus
1150 505 1266 571 fuerat
1278 523 1359 571 cum
1370 506 1489 571 multis
1504 507 1627 573 lusita-

397 614 452 679 nis
466 623 502 679 et
516 631 639 679 eorum
658 612 841 692 uxoribus,
863 612 955 676 inter
970 630 1059 693 quos
1080 622 1116 677 et
1137 612 1212 695 ipse
1234 612 1273 676 Ρ.
1296 612 1472 679 Henricus
1493 613 1571 693 fuit,
1587 622 1623 678 et

397 730 532 803 postea,
548 729 586 785 ut
602 721 691 785 alias
705 720 877 802 scriptum
890 718 968 798 fuit,
984 719 1124 784 liberati
1138 719 1280 785 fuerunt
1295 718 1317 779 ¹.

454 828 546 893 3429.
589 825 814 909 Suggerebat
833 842 920 908 ergo
944 826 982 891 P.
1008 825 1186 891 Henricus
1211 838 1250 893 ut
1269 828 1361 909 Regi
1384 827 1628 910 Portugalliae

397 937 489 1003 serio
511 934 703 1015 diceretur,
730 951 774 997 ne
797 935 966 998 ducatum
996 936 1053 998 vel
1080 934 1341 1015 praefecturam
1371 935 1447 1017 ejus
1471 936 1628 1017 regionis

397 1043 620 1133 Peschariae
633 1059 697 1107 seu
720 1040 902 1106 Comurini
927 1040 1093 1121 cuiquam
1114 1040 1193 1106 dari
1216 1040 1355 1123 juberet
1377 1043 1415 1107 in
1429 1044 1629 1108 mercedem

397 1161 458 1217 aut
472 1150 789 1217 remunerationem
804 1165 923 1213 rerum
939 1148 1023 1211 alibi
1037 1148 1126 1213 bene
1139 1158 1337 1229 gestarum
1349 1148 1412 1214 sed
1423 1151 1541 1232 potius
1552 1168 1627 1231 θος,

396 1260 455 1342 qui
470 1261 558 1324 bene
572 1275 610 1322 se
625 1257 820 1339 gessissent
832 1256 867 1320 in
879 1256 948 1320 hac
960 1256 1160 1337 provincia,
1173 1256 1320 1343 ubitam
1331 1258 1433 1322 multi
1444 1258 1629 1325 christiani

397 1366 480 1431 facti
504 1365 655 1444 fuerant,
677 1364 755 1429 aliis
774 1362 954 1428 beneficiis
976 1364 1178 1444 honoraret;
1200 1374 1235 1428 et
1255 1365 1344 1429 tanti
1364 1368 1531 1431 momenti
1548 1383 1629 1430 esse

397 1473 596 1539 affirmabat
610 1472 740 1536 bonum
764 1468 882 1553 [mitti]
904 1470 1123 1553 praefectum
1146 1471 1192 1536 ad
1211 1471 1404 1537 infidelium
1427 1473 1629 1537 conversio·

397 1600 478 1647 nem
492 1590 527 1645 et
541 1579 863 1658 conservationem,
879 1588 919 1642 ut
933 1579 991 1643 vel
1010 1578 1136 1644 unicus
1150 1580 1335 1661 operarius
1359 1579 1546 1646 Societatis
1560 1582 1627 1645 sub

398 1690 461 1754 tali
486 1688 666 1769 praefecto
693 1686 894 1751 uberiorem
922 1686 1077 1750 fructum
1104 1686 1303 1752 animarum
1333 1688 1466 1754 referre
1494 1697 1626 1771 posset,

398 1814 506 1880 quam
530 1794 658 1876 viginti
683 1794 837 1876 operarii
863 1794 928 1856 sub
948 1793 1145 1875 praefecto,
1168 1794 1241 1875 qui,
1260 1795 1435 1860 avaritiae
1454 1796 1627 1876 serviens,

393 1904 551 1986 Justitiae
566 1902 740 1967 rationem
755 1918 826 1965 non
845 1901 1004 1965 haberet.

439 1995 443 2003 ’
457 2009 548 2075 3430.
592 2010 647 2074 Ex
661 2007 850 2090 praefectis
864 2008 1077 2089 hujusmodi,
1093 2009 1154 2091 qui
1172 2026 1300 2090 parum
1313 2008 1429 2075 Deum
1443 2010 1626 2089 timebant,

400 2128 517 2183 ortum
530 2118 728 2182 habuerunt
743 2116 918 2198 quaedam
937 2114 1111 2181 factiones
1130 2116 1407 2183 christianorum
1424 2118 1516 2183 inter
1529 2134 1579 2198 se,
1592 2125 1628 2182 et

400 2228 598 2309 aliquorum
627 2224 755 2289 caedes
783 2224 994 2288 subsecutae
1021 2224 1181 2303 fuerunt;
1204 2233 1239 2288 et
1260 2224 1328 2289 hoc
1346 2242 1447 2289 anno
1472 2224 1629 2290 nondum

399 2334 489 2399 haec
502 2332 612 2417 pestis
626 2340 703 2398 erut
723 2332 891 2410 extincta,
908 2330 1002 2413 quod
1020 2331 1147 2396 attinet
1162 2331 1208 2397 ad
1226 2332 1319 2411 odia,
1335 2333 1418 2397 licet
1432 2332 1628 2397 certamina

397 2433 609 2522 cessassent;
624 2449 659 2505 et
673 2440 865 2505 multorum
884 2436 1032 2502 aflectus
1048 2455 1135 2519 erga
1150 2437 1188 2502 P.
1210 2439 1404 2504 Henricum
1419 2457 1465 2504 ex
1480 2448 1636 2521 utraque

397 2549 552 2616 factione
572 2551 785 2630 intepuerat,
802 2548 885 2611 dum
905 2548 1045 2627 utrique
1064 2547 1180 2639 ipsum
1199 2547 1373 2613 adversae
1392 2550 1486 2629 parti
1506 2546 1629 2613 favere

399 2657 683 2742 suspicabantur;
699 2664 734 2721 et
753 2672 825 2720 non
840 2670 966 2736 parum
988 2653 1189 2719 afflictionis
1204 2654 1284 2720 inde
1304 2655 1417 2720 bonus
1431 2655 1537 2722 Pater
1552 2672 1628 2720 sen·

399 2767 523 2857 tiebat,
547 2765 641 2846 quod
660 2763 796 2828 videret
815 2763 1035 2844 spiritualem
1053 2762 1207 2827 fructum
1227 2773 1262 2829 et
1280 2761 1350 2828 Dei
1367 2764 1542 2829 honorem
1562 2763 1628 2827 hac

400 2875 538 2940 ratione
552 2871 723 2950 imminui;
740 2888 806 2935 nec
820 2886 901 2934 eum
917 2885 1145 2950 progressum
1161 2870 1355 2936 christiana
1371 2871 1496 2953 religio
1510 2881 1545 2936 et
1560 2869 1631 2952 pie«

400 2983 508 3046 tasin
523 2981 582 3044 illa
598 2978 783 3061 provincia
798 2977 963 3058 faciebat,
980 2995 1083 3057 quem
1103 2977 1294 3059 aliquando
1315 2961 1462 3055 fecerat,
1477 2989 1512 3043 et
1525 2997 1629 3061 quem

402 3090 478 3171 ipse
503 3096 722 3170 speraverat.
749 3085 984 3150 Nihilominus
1005 3085 1094 3149 haec
1116 3085 1192 3166 ipsa
1218 3085 1370 3150 malain
1391 3087 1535 3168 aliquod
1558 3104 1629 3152 mu·

402 3214 511 3277 gnum
527 3197 656 3259 bonum
671 3211 816 3258 cessura
830 3192 1008 3275 sperabat.
1024 3191 1168 3256 Debiles
1182 3209 1260 3257 esse
1274 3193 1412 3258 animos
1427 3194 1543 3258 adhuc
1556 3195 1629 3259 illo·

401 3321 480 3368 rum
495 3302 771 3367 christianorum
791 3298 943 3378 dicebat,
965 3309 1000 3363 et
1019 3301 1113 3362 bona
1134 3316 1180 3363 ex
1201 3309 1302 3381 parte
1324 3318 1446 3366 eorum
1469 3301 1630 3366 aedifica·

403 3413 536 3475 tionem
556 3427 601 3474 ex
622 3407 928 3473 Gubematoribus
949 3405 1103 3488 pendere
1126 3407 1310 3488 censebat;
1326 3418 1361 3472 et
1382 3408 1462 3472 ideo
1485 3409 1631 3474 maximi

402 3519 571 3583 momenti
591 3515 666 3580 fore
687 3515 900 3593 affirmabat,
923 3514 955 3577 si
975 3514 1044 3577 viri
1063 3513 1146 3577 boni
1171 3521 1277 3596 atque
1301 3515 1432 3596 integri
1456 3533 1498 3580 eo
1517 3517 1631 3581 mitte·

403 3634 537 3691 rentur.
1491 3703 1496 3710 ⁸

462 3731 554 3796 3431.
597 3731 845 3796 Necessarium
864 3730 972 3795 etiam
993 3749 1072 3795 esse
1091 3730 1298 3796 facultatem
1321 3731 1548 3813 dispensandi
1574 3728 1633 3813 [ad

405 3841 632 3907 matrimonia
647 3836 903 3920 contrahenda]
919 3839 956 3902 in
973 3837 1145 3920 gradibus
1160 3839 1359 3921 prohibitis,
1376 3841 1502 3904 saltem
1515 3839 1552 3904 in
1566 3846 1634 3904 ter·

406 3949 456 4014 tio
471 3958 507 4014 et
517 3958 645 4031 quarto
658 3947 785 4028 gradu,
803 3947 840 4011 in
854 3965 897 4010 ea
917 3947 1104 4027 provincia
1124 3947 1306 4022 censebat;
1324 3956 1358 4012 et
1379 3956 1416 4011 ut
1437 3947 1635 4019 baptismus

406 4057 483 4120 sine
508 4054 742 4120 caeremoniis
767 4053 960 4132 consuetis,
980 4054 1139 4135 parvulis
1159 4055 1297 4134 saltem,
1323 4063 1442 4135 posset
1467 4053 1633 4134 conferri,

407 4172 442 4228 et
466 4164 573 4228 etiam
593 4163 734 4241 adultis,
762 4178 844 4226 cum
863 4161 1034 4242 temporis
1057 4162 1244 4242 angustiae
1265 4163 1301 4226 id
1322 4159 1517 4243 exigerent,
1540 4161 1634 4244 quod

409 4271 446 4336 P.
462 4270 678 4368 Franciscus
693 4269 872 4335 Xaverius
887 4269 1020 4333 nostris
1035 4270 1225 4351 aliquando
1239 4270 1563 4335 commendaverat.

449 4480 458 4515 Ι
487 4479 551 4525 Rem
561 4479 626 4525 adeo
636 4480 739 4523 tristem
749 4477 876 4522 Roderico
891 4476 993 4521 Cotlnlo
1003 4488 1034 4520 ac
1044 4483 1133 4521 uestro
1150 4476 1279 4532 Enrlqnez
1295 4482 1388 4522 narrat
1402 4475 1557 4530 ortanum.
1573 4478 1589 4522 i.
1603 4488 1635 4529 r„

409 4554 453 4598 lib.
463 4563 518 4604 xm.
529 4565 552 4596 n.
564 4551 592 4596 80
601 4557 627 4596 et
636 4552 671 4606 81,
686 4561 794 4605 eamque
811 4549 891 4594 refert
907 4550 941 4593 ad
956 4560 1050 4594 annum
1067 4549 1195 4594 issi-De
1212 4548 1379 4593 Emmanuele
1394 4547 1521 4594 Roderico
1536 4549 1634 4595 Cotinio

410 4625 481 4670 iacta
495 4631 533 4669 est
544 4624 640 4669 mentio
650 4633 737 4676 supra.
749 4628 765 4666 t.
778 4633 806 4673 rr,
817 4632 876 4676 pag.
890 4621 936 4675 143,
948 4633 973 4665 ιι.
984 4619 1032 4666 338.
