3642 5350
326 402 382 461 556
788 400 917 463 Canon.
937 400 1016 462 Soc.
1035 400 1106 474 Jss.

326 547 576 628 suspenderat,
604 547 718 611 eidem
742 545 779 609 P.
807 547 947 626 ignatio
975 546 1173 628 Episcopus
1204 545 1495 625 commendabat,
1523 555 1567 611 ut

329 651 502 716 Praelatis
516 652 726 734 Hispaniae,
749 654 785 718 in
807 669 934 732 causa,
954 670 1063 734 quarn
1082 654 1141 717 ille
1160 653 1348 718 honestam
1364 650 1564 735 judicabat.

228 777 232 786 ·
326 760 425 838 apud
439 758 646 824 Pontificem
660 758 809 823 faveret.

387 863 478 928 2406.
522 864 749 947 Expenderat
767 864 841 946 jam
866 866 903 929 in
930 865 1079 946 Collegii
1100 864 1262 931 aedilicio
1287 866 1486 948 Episcopus
1511 849 1564 964 {¹5-

325 973 539 1037 ducatorum
554 989 674 1036 mense
687 973 803 1055 Junio,
821 981 855 1036 et
870 988 1001 1052 magno
1016 973 1136 1038 animo
1151 984 1316 1054 coeptum
1333 991 1423 1055 opus
1439 990 1558 1054 prose·

323 1079 516 1160 quebatur,
533 1089 567 1143 et
581 1079 695 1143 nostri
706 1077 781 1159 jam
796 1080 841 1144 ab
856 1079 1024 1160 Episcopi
1038 1080 1171 1160 palatio
1185 1081 1222 1144 in
1237 1097 1352 1144 novas
1367 1063 1476 1146 ae'tles
1495 1080 1561 1146 mi·

325 1195 538 1266 graverant.
930 1225 944 1245 .

388 1287 496 1356 2407.’
522 1293 601 1374 Ipse
620 1301 738 1357 autem
762 1291 800 1356 P.
823 1293 986 1374 Baptista
1007 1292 1254 1358 Vallisoletum
1281 1293 1327 1356 ad
1350 1293 1388 1358 P.
1416 1293 1563 1358 Franci·

328 1417 431 1464 scum
449 1399 632 1480 profectus
650 1408 719 1478 est,
743 1401 851 1464 misso
872 1399 948 1481 ejus
967 1402 1045 1464 loco
1067 1399 1151 1464 Dre.
1177 1399 1344 1465 Ramirez
1363 1410 1399 1465 et
1421 1399 1460 1486 P.
1485 1400 1564 1466 Em·

326 1508 493 1571 manuele
507 1507 641 1588 Lopez,
665 1507 725 1589 qui
739 1507 983 1588 Complntensi
998 1506 1157 1588 Collegio
1172 1509 1376 1588 praefuerat
1395 1507 1416 1568 ¹.
1432 1507 1564 1574 Nihilo·

293 1629 295 1632 ·
327 1615 448 1679 minus
463 1623 562 1678 tanto
578 1614 707 1678 affectu
722 1615 920 1696 Episcopus
934 1613 973 1678 Ρ.
990 1614 1173 1696 Baptistae
1186 1615 1416 1694 adhaeserat,
1437 1625 1561 1680 utnon

327 1722 475 1787 desierit
490 1722 603 1786 variis
618 1721 814 1786 rationibus
829 1739 872 1786 ac
887 1738 1026 1786 summo
1045 1720 1162 1787 studio
1185 1739 1207 1785 a
1226 1721 1264 1786 Ρ.
1285 1721 1481 1787 Francisco
1499 1721 1561 1786 im·

328 1838 490 1909 patrare,
517 1837 555 1892 ut
580 1829 673 1894 idem
698 1828 737 1893 Ρ.
764 1828 926 1909 Baptista
948 1827 1124 1892 Murciam
1148 1829 1397 1893 remitteretur.
1419 1829 1566 1894 Etcum

326 1935 438 2000 etiam
452 1935 582 1999 civitas
604 1936 672 1998 hoc
694 1934 811 2016 ipsum
832 1952 964 2016 magna
984 1935 1168 2015 diligentia
1188 1945 1224 2000 et
1242 1935 1360 2001 studio
1380 1943 1522 2000 curaret
1540 1932 1564 2013 ¹,

330 2041 370 2104 P.
396 2041 614 2106 Franciscus
640 2042 839 2106 arbitratus
864 2050 917 2106 est
942 2043 1069 2106 saltem
1088 2042 1134 2106 ad
1158 2052 1298 2123 tempus
1321 2042 1426 2107 Dum
1448 2041 1565 2123 Bapti-

327 2148 705 2226 stameisrestituere;
723 2158 854 2213 etcum
873 2147 968 2229 Majo
987 2167 1109 2213 mense
1128 2148 1376 2215 Vallisoletum
1396 2150 1564 2226 venisset,

327 2255 436 2338 Junio
453 2255 616 2336 sequenti
633 2273 675 2319 eo
691 2256 807 2320 rediit.

390 2360 483 2426 2408.
527 2361 698 2438 Venerat,
713 2381 755 2426 eo
769 2364 927 2442 absente,
940 2363 1115 2427 Murciam
1132 2361 1170 2425 Ρ.
1183 2363 1361 2442 Ramirez,
1374 2372 1421 2440 et,
1434 2363 1568 2445 aliquot

328 2470 563 2534 concionibus
578 2470 729 2548 habitis,
746 2471 798 2533 sic
815 2471 954 2535 animos
969 2471 1102 2535 civium
1121 2471 1315 2536 commovit
1335 2488 1378 2534 ac
1398 2470 1466 2534 sibi
1486 2487 1568 2534 con·

327 2577 481 2656 ciliavit,
498 2587 553 2656 ut,
570 2595 669 2656 cum,
687 2576 856 2642 redeunte
876 2576 915 2642 P.
933 2578 1113 2658 Baptista,
1130 2577 1334 2642 Valentiam
1353 2578 1430 2658 ipse
1447 2576 1567 2641 rediis-

327 2694 395 2765 set,
411 2686 540 2749 acerbe
551 2686 742 2753 admodum
754 2682 1028 2767 ejus'recessum
1040 2686 1171 2751 civitas
1182 2688 1315 2765 tulerit,
1327 2696 1362 2750 et
1374 2705 1395 2750 a
1407 2685 1445 2750 P.
1458 2686 1568 2750 Fran·

330 2793 427 2856 cisco
441 2792 573 2873 Borgia
588 2794 756 2857 eumdem
771 2794 879 2858 etiam
895 2794 1087 2875 impetrare
1101 2794 1300 2873 cogitabat3
1316 2793 1381 2858 sed
1395 2794 1479 2859 alibi
1493 2791 1569 2873 ejus

327 2916 440 2978 opera
460 2900 576 2979 magis
594 2910 672 2964 erat
693 2901 913 2979 necessaria,
934 2901 1105 2965 redeunte
1120 2900 1158 2965 P.
1175 2900 1349 2981 Baptista,
1370 2910 1405 2964 et
1426 2901 1476 2965 ita
1499 2901 1566 2965 sub

329 3006 435 3071 linem
449 3006 560 3089 Junii,
577 3016 768 3087 antequam
783 3008 858 3088 ipse
873 3007 1048 3071 Murciam
1070 3008 1285 3088 perveniret,
1308 3008 1478 3087 accessit;
1500 3025 1567 3072 nec

332 3124 452 3177 tamen
466 3113 571 3176 facile
592 3112 636 3177 ab
658 3114 836 3195 Episcopo
852 3114 958 3177 avelli
973 3116 1103 3195 potuit,
1120 3132 1242 3196 aquo,
1259 3132 1340 3178 cum
1355 3113 1569 3179 benedictio·

331 3236 413 3282 ncm
425 3228 572 3299 peteret,
585 3230 623 3283 ut
638 3220 963 3300 Caesaraugustam
974 3222 1053 3300 iret,
1066 3230 1102 3285 et
1112 3239 1155 3285 ea
1167 3222 1211 3285 de
1222 3239 1262 3285 re
1273 3220 1311 3284 P.
1320 3220 1505 3285 Francisci
1516 3221 1569 3285 lit·

331 3334 429 3389 teras
448 3325 625 3407 Episcopo
644 3327 815 3406 dedisset;
835 3336 908 3391 tam
927 3329 1055 3392 acerbe
1075 3328 1107 3391 is
1125 3330 1193 3393 hoc
1209 3329 1306 3407 tulit,
1327 3337 1365 3391 ut
1386 3329 1447 3393 vix
1472 3329 1570 3410 loqui

330 3439 474 3495 nostros
494 3434 642 3511 sineret;
663 3442 699 3496 et
718 3435 884 3514 quamvis
902 3451 1011 3497 unum
1032 3452 1077 3497 ex
1097 3435 1287 3512 ministris,
1312 3436 1371 3515 qui
1390 3436 1509 3516 gratia
1534 3446 1570 3501 et

332 3539 546 3603 auctoritate
571 3540 665 3619 apud
686 3540 903 3621 Episcopum
923 3542 1093 3622 pollebat,
1110 3542 1384 3605 intercessorem
1403 3543 1450 3607 ad
1475 3544 1569 3606 hanc

329 3644 536 3711 facultatem
560 3647 787 3711 obtinendam
812 3648 1068 3727 adhibuissent,
1091 3666 1136 3713 ne
1153 3648 1185 3712 is
1204 3647 1346 3730 quidem
1371 3650 1565 3731 quidquam

333 3752 497 3818 obtinuit.

393 3858 485 3924 2409.
529 3860 618 3923 Cum
632 3878 720 3939 ergo
736 3862 782 3925 ad
803 3860 953 3926 Sacrum
973 3862 1186 3927 audiendum
1208 3863 1405 3945 Episcopus
1427 3881 1465 3927 se
1487 3881 1567 3928 con·
1637 3902 1640 3907 -

331 3966 487 4045 tulisset,
508 3967 560 4031 sic
581 3968 672 4031 inter
693 3967 778 4031 illud
799 3968 1014 4033 audiendum
1033 3988 1055 4032 a
1075 3968 1152 4033 Deo
1172 3978 1287 4033 motus
1308 3978 1378 4049 est,
1401 3978 1440 4034 ut
1464 3970 1570 4034 simul

330 4084 439 4153 atque
459 4072 526 4137 fuit
548 4073 766 4153 absolutum,
790 4074 828 4138 P.
849 4074 1017 4139 Ramirez
1035 4076 1182 4139 evocari
1202 4076 1364 4157 jusserit;
1387 4077 1444 4140 cui
1464 4076 1568 4141 adve-

333 4180 442 4244 nienti
468 4180 571 4260 dixit,
593 4199 632 4246 se
652 4183 689 4246 in
709 4180 784 4263 ejus
805 4200 950 4247 recessu
972 4184 1100 4247 durum
1119 4183 1225 4247 nimis
1243 4183 1369 4262 luisse,
1391 4183 1455 4247 sed
1477 4184 1570 4247 inter

331 4287 548 4351 audiendum
561 4286 710 4353 Sacrum
723 4288 774 4351 sic
792 4306 855 4352 cor
866 4289 976 4369 ipsius
989 4289 1099 4353 fuisse
1112 4300 1339 4369 commotum,
1353 4301 1391 4353 ut
1405 4307 1476 4355 non
1490 4306 1569 4371 pos·

377 4564 384 4597 ¹
415 4562 454 4608 De
465 4575 495 4607 eo
506 4565 595 4619 agitur
604 4575 693 4619 snpra.
704 4570 721 4607 t.
730 4577 757 4618 v,
767 4576 827 4620 pag.
835 4564 885 4613 447,
896 4564 991 4619 n.1206;
1002 4572 1029 4610 et
1039 4577 1099 4621 pag.
1107 4566 1154 4619 452,
1166 4577 1190 4609 n.
1201 4566 1262 4611 1220.

374 4633 386 4666 ¹
413 4634 460 4679 llo.
471 4636 513 4680 hle
523 4636 596 4680 addlt
607 4638 633 4679 rt
647 4637 705 4689 πω·
715 4636 782 4691 quod
792 4637 939 4682 redundare
948 4638 1062 4687 videtur.
