3642 5350
789 427 791 430 ·
824 418 889 484 An.
909 416 981 484 1556
1460 411 1515 484 119

284 569 323 631 tit
338 552 513 648 quaedam
527 554 732 650 singillatim
746 570 981 651 attingantur,
994 570 1120 634 mulier
1131 562 1304 651 quaedam
1319 568 1396 650 luit,
1412 568 1514 650 cujus

284 674 451 754 maritus,
471 692 493 739 a
512 676 638 757 piratis
652 676 762 741 turcis
777 686 918 758 captus,
939 676 976 740 in
997 676 1148 741 vinculis
1166 675 1399 742 detinebatur.
1423 677 1514 743 Cum

286 790 404 846 autem
429 783 489 848 illa
508 782 604 847 aliud
622 783 792 849 auxilium
812 792 996 866 praestare
1019 800 1091 848 non
1105 792 1235 866 posset,
1257 784 1383 849 crebro
1409 784 1515 849 confi·

284 888 413 969 tendo,
438 888 651 972 jejunando,
679 891 747 973 piis
775 891 940 973 operibus
972 900 1007 955 et
1039 890 1259 956 ferventibus
1294 880 1515 957 orationibus

284 995 536 1077 incumbendo,
551 997 606 1079 id,
621 997 716 1079 quod
729 997 890 1081 optabat,
906 1016 928 1062 a
942 998 1097 1063 Domino
1112 998 1280 1079 obtinuit,
1296 1007 1331 1064 et
1346 1000 1513 1065 maritum

283 1103 451 1170 reducem
466 1103 561 1169 domi
582 1107 732 1187 excepit.
1474 1184 1479 1199 ἱ

348 1210 436 1276 1039.
479 1211 528 1276 Α1
547 1213 617 1293 ille,
634 1222 789 1278 mutatos
808 1214 844 1278 in
863 1231 975 1279 uxore
994 1232 1111 1280 mores
1131 1222 1167 1279 et
1188 1214 1370 1297 ingenium
1395 1215 1515 1280 obser·

283 1334 386 1397 vans,
402 1328 438 1383 et
452 1320 569 1401 magis
583 1319 738 1385 deditam
753 1320 929 1386 audiendo
944 1321 1092 1387 verbum
1111 1321 1195 1403 Dei,
1216 1320 1359 1404 iejuniis
1379 1331 1414 1388 et
1435 1339 1513 1387 ora·

282 1426 436 1491 tionibus
460 1445 568 1510 quam
591 1428 795 1510 reliquerat,
821 1429 1017 1507 inveniens;
1043 1446 1114 1495 non
1134 1429 1228 1495 bono
1248 1447 1333 1495 usus
1349 1431 1509 1511 consilio,

282 1552 363 1599 eam
389 1552 562 1600 revocare
586 1536 764 1601 nitebatur
791 1538 836 1600 ab
864 1537 933 1601 hac
958 1546 1083 1602 sancta
1111 1538 1391 1619 consuetudine,
1422 1556 1512 1621 quac

282 1644 431 1708 multum
445 1642 513 1724 ipsi
527 1644 742 1724 contulerat;
759 1654 889 1709 etcum
903 1645 1024 1709 verbis
1046 1663 1115 1709 non
1134 1646 1239 1710 iacile
1254 1655 1392 1727 posset,
1409 1645 1512 1709 adde·

283 1749 343 1814 bat
357 1750 473 1814 minas
488 1758 522 1814 et
537 1750 698 1815 verbera.
715 1750 875 1816 Consulit
895 1752 955 1817 illa
975 1752 1165 1834 quemdam
1187 1770 1232 1817 ex
1246 1753 1395 1817 nostris:
1417 1750 1513 1833 jube·

282 1863 341 1921 t'ur
354 1858 472 1922 mariti
486 1856 669 1923 affectibus
684 1860 887 1941 connivere,
903 1860 954 1923 illi
975 1858 983 1891 ¹
1000 1878 1078 1925 sese
1098 1860 1212 1925 modis
1234 1860 1397 1925 omnibus
1419 1878 1513 1925 com·

283 1963 425 2030 modam
440 1966 623 2046 praebere,
640 1976 675 2029 et
689 1966 869 2049 obsequiis
883 1968 1049 2031 maritum
1070 1968 1115 2032 ad
1133 1968 1281 2033 meliora
1299 1984 1511 2050 provocarc;

283 2071 379 2152 quod
394 2088 475 2137 cum
490 2073 550 2136 illa
565 2072 719 2154 iecisset,
735 2075 896 2155 marituS,
920 2075 1042 2139 uxoris
1056 2076 1232 2157 probitate
1247 2084 1445 2157 perspecta,
1461 2076 1514 2139 sic

282 2196 321 2243 se
335 2178 381 2243 ad
395 2197 476 2245 eam
496 2180 704 2245 imitandam
718 2182 754 2245 in
769 2182 899 2263 pietate
921 2182 1113 2261 convertit,
1134 2192 1171 2247 ut
1186 2200 1266 2248 eam
1284 2200 1355 2249 non
1371 2183 1513 2265 assequi

282 2287 407 2366 solum,
422 2287 486 2351 sed
497 2287 604 2352 etiam
615 2298 843 2370 praevertere
859 2290 1052 2371 videretur;
1067 2299 1101 2355 et
1113 2292 1232 2372 palam
1243 2290 1310 2356 sibi
1323 2300 1513 2371 congratu-

282 2392 420 2459 labatur
448 2394 544 2475 quod
568 2394 731 2477 coniugis
757 2398 899 2462 monitis
927 2398 1185 2480 acquievisset,
1212 2415 1303 2481 quae
1331 2398 1399 2462 nisi
1428 2399 1511 2462 talis

282 2500 349 2581 ipsi
363 2502 581 2582 contigisset,
598 2503 755 2567 omnium
770 2505 952 2570 hominum
965 2504 1090 2569 suisset
1106 2504 1334 2570 miserrimus,

344 2607 431 2673 1040.
474 2608 627 2675 Domina
642 2610 794 2676 Isabella
809 2607 832 2692 ¹,
848 2612 1006 2678 Bibonae
1021 2611 1190 2694 Ducissa,
1208 2630 1279 2678 non
1293 2614 1409 2678 solum
1429 2630 1511 2679 con·

281 2717 443 2782 cionibus
458 2719 602 2800 aderat,
618 2728 715 2784 utne
730 2737 800 2785 uno
821 2719 962 2801 quidem
977 2720 1033 2785 die
1048 2720 1352 2802 Quadragesimae
1367 2730 1512 2803 propter

281 2825 542 2890 inclementiam
566 2826 660 2890 aeris
683 2827 742 2891 vel
770 2826 975 2893 distantiam
1002 2828 1151 2908 Collegii
1171 2847 1192 2893 a
1211 2829 1344 2910 palatio
1369 2847 1407 2892 se
1434 2830 1511 2892 sub·

280 2933 448 3014 traberet;
463 2932 527 2998 sed
541 2933 577 2997 in
590 2935 669 3016 ipsa
683 2935 790 2999 etiam
805 2936 955 3000 ecclesia
971 2945 1006 3000 et
1021 2936 1254 3000 confitebatur
1269 2945 1304 3000 et
1317 2937 1510 3000 communi·

280 3041 396 3120 cabat,
409 3049 444 3105 et
458 3057 523 3105 suo
537 3042 699 3123 exemplo
712 3042 906 3107 familiares
922 3060 1045 3108 omnes
1057 3043 1103 3108 ad
1114 3043 1168 3108 sui
1181 3043 1414 3108 imitationem
1424 3027 1510 3108 inci·

224 3210 227 3214 s
279 3147 390 3213 tabat.

342 3255 429 3319 1041.
472 3256 551 3339 Ipse
569 3258 678 3324 etiam
696 3257 780 3323 Dux
802 3258 958 3323 Bibonae
982 3275 1054 3323 non
1073 3276 1156 3323 raro
1176 3259 1310 3324 eisdem
1331 3258 1512 3324 concioni«

278 3361 344 3427 bus
362 3364 502 3446 aderat,
523 3374 557 3429 et
579 3367 615 3430 in
640 3368 771 3448 templo
794 3375 918 3432 nostro
936 3366 1048 3447 pridie
1072 3367 1344 3432 resurrectionis
1364 3365 1508 3430 Domini
1606 3411 1609 3418 .

279 3473 565 3539 communicavit.
589 3471 724 3540 Similia
745 3474 788 3538 de
807 3474 961 3539 Domino
982 3473 1093 3539 Sueto
1113 3475 1157 3552 de
1177 3473 1313 3555 Vega⁸
1338 3474 1409 3538 dici
1430 3491 1506 3555 pos·

251 3577 254 3582 ’
278 3589 367 3662 sent,
383 3581 444 3662 qui
458 3581 590 3647 sororis
605 3599 691 3647 suae
704 3579 910 3647 sedulitati*
929 3583 965 3647 in
981 3583 1210 3647 concionibus
1228 3581 1414 3647 audiendis
1435 3598 1507 3646 nou

281 3690 428 3755 multum
442 3689 562 3754 cessit.

341 3795 428 3861 1042.
472 3795 649 3861 Interdum
666 3809 700 3862 ct
715 3799 791 3880 ipse
804 3797 964 3878 Pro-rex,
981 3815 1062 3863 cum
1076 3799 1211 3864 scilicet
1225 3797 1257 3863 ei
1273 3797 1441 3876 vacabat,
1458 3796 1509 3860 in·

317 4040 328 4076 ¹
354 4040 401 4086 lle.
408 4041 497 4086 lubet:
502 4040 616 4096 jubetur
626 4042 723 4086 ruariti
732 4039 876 4096 affectibus
885 4042 1036 4096 conhibere,
1047 4041 1131 4088 iilic...
1139 4041 1206 4087 Vide
1216 4048 1303 4087 tamen
1311 4041 1433 4087 Litterae
1441 4033 1511 4096 Quass

277 4113 448 4166 drimesiree,
456 4120 477 4158 t.
486 4125 523 4169 tv,
533 4125 594 4170 pag.
603 4114 652 4169 016,
662 4115 706 4160 nbi
716 4115 782 4159 heco
794 4115 894 4170 scripta
903 4115 1021 4170 reperies
1031 4115 1069 4160 uti
1080 4126 1126 4160 noe
1137 4115 1179 4159 hic
1190 4115 1336 4160 scribimus.

315 4184 328 4217 ¹
353 4185 461 4241 Joennle
472 4186 503 4230 de
514 4186 597 4242 νει».
606 4185 711 4232 Siclliae
723 4186 853 4241 Pro-regis
862 4185 923 4231 filla.
933 4187 1000 4231 Vide
1011 4198 1099 4242 supra,
1108 4193 1128 4231 t.
1139 4198 1164 4240 v,
1174 4197 1233 4241 pag.
1243 4186 1289 4240 183,
1297 4198 1322 4230 n.
1330 4185 1378 4239 52&
1390 4197 1450 4240 pag.
1460 4185 1508 4240 193,

276 4257 387 4304 1160911
397 4259 503 4314 panim,
514 4259 558 4304 ubi
568 4259 656 4314 egitur
666 4259 697 4303 de
708 4260 785 4303 rebus
797 4259 976 4303 siciliensibus.
988 4257 1054 4302 Item
1065 4256 1188 4301 Litterae
1199 4257 1430 4310 Quadrinrestres,
1441 4263 1460 4301 t.
1472 4268 1515 4312 tv,

275 4342 335 4386 pag.
344 4330 384 4376 lat
393 4335 420 4374 et
430 4329 613 4386 seq-Extant
622 4331 710 4386 plures
720 4330 770 4374 Sti.
783 4329 880 4384 ignatii
896 4331 1021 4385 epistolae
1033 4331 1066 4374 ad
1082 4329 1229 4382 isabellam,
1245 4329 1314 4374 inter
1329 4339 1402 4385 quae:
1414 4327 1510 4374 Curius

275 4402 309 4447 de
320 4401 376 4447 San
387 4401 505 4457 ignatio,
513 4409 533 4448 t.
548 4412 577 4455 11,
586 4413 647 4458 pag.
659 4402 707 4456 las,
717 4401 766 4456 2203
777 4407 796 4446 t.
807 4413 844 4455 ιιι,
855 4413 916 4457 pag.
929 4401 975 4454 179,
989 4400 1039 4454 030,
1051 4403 1092 4445 nbi
1105 4401 1245 4446 Comitiesa
1259 4402 1290 4445 de
1305 4399 1381 4446 Luna
1396 4401 1510 4456 appelle·

276 4480 330 4530 tur,
339 4475 554 4530 quemadmodum
564 4474 656 4520 deinde
667 4473 777 4519 Ducissa
787 4474 818 4518 de
829 4474 937 4518 Bibons.
950 4473 1018 4519 Vide
1030 4474 1056 4517 in
1066 4485 1137 4528 oper.
1153 4474 1197 4518 clt.
1209 4480 1227 4517 t.
1243 4483 1281 4528 111,
1291 4485 1354 4528 pag.
1368 4473 1512 4528 00011111]

278 4546 417 4594 Caeterum
427 4548 459 4593 de
469 4547 560 4593 eedem
570 4547 665 4592 redibit
675 4556 760 4592 sermo
771 4546 848 4602 inire,
860 4557 919 4592 cnm
928 4551 1024 4602 agatur
1035 4545 1066 4590 de
1077 4545 1133 4602 ejus
1141 4544 1257 4602 collegio
1268 4545 1392 4593 Bibonae.
1464 4551 1466 4554 ·

316 4617 331 4656 ⁸
355 4619 578 4676 Pro-reginarium
588 4617 649 4665 filio.

321 4689 333 4725 ⁵
359 4691 407 4748 bie.
418 4691 603 4738 sedulitatem.
