3642 5350
754 419 819 481 Au.
839 418 911 481 1556
1187 371 1190 375 ·
1412 418 1451 481 99

218 564 300 644 tius;
329 564 406 646 ipse
431 574 552 629 tamen
577 564 615 629 P.
643 564 822 629 Oliverius
848 564 1039 647 aliquando
1064 564 1132 629 hoc
1153 565 1270 646 ipsum
1294 565 1447 631 officium

219 672 455 761 concionandi
469 672 658 754 praestitit;
682 682 717 737 et
732 680 954 737 cumcontra
969 689 1031 737 eos
1042 671 1243 753 dissereret,
1256 674 1316 755 qui
1330 691 1448 738 sacra·

219 789 418 844 mentorum
444 780 774 861 frequentationem,
801 789 926 845 contra
951 797 1030 843 earn
1051 780 1321 860 murmurando,
1342 781 1447 862 impe·

220 886 295 951 dire
309 888 523 967 nitebantur,
537 906 579 951 eo
599 888 741 951 fervore
756 888 898 952 accensi
913 897 995 951 sunt
1014 888 1115 951 multi
1134 905 1180 951 ex
1193 887 1260 967 his,
1282 888 1343 969 qni
1357 906 1449 953 com·

221 994 402 1060 manicare
424 995 613 1077 aliquando
636 996 731 1059 soliti
750 1004 862 1075 erant,
879 1004 918 1059 ut
936 996 1072 1075 statim,
1090 997 1260 1059 concione
1274 997 1448 1073 absoluta,
1513 1078 1517 1084 Ι

221 1102 349 1183 spretis
363 1102 640 1169 detractionibus
654 1104 700 1168 ad
712 1104 996 1167 communionem
1007 1120 1045 1166 se
1059 1102 1287 1183 disponerent
1301 1112 1336 1167 et
1350 1120 1448 1168 acce·

221 1209 357 1291 derent;
372 1218 407 1274 et
421 1220 551 1275 octavo
567 1228 705 1292 quoque
724 1211 781 1274 die
801 1210 900 1275 multi
915 1209 1177 1274 communicare
1191 1211 1397 1292 pergebant,
1415 1220 1450 1275 et

221 1318 370 1399 singulis
385 1318 562 1382 mensibus
578 1336 620 1382 ac
634 1306 735 1382 iestis
749 1316 943 1398 majoribus
963 1319 1074 1382 multo
1094 1319 1215 1399 plures
1233 1336 1279 1383 ex
1298 1320 1449 1383 laureta·

221 1424 276 1489 nis
290 1425 326 1489 id
340 1424 530 1490 iaciebant.
873 1438 875 1443 ·

280 1531 352 1596 340.
394 1532 543 1614 Propter
557 1550 619 1597 eos
634 1534 695 1615 qui
710 1532 822 1598 Roma
839 1530 847 1564 ¹
863 1534 962 1597 missi
975 1535 1126 1614 fuerant,
1142 1542 1295 1614 quatuor
1317 1535 1450 1598 classes

223 1640 420 1704 litterarum
435 1641 684 1705 humaniorum
699 1641 842 1705 Laureti
857 1638 933 1704 fieri
948 1641 1153 1721 debuerunt,
1171 1640 1319 1706 sednon
1340 1641 1450 1705 multo

222 1756 303 1828 post
317 1746 363 1811 ad
376 1757 449 1811 tres
464 1747 631 1811 reductae
645 1748 798 1812 fuerunt.
818 1748 943 1811 Lectio
964 1757 1084 1812 tamen
1102 1765 1250 1813 casuum
1270 1748 1451 1813 couscien-

223 1854 294 1918 tiae
317 1865 399 1936 post
422 1854 562 1919 Pascha
586 1854 773 1919 videbatur
798 1855 905 1919 etiam
925 1854 1163 1919 Gubernatori
1182 1855 1361 1920 ordinarie
1381 1856 1452 1935 legi

224 1978 297 2027 non
310 1980 416 2043 posse
430 1972 576 2042 propter
599 1961 852 2042 poenitentium
875 1980 1103 2042 concursum,
1119 1980 1184 2027 nec
1204 1962 1250 2027 ad
1270 1980 1331 2027 eas
1348 1980 1452 2027 cano·

225 2069 296 2133 nici
309 2079 371 2133 aut
385 2070 444 2133 alii
460 2068 576 2134 affecti
591 2068 819 2149 videbantur;
834 2087 901 2133 nec
921 2068 1048 2133 mirum
1064 2070 1095 2133 si
1117 2071 1248 2134 nostris
1262 2070 1452 2151 aliquando

224 2184 342 2241 essent
355 2165 566 2256 infestiores,
584 2176 768 2241 accidebat
784 2176 878 2240 enim
892 2186 930 2240 ut
945 2178 1175 2258 poenitentes,
1197 2178 1243 2241 ad
1258 2178 1452 2242 canonicos

225 2284 438 2363 accedendo,
450 2292 610 2364 peterent
623 2283 667 2347 ab
679 2283 731 2347 eis
743 2302 788 2347 an
800 2293 918 2347 essent
929 2284 973 2348 de
984 2282 1160 2349 Societate
1173 2291 1307 2364 nostra,
1324 2293 1452 2349 etcum

225 2389 384 2456 dicerent
401 2408 440 2455 se
459 2408 531 2454 non
549 2408 638 2471 esse,
660 2409 722 2455 eos
741 2391 808 2454 hoc
828 2391 950 2455 labore
975 2391 1153 2470 levabant,
1180 2401 1216 2456 et
1241 2392 1286 2456 ad
1310 2401 1453 2456 nostros

226 2498 453 2563 accedebant.
479 2496 585 2562 Domi
609 2496 837 2562 nihilominus
861 2498 1008 2562 alternis
1032 2498 1155 2563 diebus
1183 2498 1352 2563 lectiones
1376 2515 1453 2562 eas·

226 2604 306 2669 dem
319 2604 331 2638 ¹
344 2606 573 2688 praelegebat
589 2601 639 2686 [Ρ.
656 2602 838 2687 Montoya]
859 2621 949 2686 quas
968 2606 1087 2686 legere
1101 2606 1138 2669 in
1155 2606 1306 2669 ecclesia
1327 2606 1455 2670 solitus

227 2723 315 2792 erat,
338 2731 408 2796 quo
431 2723 548 2778 autem
570 2713 626 2776 die
648 2731 718 2778 non
737 2713 921 2793 legebatur
940 2711 969 2791 ⁸,
989 2714 1196 2778 collationes
1214 2713 1389 2794 quaedam
1410 2713 1454 2777 de

227 2821 367 2886 casibus
383 2821 621 2886 conscientiae
636 2820 765 2884 fiebant
781 2838 852 2884 non
866 2820 996 2900 exiguo
1012 2838 1093 2886 cum
1107 2820 1237 2885 fructu.

285 2929 356 2992 341.
399 2928 451 2992 Ne
466 2928 542 2992 sine
556 2927 693 2991 delectu
709 2926 980 2992 admitterentur
998 2925 1010 2957 ⁴
1025 2928 1133 3007 aliqui
1152 2928 1314 3008 Laureti,
1336 2929 1454 2993 admo-

228 3037 291 3100 niti
305 3034 457 3114 suerunt,
474 3036 534 3115 qui
549 3033 708 3114 Collegio
727 3032 930 3098 Lauretano
950 3043 1151 3115 praeerant,
1178 3035 1221 3098 de
1245 3035 1456 3116 quibusdam

227 3143 366 3207 dotibus
391 3143 516 3223 quibus
542 3141 722 3223 praeditos
746 3159 824 3206 esse
849 3143 1036 3222 oportebat
1061 3141 1316 3221 admittendos,
1343 3153 1382 3206 ut
1411 3141 1457 3206 ad

228 3267 306 3314 eam
330 3267 491 3314 normam
517 3249 701 3329 exigerent
725 3265 799 3329 eoS,
823 3249 882 3330 qui
907 3266 953 3312 ex
972 3248 1084 3313 variis
1106 3250 1308 3314 nationibus
1331 3267 1374 3314 eo
1397 3267 1456 3313 ve·

227 3359 363 3422 nientes
378 3356 517 3421 admitti
531 3374 570 3420 se
581 3355 761 3438 petebant.

286 3465 357 3530 342.
400 3465 502 3529 initio
518 3463 622 3545 hujus
637 3464 784 3528 aestatis
799 3463 962 3544 CurtiuS,
979 3463 1096 3529 Patris
1114 3463 1230 3528 Fulvii
1250 3473 1284 3528 et
1308 3465 1458 3529 Horten·

228 3574 272 3638 sii
286 3571 297 3604 ³
311 3573 432 3652 irater,
449 3589 531 3638 cum
545 3572 722 3637 admissus
736 3581 830 3634 esset
844 3568 868 3651 ⁸,
885 3571 983 3635 venit
998 3571 1191 3636 Lauretum
1206 3570 1279 3652 eius
1291 3581 1410 3652 pater,
1424 3581 1459 3636 et

229 3689 365 3746 tantum
380 3682 479 3744 abest
494 3688 532 3744 ut
546 3679 656 3744 filium
669 3695 841 3743 revocare
857 3679 1032 3744 studuerit
1044 3697 1065 3742 a
1079 3688 1245 3760 suscepto
1267 3680 1363 3743 vitae
1382 3697 1460 3760 per·

229 3788 387 3854 tectioris
401 3787 574 3868 instituto,
591 3797 629 3852 ut
650 3787 767 3868 potius
787 3789 846 3868 pia
869 3788 1024 3869 quadam
1043 3797 1078 3850 et
1099 3787 1193 3851 virili
1212 3786 1460 3852 exhortatione

229 3897 275 3961 ad
289 3895 592 3978 perseverantiam
606 3912 688 3958 eum
702 3893 927 3973 animaverit,
943 3904 978 3958 et
993 3912 1075 3958 cum
1089 3896 1180 3958 inter
1196 3893 1461 3958 exhortandum

269 4103 278 4136 ¹
308 4101 379 4147 Idem
388 4102 431 4146 hle
442 4099 633 4146 observandum
644 4100 715 4144 veuit
727 4111 757 4144 uc
767 4110 855 4154 supra,
865 4104 954 4144 annot.
964 4098 997 4143 ad
1008 4110 1032 4144 u.
1041 4099 1091 4152 324,
1102 4105 1129 4144 et
1139 4105 1228 4144 annot.
1239 4101 1248 4143 l
1259 4098 1292 4143 ud
1303 4111 1327 4142 u.
1337 4097 1386 4144 283.

267 4175 279 4208 ί
307 4175 427 4219 Easdem
435 4185 472 4223 sc.
483 4183 596 4217 numero:
609 4173 716 4217 totidem
727 4173 851 4217 lectlones
861 4173 1081 4226 praelegebuntur
1091 4181 1153 4226 quot
1168 4172 1219 4225 legi
1229 4172 1255 4215 in
1270 4172 1381 4215 ecclesia
1396 4171 1463 4215 uole-

228 4249 299 4293 bant.
308 4247 364 4291 Non
374 4247 443 4291 enlm
452 4255 542 4290 eurum
549 4255 670 4290 numerus
680 4245 829 4289 imminutus
838 4250 887 4294 est,
897 4245 966 4288 sicut
974 4243 1124 4289 imminutae
1132 4252 1192 4288 aunt
1201 4244 1306 4287 scholae
1315 4243 1463 4287 litterarum

231 4320 418 4373 humaniorum,
430 4317 534 4362 tametsi
545 4317 636 4362 “lectio
645 4327 758 4362 casuum
769 4315 949 4361 conscientiae
962 4319 1024 4370 post
1039 4314 1144 4359 Pascha
1159 4315 1305 4360 videbatur
1319 4317 1403 4358 enam
1414 4314 1465 4358 Gu-

231 4391 370 4437 bernatori
379 4389 519 4434 ordinarie
529 4389 584 4443 legi
593 4399 644 4432 non
653 4394 734 4444 posse
742 4419 754 4443 „

269 4463 282 4498 ⁸
309 4463 338 4507 id
349 4468 399 4516 est,
408 4461 486 4507 lectio
499 4471 549 4507 nou
558 4461 714 4506 habebatur.

271 4538 283 4570 ⁴
311 4535 515 4581 insacietatem.

271 4608 283 4641 ὅ
308 4606 355 4652 his.
369 4605 543 4660 Hortensius·
552 4607 596 4651 ned
608 4617 640 4650 ex
650 4606 727 4651 dictis
737 4613 764 4651 et
774 4605 889 4652 dicendis
899 4603 1052 4650 manifestus
1063 4613 1138 4649 error
1148 4610 1200 4648 est.

271 4677 285 4713 θ
312 4679 380 4725 Vide
390 4689 479 4735 supra.
490 4689 550 4734 paq.
562 4679 584 4734 7,
594 4691 619 4723 u.
632 4679 662 4724 10.
708 4696 713 4706 ·
