3642 5350
336 411 392 471 548
797 409 926 470 Cueoa.
947 407 1023 468 Soc.
1043 407 1115 481 Jns.

336 556 423 623 anni
434 555 616 637 praeteriti
626 564 773 635 emerat;
786 564 821 620 et
832 556 863 620 si
873 556 1026 633 viveret,
1039 554 1179 634 insigne
1194 571 1341 635 prorsus
1356 552 1572 632 Collegium,

243 692 246 700 ·
339 667 369 730 si
384 664 478 746 quod
494 663 588 727 aliud
603 661 764 728 Societas
779 673 901 726 nostra
915 663 951 725 in
962 661 1135 742 Hispania
1151 661 1308 738 haberet,
1320 669 1506 724 erecturus
1519 661 1570 724 vi-

338 771 503 848 debatur;
520 781 571 847 et,
587 781 625 832 ut
641 769 789 849 ipsemet
807 769 1008 850 'Episcopus
1023 766 1060 830 P.
1082 765 1222 848 ignatio
1244 767 1403 848 scripsit,
1426 767 1572 832 divinae

337 877 485 943 bonitati
502 886 687 958 acceptum
701 875 848 952 ferebat,
867 885 905 938 ut
919 875 1101 954 singulare
1114 872 1335 952 beneficium,
1348 873 1441 955 quod
1453 873 1569 940 Socie·

337 985 421 1049 tatis
435 991 578 1048 nostrae
594 982 789 1062 Collegium
809 981 967 1046 Murciae
984 982 1169 1045 instituere
1185 978 1353 1058 dedisset,
1372 977 1473 1060 cujus
1489 996 1568 1062 ope·

337 1109 392 1171 ra,
406 1100 444 1156 ut
458 1092 534 1172 ipse
549 1091 614 1167 ait,
632 1107 722 1170 quae
737 1107 800 1170 per
812 1089 1068 1169 negligentiam
1080 1088 1245 1169 pastoris,
1262 1088 1472 1153 detrimenta
1482 1105 1572 1152 oves

337 1200 431 1262 illius
446 1197 567 1277 gregis
583 1204 809 1276 acceperant,
826 1195 1098 1260 resarcirentur.

396 1302 488 1368 2368.
532 1301 634 1383 Quod
649 1303 761 1367 movit
775 1319 992 1384 magnopere
1007 1301 1242 1384 Episcopum,
1264 1312 1303 1366 ut
1320 1309 1421 1366 tanto
1442 1300 1571 1366 affectu

338 1414 406 1476 hoc
420 1409 607 1476 Societatis
622 1410 820 1492 Collegium
835 1411 1018 1474 instituere
1032 1410 1301 1490 aggrederetur,
1317 1409 1383 1474 luit
1398 1409 1494 1474 haud
1508 1409 1582 1472 du-·

337 1520 393 1584 bie
406 1518 544 1582 fructus
558 1519 633 1596 ille,
649 1534 755 1598 quem
773 1535 818 1581 ex
838 1527 1042 1581 nostrorum
1060 1517 1267 1582 ministeriis
1286 1516 1477 1597 provenire
1496 1531 1570 1579 cer·

336 1627 455 1690 nebat.
471 1624 558 1689 Cum
574 1624 725 1705 primum
740 1626 833 1688 enim
847 1623 1065 1704 P.,Baptista
1080 1641 1161 1688 cum
1175 1624 1284 1688 sociis
1299 1622 1476 1687 Murciam
1493 1639 1569 1703 per·

337 1715 445 1812 venii,
472 1732 703 1796 christianam
727 1731 927 1795 doctrinam
946 1748 1078 1811 pueros
1098 1731 1248 1795 edocere
1267 1730 1380 1794 nostri
1399 1729 1512 1794 variis
1535 1729 1571 1792 in

337 1840 476 1921 templis
491 1848 694 1920 coeperunt;
711 1855 776 1902 nec
792 1839 905 1903 solum
925 1839 1027 1919 pueri
1044 1837 1340 1919 frequentissimi,
1360 1837 1425 1902 sed
1445 1852 1571 1917 prove-

338 1946 459 2010 ctioris
474 1945 581 2008 etiam
596 1945 724 2009 aetatis
739 1943 915 2017 homines,
933 1961 1015 2007 cum
1030 1961 1161 2024 magna
1180 1944 1336 2007 civitatis
1357 1942 1569 2007 aedificatio-

338 2071 401 2133 ne,
417 2053 501 2116 huic
515 2052 734 2116 catechismo
751 2051 900 2115 aderant
917 2050 938 2112 ¹.

396 2158 488 2222 2369.
531 2159 631 2224 Unus
652 2166 770 2222 autem
792 2175 838 2222 ex
856 2157 988 2221 nostris
1010 2157 1056 2221 ad
1080 2157 1347 2238 provectiorum
1369 2173 1474 2220 usum
1492 2172 1572 2219 sese

338 2267 629 2344 accommodans,
650 2265 839 2328 conciones
870 2264 1008 2345 aliquas
1033 2265 1078 2328 ad
1105 2264 1316 2328 catechismi
1340 2265 1531 2327 conciones
1559 2263 1572 2294 '

339 2372 501 2436 habebat.
530 2370 608 2435 Non
638 2373 752 2435 solum
781 2371 1005 2435 numerosior
1030 2371 1165 2435 indies
1191 2372 1341 2452 populus
1360 2369 1570 2445 confluebat,

338 2480 401 2544 sed
415 2479 613 2560 Episcopus
632 2480 740 2543 etiam
758 2478 898 2542 auditor
921 2495 1000 2541 esse
1020 2479 1173 2541 volebat.
1202 2477 1291 2542 Cum
1323 2477 1432 2542 etiam
1459 2477 1573 2540 nostri

337 2587 510 2667 hospitale
524 2596 728 2668 'pauperum
750 2586 1012 2665 aegrotantium
1036 2585 1247 2662 inviserent,
1275 2595 1310 2648 et
1339 2585 1573 2650 consolationi

336 2712 379 2759 ac
395 2693 675 2758 confessionibus
695 2710 818 2757 eorum
840 2693 1025 2758 audiendis
1044 2692 1172 2757 darent
1186 2710 1350 2772 operam,
1371 2709 1415 2755 ac
1430 2692 1572 2756 demum

336 2802 531 2865 ministerio
552 2810 858 2866 sacramentorum
883 2799 1117 2864 confessionis
1137 2810 1172 2863 et
1194 2799 1454 2863 communionis
1485 2798 1571 2862 civi·

334 2918 445 2972 tatem
459 2908 555 2972 illam
570 2909 733 2971 excolere
749 2906 963 2985 coepissent,
976 2906 1083 2969 latius
1098 2908 1206 2970 etiam
1221 2904 1417 2987 spiritualis
1434 2904 1574 2969 fructus

341 3031 486 3078 manare
501 3014 629 3093 coepit.

396 3116 487 3183 2370.
531 3119 619 3183 Cum
644 3128 764 3182 autem
788 3119 854 3183 sub
880 3130 1088 3183 autumnum
1110 3117 1356 3200 praecedentis
1380 3119 1465 3183 anni
1491 3118 1572 3181 1555

337 3242 439 3288 suam
452 3226 643 3289 dioecesim
655 3226 810 3290 invisere
822 3225 1020 3305 Episcopus
1032 3226 1276 3303 constitueret,
1290 3226 1428 3289 socium
1441 3226 1574 3290 habere

339 3331 531 3396 Doctorem
546 3333 743 3414 Baptistam
758 3332 801 3397 de
817 3333 947 3396 Barma
963 3333 1088 3410 voluit,
1105 3331 1207 3413 cujus
1222 3350 1369 3412 operam
1389 3350 1453 3397 suo
1469 3332 1573 3413 gregi

337 3440 524 3519 perutilem
546 3438 701 3503 futuram
726 3439 903 3520 sperabat;
922 3456 989 3503 nec
1015 3456 1097 3519 spes
1122 3456 1203 3503 eum
1228 3438 1363 3502 lelellit.
1389 3438 1479 3503 Nam
1499 3438 1575 3502 lere

340 3545 463 3609 diebus
482 3546 649 3625 singulis,
671 3545 817 3609 hortatu
842 3544 1026 3625 Episcopi,
1053 3546 1352 3624 concionabatur;
1374 3555 1408 3609 et
1430 3555 1574 3625 praeter

338 3652 459 3734 populi
478 3652 747 3717 instructionem
767 3659 801 3715 et
821 3651 1110 3731 commotionem,
1134 3652 1186 3715 sic
1205 3652 1354 3733 ipsemet
1373 3652 1574 3735 Episcopus

337 3758 557 3824 afficiebatur
571 3758 723 3839 (semper
737 3760 832 3822 enim
847 3776 928 3821 eum
942 3756 954 3788 ⁸
969 3758 1161 3835 audiebat),
1183 3767 1221 3823 ut
1236 3760 1307 3822 alia
1322 3759 1366 3823 de
1381 3776 1421 3822 re
1445 3756 1573 3822 deinde

335 3868 399 3931 vix
414 3868 626 3947 loqueretur,
645 3864 811 3946 quamde
827 3865 1063 3941 documentis,
1080 3883 1171 3946 quae
1188 3884 1208 3929 a
1225 3864 1262 3929 P.
1277 3866 1438 3946 Baptista
1452 3865 1571 3928 audic-

338 3984 405 4049 rat;
422 3982 458 4038 et
472 3974 503 4037 si
516 3972 596 4053 quis
610 3990 656 4037 ex
676 3970 752 4052 ejus
770 3972 904 4035 familia
926 3973 1058 4053 aliquid
1078 3974 1195 4036 minus
1213 3974 1361 4051 dignum
1379 3972 1460 4036 viro
1479 3972 1572 4035 chri·

339 4081 455 4145 stiano
475 4080 634 4158 lecisset,
657 4089 719 4143 aut
738 4078 902 4158 dixisset,
926 4080 1046 4143 statim
1064 4080 1097 4144 ei
1117 4081 1308 4143 conciones
1329 4079 1368 4142 P.
1390 4078 1573 4159 Baptistae

340 4186 541 4268 objiciebat,
557 4187 686 4267 quibus
700 4186 736 4249 id
752 4202 948 4250 consonum
962 4204 1034 4249 non
1049 4204 1128 4250 esse
1144 4187 1386 4268 exprobrabat
1400 4190 1422 4248 ⁴.

382 4357 389 4389 ¹
420 4354 486 4399 Vide
498 4354 621 4399 Litterae
628 4354 860 4407 Quadrimestres,
869 4361 886 4397 t.
899 4366 937 4402 nr.
946 4366 1005 4410 pag.
1014 4355 1052 4399 ⁶71
1064 4363 1091 4400 et
1101 4361 1121 4400 t.
1130 4366 1167 4411 tv,
1176 4367 1238 4411 pag.
1249 4356 1295 4399 tat.

379 4428 390 4459 ¹
417 4426 454 4472 Id.
464 4432 513 4481 est,
522 4428 662 4472 conciones
672 4427 779 4480 aliquos
785 4428 897 4481 praeter
905 4427 1065 4471 catechismi
1073 4428 1213 4472 conciones
1222 4427 1395 4479 lebabchem
1403 4427 1440 4470 ad
1448 4438 1572 4471 nomam

340 4498 509 4543 catechismi.

381 4569 392 4599 ³
420 4569 465 4614 his.
477 4570 557 4613 habet
568 4580 620 4615 eos.

381 4644 392 4675 t
420 4643 477 4701 ...¹5
488 4654 519 4685 en
530 4653 577 4685 ver
586 4643 682 4697 eigana
693 4652 753 4686 cosa
764 4652 853 4687 menos
864 4642 1047 4687 christianam
1058 4645 1154 4697 aiguno
1165 4643 1195 4687 dc
1206 4656 1250 4689 sus
1260 4644 1371 4697 eriados,
1383 4644 1407 4687 le
1417 4642 1485 4687 daue
1493 4642 1572 4697 luogo
