3642 5350
769 423 834 483 Aa.
857 421 929 483 1556
1410 419 1464 487 189

228 565 452 631 commodum
463 564 529 631 suit
542 567 714 649 Collegio,
727 576 762 632 et
773 568 804 633 si
819 566 1011 649 quamdam
1022 569 1130 633 aliam
1144 569 1298 650 domum,
1314 582 1459 637 nostrae

228 673 444 753 contiguam,
467 674 600 739 habere
618 685 763 757 possent
782 675 904 755 nostri,
927 674 1102 740 Dominus
1120 677 1278 760 Joannes
1297 678 1459 759 Baptista

227 778 341 844 Liiius
356 791 497 846 centurn
513 798 642 846 aureos
656 782 702 848 ad
717 781 792 863 eius
806 782 1021 865 emptionem
1034 784 1169 848 obtulit.

292 888 337 953 Et
350 888 439 953 haec
454 888 498 953 de
512 888 670 970 Collegio
690 888 916 955 Bononiensi.

520 1313 584 1379 DE
606 1312 841 1381 COLLEGIO
862 1312 1173 1380 FERRARIENSI

287 1631 358 1696 692.
400 1630 439 1697 Ρ.
455 1632 612 1716 Jonnnes
630 1632 839 1697 Pelletarius
854 1642 1020 1715 praeerat
1038 1632 1154 1697 tribus
1173 1632 1353 1714 collegiis,
1374 1635 1456 1703 Fer·

220 1738 388 1818 rariensi,
398 1737 588 1803 Mutinensi
599 1748 634 1803 et
645 1739 872 1821 Arg‘entensi,
884 1740 1049 1821 quaesub
1060 1739 1195 1803 ditione
1206 1740 1320 1806 Ducis
1329 1742 1457 1808 Ferra-

223 1826 303 1909 riae
329 1844 431 1909 era'nt
460 1844 481 1926 ¹;
508 1846 571 1910 sed
598 1844 838 1912 Ferrariensis
866 1844 997 1911 Rector
1026 1846 1094 1911 hoc
1122 1846 1229 1911 etiam
1254 1864 1347 1912 anno
1375 1848 1454 1915 fnit.

224 1950 311 2015 lnde
330 1960 460 2032 autern,
478 1968 559 2017 cum
572 1952 698 2017 lavore
712 1952 823 2018 Ducis
838 1970 928 2035 opus
941 1961 1031 2031 erat,
1054 1954 1153 2037 illum
1166 1950 1180 1985 ¹
1193 1954 1274 2018 aliis
1288 1954 1457 2037 Collegiis

221 2058 387 2137 curabat;
407 2069 443 2123 et
463 2057 597 2139 profuit
615 2060 747 2125 nostris
769 2058 1039 2139 Mutinensibus,
1059 2058 1189 2140 quibus
1206 2060 1335 2125 civitas
1348 2079 1455 2144 nego·

222 2164 313 2229 tium
327 2164 527 2245 exhibebat,
543 2174 688 2247 propter
703 2166 821 2246 situm,
837 2164 882 2229 de
897 2182 967 2248 quo
981 2180 1075 2229 anno
1085 2167 1263 2246 superiori
1275 2168 1415 2247 egimus
1429 2168 1453 2249 ⁸,

218 2272 320 2354 quod
340 2270 425 2337 Dux
446 2290 467 2337 a
489 2274 621 2337 nostris
645 2282 741 2338 stare
762 2283 978 2351 cerneretur,
1003 2272 1063 2354 qni
1083 2273 1192 2338 etiam
1210 2282 1291 2355 post
1316 2274 1453 2341 Pascha

220 2379 385 2459 promisit
398 2382 530 2444 nostris
545 2379 801 2445 Mutinensibus
815 2397 854 2444 se
868 2390 1150 2461 prospectorum.

283 2484 356 2549 693.
398 2485 486 2551 Cum
515 2489 621 2551 etiam
646 2486 848 2552 Cardlnalls
873 2486 1126 2567 Lotharingus,
1154 2486 1268 2551 Roma
1296 2488 1451 2567 rediens,

218 2592 392 2659 Ferraria
406 2596 587 2676 transiret,
601 2594 694 2659 idem
705 2593 790 2659 Dux
801 2592 922 2676 eteius
935 2594 1038 2673 filius,
1054 2594 1295 2659 Ferrariensis
1307 2594 1453 2679 Episco-

221 2717 290 2782 pus
301 2699 324 2780 ⁸,
340 2702 428 2766 satis
442 2701 623 2768 ferventer
636 2703 669 2768 ei
690 2702 915 2781 Societatem,
937 2719 1029 2784 qnae
1049 2703 1085 2766 in
1107 2702 1236 2769 Galliis
1253 2713 1342 2784 erat,
1359 2722 1452 2770 com·

212 2801 446 2889 mendarum,
472 2827 579 2891 quam
603 2809 947 2875 commendationem
970 2819 1096 2891 suapte
1117 2809 1311 2874 benevolus
1330 2810 1451 2877 Cardi-

217 2915 314 2980 nalis
328 2915 477 2981 libenter
491 2920 633 3000 excepit
646 2926 682 2981 et
696 2935 798 2982 suam
813 2934 960 3000 operam
974 2917 1108 2981 obtulit.

282 3021 353 3087 694.
395 3023 572 3089 Doctores
593 3025 700 3090 etiam
722 3025 949 3106 parisienses,
966 3025 1026 3106 qui
1040 3025 1156 3105 ipsum
1176 3024 1450 3105 comitabantur,

215 3131 314 3194 inter
327 3145 415 3211 quos
430 3139 507 3194 erat
521 3130 644 3195 Abbas
659 3130 933 3207 ClarevalensiS,
949 3140 1075 3212 postea
1085 3129 1287 3196 Cardinaiis
1303 3129 1326 3205 ¹,
1342 3133 1455 3198 animi·

260 3367 269 3402 ¹
296 3367 364 3413 Vide
374 3379 462 3424 snpra,
473 3375 492 3415 t.
503 3381 529 3424 v,
539 3381 599 3426 pag.
611 3370 659 3426 lm,
670 3383 695 3418 n.
704 3369 756 3415 ³66.

259 3438 271 3474 ¹
300 3438 515 3495 Scil.,savnrem.

258 3511 271 3545 ⁸
298 3509 659 3570 Videt.v,pa1.187,n.887.
1228 3548 1230 3551 ψ

258 3583 271 3616 ⁸
297 3581 364 3627 Vide
379 3593 466 3640 snpra,
482 3589 501 3627 t.
516 3594 552 3638 rr,
566 3593 627 3639 pap.
642 3583 678 3637 ⁵⁶,
690 3595 715 3628 n.
729 3583 766 3630 95.
778 3581 837 3638 llic,
852 3587 878 3628 et
892 3583 919 3628 in
934 3588 1023 3629 annot.
1032 3584 1109 3639 plura
1119 3583 1154 3628 ad
1167 3584 1294 3630 familiam
1308 3590 1335 3630 et
1345 3585 1449 3631 domurn

216 3653 300 3700 Duria
310 3653 486 3700 Ferrarlensiu
495 3657 644 3712 spectantia
653 3655 846 3702 describuntur.

257 3725 270 3760 ⁸
299 3725 471 3782 Hieronymus
482 3727 513 3771 de
522 3726 685 3772 Sauchierea.
693 3726 760 3771 Vide
772 3726 867 3772 Carras
877 3727 910 3773 da
921 3727 977 3772 San
986 3727 1105 3780 Ignado,
1113 3733 1133 3771 t.
1144 3738 1180 3783 vr,
1190 3739 1251 3784 pag.
1262 3729 1309 3784 ll8,
1316 3736 1404 3774 annot.
1412 3729 1449 3774 2.·

217 3797 312 3844 -Enm
321 3809 400 3854 porro
410 3797 575 3844 Cardlnalem
585 3799 688 3844 creavit
698 3797 759 3844 Pius
769 3799 802 3852 V,
812 3799 826 3843 9
835 3797 894 3844 Kal.
908 3797 993 3854 April.
1009 3797 1069 3842 15⁶⁸.
1080 3797 1118 3842 De
1132 3811 1164 3844 eo
1178 3799 1215 3844 alc
1226 3799 1376 3854 Alphonaus
1390 3799 1450 3845 Cia·

214 3872 316 3916 conius:
324 3869 512 3928 “Hieronymus
521 3869 658 3924 Socherna,
667 3869 825 3926 Campanus,
834 3869 935 3927 Gallus,
943 3872 1026 3916 irater
1032 3871 1131 3916 ordinis
1141 3870 1332 3925 Claterclensls,
1340 3871 1450 3918 neoto·

215 3945 276 4000 grae
286 3948 313 3986 et
324 3943 431 3987 virtutis
441 3942 517 3987 laude
527 3942 695 3992 clarissimus.
706 3953 735 3986 eo
746 3942 879 4006 doetrinae
895 3950 922 3988 et
932 3943 1082 3988 sanctitatis
1091 3943 1161 3998 apud
1176 3954 1263 3988 omues
1279 3945 1408 3999 pervenit,
1417 3953 1447 3992 ut

212 4014 323 4060 auunnlu
333 4012 497 4069 Principibus
508 4014 604 4059 charus
618 4025 720 4070 semper
734 4013 813 4059 inerit
827 4015 942 4060 habitus.
958 4013 1038 4070 Culus
1051 4024 1131 4070 opera
1144 4021 1223 4070 atque
1235 4015 1342 4060 consilio
1356 4013 1448 4060 Henrl·

214 4087 291 4138 cna2,
300 4085 457 4130 Franclscua
466 4086 487 4142 2,
497 4095 524 4132 er
534 4085 643 4132 Carolus
652 4088 667 4131 9
676 4085 811 4132 Gallorum
825 4097 903 4142 renea
916 4087 967 4140 ual,
980 4088 1065 4132 soleta
1078 4085 1190 4132 luminu
1201 4086 1333 4142 maninus
1339 4086 1447 4142 sapien

211 4162 330 4215 sinusque
339 4158 498 4213 singularem
510 4158 716 4204 admirabantur.
727 4157 776 4203 liic
787 4160 812 4203 ln
822 4170 870 4203 auo
879 4159 968 4203 ordine
976 4159 1067 4203 Abbas
1074 4157 1280 4204 claravallensis
1290 4166 1404 4214 creatus,
1411 4159 1446 4205 ad

211 4231 357 4276 Concilium
372 4228 550 4275 ‘tridentinum
565 4231 707 4286 proiectus,
724 4231 815 4286 plenas
831 4231 965 4286 religionis
981 4229 1076 4275 ardore
1092 4235 1119 4274 et
1136 4229 1280 4275 eruditione
1299 4231 1446 4275 sententiaa

212 4301 331 4359 protullt3
341 4301 407 4345 unde
418 4301 503 4356 major
512 4301 551 4347 illl
560 4302 671 4347 nominis
680 4291 766 4357 opinio
775 4309 862 4357 parta.
874 4313 957 4347 novos
970 4301 1097 4347 bonorum
1111 4301 1203 4346 titulos
1218 4302 1368 4347 cumulavit
1377 4299 1444 4346 illuc

211 4373 420 4427 snaenlifflonls
429 4371 556 4428 Magister
564 4373 703 4428 generalis,
712 4383 877 4428 summusque
890 4374 1040 4418 moderator
1049 4373 1156 4426 elecrna,
1168 4373 1206 4418 lta
1220 4373 1288 4417 nune
1303 4371 1444 4428 mainta-

214 4452 269 4491 turn
278 4443 419 4501 prudenter
428 4445 519 4498 gessit.
530 4455 610 4501 eoque
620 4445 728 4501 pletatis
740 4445 826 4490 studio
839 4451 934 4490 cuneta
948 4443 1114 4500 tamarit,
1129 4449 1160 4488 ut
1174 4444 1279 4488 minime
1293 4449 1444 4499 expectata,

211 4517 308 4564 nedum
317 4516 435 4572 quaesita
445 4525 568 4573 purpura,
577 4517 600 4562 el
610 4517 680 4562 ultro
689 4529 706 4563 a
715 4517 763 4562 Plo
772 4517 846 4570 Papa
856 4516 952 4571 Quinto
960 4516 1049 4562 delata
1058 4516 1146 4561 inerte.
1157 4514 1209 4561 sed
1218 4515 1380 4561 incredibilia
1392 4525 1446 4561 ne·

215 4587 380 4644 demiserit,
396 4587 518 4643 nullaque
533 4595 641 4644 prorsus
657 4589 783 4634 honorum
796 4588 941 4645 eupiditate
956 4597 1093 4643 ammaus,
1108 4588 1296 4643 amplissimam
1311 4595 1444 4642 purpuras

212 4659 371 4716 dignitatem
380 4665 409 4704 ut
419 4659 559 4715 acciperet,
573 4659 706 4706 Pontldcls
718 4661 792 4716 Jnssn
801 4668 828 4706 et
842 4661 985 4706 amicorum
1000 4660 1121 4716 precibus
1134 4661 1183 4705 vla
1195 4657 1301 4704 tartara
1315 4657 1445 4704 adductus
