3642 5350
354 384 409 461 372
810 384 938 462 Cueorr.
959 386 1038 462 Soc.
1057 388 1078 475 J
1120 444 1128 457 .

353 546 461 611 tenda
476 565 497 610 a
510 546 584 610 suis
598 547 889 628 praeceptoribus
903 547 1095 629 aliquando
1109 547 1262 627 cogendi
1277 544 1415 625 essent,
1430 553 1466 610 et
1486 556 1587 627 prae·

353 666 407 719 ter
422 654 593 737 publicas¹
610 655 771 735 privatas
786 655 894 719 etiam
909 656 1078 719 lectiones
1089 656 1313 735 expetebanq
1326 664 1361 718 et
1372 654 1432 717 alii
1443 654 1533 717 alios
1543 663 1582 717 ut

351 762 397 826 ad
412 762 554 826 scholas
567 762 730 825 venirent
742 762 953 839 invitabam
966 763 1086 826 omnia
1097 762 1169 837 illa,
1182 779 1274 843 quae
1284 762 1329 825 de
1340 761 1473 825 nostris
1484 759 1582 825 lama

350 868 591 950 praedicabat,
607 886 694 932 vera
709 886 787 933 esse
803 868 1032 947 affirmantes,
1049 887 1115 934 nec
1129 886 1258 951 parum
1272 880 1415 934 nostros
1429 868 1579 933 delecta·

350 977 411 1041 bat
425 977 515 1040 haec
530 978 567 1040 in
581 976 700 1055 pueris
715 975 874 1040 discendi
890 976 1057 1041 aviditas.

412 1082 500 1147 1563.
543 1081 769 1148 Schismatici
780 1084 887 1147 etiam
899 1101 984 1148 suos
994 1083 1141 1147 filios-ad
1152 1084 1295 1147 scholas
1305 1084 1506 1163 mittebant;
1519 1083 1584 1147 sed

348 1190 566 1271 experientia
581 1189 731 1254 docebat
745 1190 839 1271 quod
855 1191 1114 1254 catholicorum
1133 1190 1195 1255 filii
1214 1192 1325 1255 multo
1344 1191 1459 1271 magis
1473 1206 1582 1271 quam

348 1298 609 1363 haereticorum
623 1297 867 1380 proficiebant.
883 1298 963 1363 Non
977 1300 1138 1363 omittam
1152 1298 1260 1380 quod,
1277 1315 1359 1362 cum
1373 1297 1439 1362 Dr.
1456 1296 1580 1362 ilenri-

349 1422 412 1469 cus
422 1406 618 1469 orationem
630 1407 853 1487 praeclaram
865 1406 901 1469 in
916 1405 1017 1469 initio
1028 1405 1162 1485 habuit,
1177 1416 1212 1470 et
1225 1422 1358 1485 graece
1369 1416 1405 1469 et
1417 1405 1585 1470 hebraice

348 1512 525 1594 quaedam
543 1512 728 1594 proferret,
746 1511 915 1593 iudaeum
935 1513 1051 1593 ipsum
1071 1529 1151 1577 esse
1164 1513 1275 1594 aliqui
1293 1513 1579 1594 suspicabantur.

349 1618 420 1684 Sed
442 1638 524 1685 cum
542 1620 708 1685 adessent
732 1620 801 1683 viri
827 1620 987 1701 primarii
1011 1621 1153 1701 plurimi
1183 1630 1218 1684 et
1243 1621 1476 1700 magistratus
1501 1620 1585 1684 huic

347 1728 546 1793 studiorum
557 1728 658 1792 initio
670 1724 691 1807 ¹,
704 1744 776 1791 non
786 1728 921 1791 nationi
932 1728 1197 1803 sederuditioni
1209 1729 1414 1792 hebraicam
1424 1728 1584 1807 linguam

347 1846 531 1915 acceptam
542 1820 713 1899 serebant.
730 1834 775 1897 Et
787 1833 973 1897 Archidux
985 1834 1244 1914 FerdinanduS,
1258 1836 1402 1917 quinon
1414 1834 1578 1898 interlue-

348 1944 404 2007 r'at
419 1942 482 2006 sed
493 1941 667 2007 Comitem
680 1941 871 2023 quemdam
886 1958 950 2005 suo
963 1942 1042 2005 loco
1055 1943 1200 2006 miserat
1213 1941 1237 2021 ¹,
1249 1942 1346 2006 lama
1356 1941 1432 2022 ejus
1443 1942 1579 2005 oratio-

351 2051 408 2114 nis
422 2058 619 2113 commotus
635 2064 854 2130 magnopere
869 2049 948 2112 fuit.

409 2156 496 2220 1564.
540 2155 609 2221 Sed
624 2165 658 2220 et
673 2155 840 2220 Doctoris
855 2156 973 2220 Tilani
987 2158 1185 2220 orationem
1201 2156 1372 2236 postridie
1392 2155 1549 2220 habitam
1571 2151 1584 2185 ⁸

348 2264 393 2328 ob
405 2263 589 2328 doctrinae
598 2264 809 2327 varietatem
818 2265 1099 2345 eteloquentiam
1107 2263 1265 2327 vixsatis
1273 2264 1396 2327 mirari
1404 2262 1582 2344 poterat‘.

416 2371 504 2435 1565.
547 2370 683 2434 Rhetor
709 2379 828 2435 autem
854 2368 951 2450 Mag.
981 2369 1202 2447 Guilielmus,
1231 2387 1305 2435 non
1331 2372 1448 2435 minus
1477 2387 1581 2453 quam

353 2479 476 2559 ceteri,
493 2479 617 2543 eodem
640 2477 696 2542 die
715 2476 728 2509 ⁸
747 2477 971 2542 auditoribus
991 2476 1181 2556 satisfecit,
1202 2477 1353 2560 quisque
1366 2487 1485 2542 autem
1498 2495 1584 2542 suae

350 2586 524 2650 orationis
548 2595 799 2666 argumentum
818 2586 871 2648 sic
892 2586 1046 2649 orationi
1064 2603 1150 2649 suae
1170 2576 1519 2663 accommodaverat,
1542 2596 1582 2649 ut

345 2694 528 2776 praelatus
543 2695 764 2758 iniectiones
779 2703 965 2758 secuturas
988 2695 1180 2774 videretur,
1197 2705 1232 2758 et
1252 2695 1371 2772 etiam,
1388 2694 1447 2776 qui
1463 2695 1581 2758 minus

346 2802 451 2884 aequi
466 2802 626 2882 Collegio
642 2800 863 2879 videbantur,
881 2800 1022 2864 diffiteri
1035 2818 1108 2864 non
1119 2811 1296 2883 poterant,
1310 2803 1395 2884 quin
1407 2801 1580 2865 haberent

346 2908 495 2973 studiosi
516 2925 537 2970 a
556 2907 684 2989 quibus
702 2909 739 2971 in
761 2909 1029 2971 humanioribus
1048 2908 1193 2986 litteris,
1216 2909 1351 2988 latiniS,
1373 2910 1516 2989 graecis
1539 2919 1575 2972 et

346 3016 524 3080 hebraicis
549 3031 591 3078 ac
617 3015 720 3078 simul
746 3016 783 3078 in
807 3014 1006 3094 rhetoricis
1028 3015 1282 3096 philosophicis
1304 3034 1347 3080 ac
1368 3016 1580 3098 theologicis

346 3122 493 3186 fideliter
508 3122 785 3186 instituerentur:
799 3139 929 3202 pueros
940 3131 1059 3186 tamen
1074 3133 1238 3187 avertere
1251 3123 1361 3187 variis
1379 3124 1579 3188 rationibus

347 3229 552 3293 sacerdotes
566 3229 784 3292 schismatici
798 3229 1016 3308 nitebantur;
1033 3241 1067 3293 et
1082 3231 1310 3294 minabantur
1324 3231 1528 3310 aliquando,
1544 3231 1577 3294 si

347 3335 459 3400 nostri
474 3353 546 3400 non
558 3336 610 3400 eis
622 3336 889 3416 assentirentur,
903 3336 997 3418 quod
1014 3337 1060 3400 ad
1072 3335 1175 3401 fidem
1191 3338 1317 3412 attinet
1330 3332 1577 3418 bohemorum,

347 3461 385 3507 se
400 3451 544 3507 nostros
558 3443 760 3508 occissuros
774 3461 864 3507 esse.
880 3443 950 3508 Sed
965 3444 1083 3525 reipsa
1096 3445 1267 3508 timebant
1277 3444 1338 3525 illi,
1351 3462 1396 3508 ne
1409 3445 1455 3509 ad
1466 3456 1579 3510 certa·

347 3569 427 3616 men
442 3550 722 3632 disputationum
742 3564 1038 3632 provocarentur.

410 3657 497 3722 1566.
542 3657 636 3722 Inter
651 3658 831 3735 auditores
846 3659 1003 3740 theologi
1027 3657 1039 3689 ⁰
1061 3669 1312 3740 praeceptores
1332 3670 1434 3723 erant
1453 3658 1578 3724 franci·

346 3767 447 3830 scuni
461 3777 495 3829 et
509 3766 725 3829 dominicani
740 3776 775 3829 et
790 3767 996 3830 sacerdotes
1007 3767 1128 3846 aliqui.
1145 3766 1258 3830 Erant
1272 3777 1308 3830 et
1324 3767 1432 3847 aliqui
1449 3785 1494 3832 ex
1510 3768 1576 3849 his,

347 3873 406 3953 qui
420 3873 485 3936 sub
500 3882 649 3953 utraque
664 3873 782 3954 specie
797 3875 1126 3952 communicabant;
1142 3873 1204 3937 sed
1220 3891 1292 3936 non
1307 3891 1429 3938 omnes
1444 3875 1506 3956 qui
1520 3892 1579 3939 ve·

345 3981 489 4044 niebant
504 3981 793 4060 perseverabant,
810 3992 844 4044 et
859 3981 908 4043 ita
924 3981 1098 4044 incertum
1113 3989 1190 4043 erat
1205 3981 1432 4045 auditorium.

388 4148 395 4180 ¹
427 4146 497 4191 Huic
507 4147 660 4190 studiorum
670 4148 750 4191 initio
761 4147 862 4192 addidit
872 4147 903 4191 ad
913 4149 1012 4191 calcem
1021 4147 1134 4202 paginae
1143 4146 1280 4193 Polancus.

333 4241 335 4246 ,
386 4221 398 4253 ¹
424 4219 522 4264 Verba:
533 4220 581 4263 sed
592 4219 718 4263 Comitem
730 4221 874 4274 queindom
885 4231 934 4262 suo
942 4220 996 4265 ioco
1005 4220 1463 4275 manaueraepagtnaeaeoianco
1472 4223 1577 4278 adlecta

347 4297 418 4334 sunt.

385 4361 397 4394 ⁸
423 4361 559 4406 Postridie
569 4360 691 4406 habitam
702 4362 811 4406 inseruit
822 4361 962 4408 Polancus.

385 4437 397 4467 ⁴
424 4433 490 4489 lpse,
501 4434 593 4484 scilic..
605 4434 742 4478 Archidux
752 4432 941 4478 Ferdlnandus.

384 4506 395 4538 ὃ
423 4505 524 4549 Eodem
535 4505 579 4549 die
591 4505 719 4550 Polancus
729 4507 859 4559 apposuit.

384 4575 396 4608 ⁶
423 4577 560 4627 Nimirum,
575 4578 644 4621 inter
660 4577 793 4622 auditores
811 4577 839 4620 P.
851 4577 957 4622 Henrlcl
975 4577 1107 4636 Blyremil,
1125 4581 1168 4635 qul
1184 4579 1340 4637 theologiam
1354 4580 1534 4639 profitebatur,
1548 4589 1577 4630 ut

344 4661 434 4705 nuper,
445 4661 469 4693 n.
482 4649 534 4693 1558
543 4649 639 4692 dictum
651 4659 698 4693 est.
711 4647 782 4704 Lege
794 4661 928 4694 numerum
938 4659 1096 4706 sequentem.
