3642 5350
737 445 801 506 Art.
824 445 894 506 1556
1391 448 1425 508 31

256 589 308 654 Sl.
351 589 390 654 In
404 589 524 654 Sicilia
545 591 581 654 in
600 591 686 655 urbe
708 591 856 670 catana,
882 609 974 672 quae
996 593 1193 656 studiorum
1208 593 1428 657 Universita·

198 705 268 762 tem
283 698 400 776 habet,
417 697 485 761 hoc
501 715 594 761 anno
609 698 798 778 collegium
817 697 1012 763 admissum
1031 708 1096 776 est,
1118 709 1152 762 et
1171 709 1290 764 tamen
1311 701 1429 763 nullus

198 805 235 868 in
249 805 333 868 illud
348 805 479 868 missus
492 804 558 868 suit
573 823 618 868 ex
632 800 744 884 Urbe;
760 807 823 870 sed
837 824 881 870 ex
895 806 976 886 ipsa
994 805 1184 870 Provincia
1205 805 1346 871 Siciliae
1366 807 1428 871 ali·

198 912 260 993 qui
287 929 328 975 eo
355 911 522 975 destinati
546 911 700 990 fuerunt,
727 929 807 976 cum
831 912 1032 994 Episcopus
1057 922 1092 976 et
1120 912 1247 976 civitas
1272 913 1427 992 domum,

198 1018 386 1082 ecclesiam
400 1027 435 1081 et
450 1018 584 1082 reditus
599 1016 768 1082 offerrent
784 1016 805 1078 ¹.

256 1122 308 1188 82.
351 1123 462 1188 Multo
477 1125 580 1204 plura
594 1125 745 1205 collegia
760 1142 866 1205 quam
885 1142 976 1206 quae
997 1126 1154 1191 admissa
1172 1127 1337 1205 diximus
1361 1127 1430 1192 hoc

199 1248 293 1295 anno
318 1232 376 1294 vel
397 1231 507 1294 dilata
526 1231 584 1294 vel
605 1247 676 1295 non
696 1230 852 1296 admissa
877 1242 970 1296 sunt.
997 1231 1208 1311 Hujusmodi
1231 1233 1297 1297 fuit
1321 1251 1429 1298 unum

197 1337 381 1414 Anconae,
398 1339 549 1400 alterum
564 1336 778 1416 Maceratae,
796 1339 940 1402 tertium
953 1337 1067 1402 Aretii
1083 1340 1120 1403 in
1134 1339 1289 1418 Etruria,
1307 1340 1343 1404 in
1358 1358 1430 1421 quo

198 1444 244 1508 ad
259 1455 467 1508 consuetum
482 1462 526 1506 eo
541 1452 699 1522 tempore
713 1461 899 1508 numerum
919 1445 1188 1525 quatuordecim
1206 1449 1265 1510 vel
1283 1447 1431 1527 quinde-

198 1551 268 1614 cim
283 1553 542 1633 pervenissent,
563 1551 594 1615 si
613 1551 661 1615 ibi
683 1551 820 1615 admitti
843 1552 971 1616 debete
991 1553 1107 1616 visum
1126 1562 1231 1617 esset.
1254 1552 1430 1632 Quartum

198 1656 336 1737 Asculi,
353 1675 445 1739 quae
461 1657 590 1722 civitas
605 1659 693 1722 satis
708 1675 839 1738 magna
855 1658 892 1722 in
912 1659 1109 1724 confinibus
1128 1659 1246 1739 Regni
1265 1659 1434 1741 Neapolis

198 1775 232 1829 ct
247 1764 395 1829 ditionis
409 1765 592 1829 Ecclesiae
606 1765 674 1828 sita
694 1774 760 1842 est,
781 1774 816 1828 et
840 1775 985 1845 propter
1010 1767 1201 1830 seditiones
1221 1768 1345 1831 civiles
1363 1766 1430 1830 hoc

199 1871 333 1935 auxilio
350 1887 565 1950 magnopere
580 1887 687 1951 egere
702 1870 900 1935 videbatur.
918 1870 1085 1951 Quintum
1100 1873 1243 1937 Brixiae
1255 1873 1433 1938 Dominus

197 1976 324 2042 Abbas
338 1976 595 2060 Martinengus,
613 1977 672 2058 qui
687 1977 781 2057 apud
796 1976 1038 2043 Romanorum
1051 1978 1187 2059 Regem
1198 1981 1349 2046 nuncius
1359 1979 1431 2045 lue·

198 2094 265 2164 rat,
291 2085 469 2166 applicata
488 2102 553 2148 sua
574 2084 729 2163 abbatia,
745 2101 837 2165 quae
856 2085 926 2148 duo
947 2085 1056 2156 millia
1078 2084 1287 2151 ducatorum
1302 2088 1432 2152 annuis

199 2191 372 2255 reditibus
387 2191 540 2269 valebat,
563 2191 702 2270 erigere
717 2191 859 2254 volebat
874 2189 897 2254 ¹.
918 2189 1066 2255 Sextum
1086 2191 1232 2256 Genuae
1251 2193 1346 2274 apud
1367 2194 1432 2258 Ca-

199 2301 392 2378 rignanum
407 2297 541 2361 familia
556 2296 744 2362 Saulorum
760 2295 782 2361 ³.
800 2297 853 2360 De
868 2299 1031 2379 septimo,
1048 2299 1244 2379 Avenione,
1262 2299 1432 2364 Cardina-

198 2405 240 2468 lis
260 2405 453 2468 Fernesius
478 2405 620 2484 agebat,
641 2420 712 2486 quo
734 2404 842 2467 etiam
861 2403 929 2467 hoc
951 2422 1045 2468 anno
1065 2406 1135 2469 duo
1154 2407 1212 2469 vel
1232 2416 1305 2470 tres
1327 2407 1432 2470 desti·

200 2512 277 2575 nati
302 2521 385 2574 sunt
406 2510 429 2571 ⁴.
457 2509 511 2574 De
537 2520 666 2573 octavo
690 2509 991 2592 Archiepiscopus
1014 2510 1194 2591 Ragusiae
1215 2510 1239 2572 ⁸.
1262 2511 1316 2576 De
1337 2530 1433 2577 nono

201 2617 508 2699 Noviomagenses
524 2618 558 2681 in
574 2615 718 2682 Geldria
733 2615 756 2682 ⁶.
773 2615 821 2682 Ut
835 2617 997 2683 omittam
1016 2619 1123 2698 aliud,
1146 2620 1189 2684 de
1211 2637 1280 2701 quo
1302 2618 1432 2685 Madri-

200 2726 248 2789 dii
274 2726 446 2806 erigendo
468 2742 510 2788 ac
531 2725 687 2789 dotando
706 2722 881 2789 Dominus
900 2722 1060 2789 Didacus
1085 2726 1197 2791 Lasso
1221 2726 1265 2789 de
1284 2726 1432 2791 Castilla

199 2836 292 2897 serio
310 2834 439 2911 agebat
455 2832 476 2895 ⁷.
494 2832 538 2895 Et
552 2848 665 2913 prope
679 2832 822 2909 Urbem,
840 2831 955 2910 idest,
972 2830 1096 2896 Narnii
1116 2834 1256 2913 civitaS,
1278 2834 1432 2915 quodam

199 2958 244 3003 ex
257 2941 393 3003 nostris
408 2940 655 3015 concionante,
671 2938 768 3001 aliud
782 2939 970 3017 expetebat
985 2936 1013 3002 ⁸:
1030 2949 1065 3003 et
1081 2940 1182 3003 varia
1196 2942 1287 3019 loca,
1301 2957 1346 3004 ex
1357 2940 1432 3021 qui·

200 3046 264 3111 bus
290 3063 401 3110 unum
426 3043 587 3109 Societas
608 3044 766 3124 eligeret,
790 3044 971 3108 offerebat.
995 3042 1066 3109 Sed
1090 3046 1221 3126 partim
1250 3048 1432 3110 decretum

199 3153 283 3217 illud
298 3153 343 3217 de
364 3170 436 3216 non
455 3151 681 3215 admittendis
696 3151 865 3230 collegiis,
884 3151 943 3215 ubi
958 3151 1140 3216 minimum
1160 3153 1432 3233 quatuordecim

200 3262 255 3323 vel
270 3259 473 3340 quinlecim
488 3258 536 3322 ali
555 3276 627 3322 non
646 3266 790 3339 possent
809 3254 831 3335 ⁹,
856 3258 987 3336 partim
1007 3259 1154 3337 penuria
1174 3260 1433 3340 operariorum,

200 3384 264 3431 nos
281 3368 328 3431 ab
343 3365 544 3446 hujusmodi
559 3364 854 3445 postulationibus
866 3366 1062 3429 excusabat
1076 3364 1110 3426 ¹⁰.

260 3472 313 3537 83.
357 3472 446 3537 Cum
461 3472 612 3536 facultas
634 3490 655 3535 a
674 3470 890 3535 Provinciali
909 3470 1051 3536 Siciliae
1072 3474 1252 3553 postulata
1273 3482 1367 3537 esset
1387 3474 1433 3537 ad
1451 3495 1455 3501 ·

240 3674 250 3710 ⁸
277 3675 545 3731 Videinlra,n.1357.

238 3746 251 3779 Ι
277 3746 347 3791 Vide
357 3758 444 3803 supra,
456 3754 476 3792 t.
486 3758 524 3803 rrr,
532 3758 592 3801 pag.
601 3746 648 3800 23⁹,
660 3757 683 3791 n.
693 3746 735 3791 535
744 3754 769 3791 et
780 3752 799 3791 t.
809 3758 835 3801 n,
847 3758 907 3801 pag.
918 3745 953 3801 dd,
963 3756 987 3791 n.
996 3746 1031 3791 88.

238 3818 251 3853 ⁸
277 3818 347 3863 Vide
357 3830 444 3875 supra,
457 3826 476 3864 t.
486 3832 512 3874 v,
523 3830 584 3873 pag.
595 3819 642 3873 tta,
651 3830 674 3862 n.
685 3818 733 3862 8¹28.

240 3891 251 3923 ⁴
277 3890 348 3935 Vide
359 3892 433 3943 ibid,
442 3902 502 3946 pag.
510 3892 553 3935 849
562 3898 588 3935 et
599 3889 787 3945 stom-Verba
797 3896 884 3934 autem
899 3890 963 3946 “quo
977 3889 1057 3934 etiam
1071 3890 1120 3934 hoc
1134 3902 1201 3934 anno
1211 3890 1261 3935 duo
1271 3894 1315 3936 vel
1326 3898 1380 3935 tres
1389 3890 1433 3934 de-

201 3960 290 4006 stinati
303 3968 384 4017 aunt„
395 3964 429 4008 ad
439 3974 512 4007 orant
524 3962 635 4017 paginae
646 3962 773 4006 Polancun
784 3962 913 4017 apposuit.

239 4033 251 4065 ⁸
277 4032 569 4089 mammantes

239 4104 252 4139 ⁸
280 4105 584 4162 mammaeam

238 4176 250 4208 '¹
278 4176 344 4222 Vide
360 4189 448 4233 snpra,
464 4176 621 4233 praesertim
630 4182 650 4220 t.
662 4188 687 4229 v,
696 4188 756 4231 pag.
766 4176 801 4229 23,
816 4179 903 4219 annot.
914 4174 936 4227 2,
944 4174 978 4218 ad
988 4186 1012 4217 n.
1022 4173 1057 4226 85,
1068 4173 1111 4216 ubl
1126 4178 1244 4215 erratum
1259 4178 1308 4227 est,
1318 4174 1379 4218 dum
1390 4174 1433 4218 hic

202 4244 278 4301 aega
286 4246 460 4293 Romanorum
469 4248 586 4303 Legatos
601 4246 871 4303 appellaturDldacus
886 4246 968 4291 Lasso
984 4245 1015 4288 de
1030 4244 1057 4287 la
1073 4243 1153 4297 Vaga.
1168 4242 1267 4288 Matrltl
1282 4244 1362 4289 etiam
1377 4244 1435 4289 Col·

203 4318 297 4373 legium
308 4320 407 4365 institut
418 4322 442 4364 in
451 4321 505 4365 suis
516 4321 631 4365 domibus
643 4321 748 4364 volebat
765 4318 845 4363 Dnus.
856 4317 978 4363 Gutierre
994 4308 1098 4370 vargas
1112 4315 1143 4358 de
1154 4314 1288 4370 carvajal,
1304 4315 1434 4360 Placenti·

203 4400 249 4433 nus
259 4390 410 4446 Episcopus.
423 4390 488 4436 Vide
499 4391 574 4444 ibid„
584 4402 644 4446 pag.
664 4390 712 4445 483,
723 4400 748 4434 n.
762 4389 821 4433 1313.

242 4460 254 4494 ⁸
282 4462 349 4506 Vide
360 4462 469 4511 latram.
480 4462 527 4507 207.

205 4576 207 4583 ,
242 4530 256 4564 ⁹
281 4532 349 4577 Vide
360 4544 449 4588 supra,
458 4546 519 4589 pag.
529 4534 564 4589 29,
575 4546 600 4579 n.
608 4534 643 4579 7⁶.

233 4602 255 4636 ¹⁰
282 4604 353 4659 Quae
366 4606 581 4662 praecedentibus
596 4618 638 4651 nn.
647 4607 673 4651 81
688 4611 714 4652 et
724 4604 753 4651 82
766 4607 939 4661 eontinentur,
953 4604 1040 4649 omnia
1055 4613 1132 4646 manu
1151 4602 1258 4657 propria
1268 4601 1375 4646 inseruit
1386 4600 1431 4645 Po

207 4672 304 4724 lenens.
