3642 5350
351 398 386 457 12
808 399 936 460 Canon.
957 398 1034 459 Soc.
1054 399 1124 473 Jes.

349 555 415 625 est;
437 553 471 609 et
491 545 727 609 observarunt
747 545 860 609 nostri
885 544 980 625 quod
1005 545 1129 609 eadem
1153 546 1242 608 hora
1268 554 1498 624 compunctus
1520 545 1579 607 ille

346 651 522 732 judicibus
537 670 638 716 suurn
651 652 789 716 facinus
804 653 941 730 integre
956 651 1140 716 confessus
1154 662 1219 731 est,
1236 652 1329 732 quod
1345 653 1443 732 prius
1457 651 1579 714 facere

350 761 522 834 noluerat;
540 767 669 824 etcum
685 759 854 840 postridie
870 759 982 822 nostri
996 760 1042 823 ad
1057 777 1137 822 eum
1153 759 1399 837 accessissent,
1418 759 1454 820 in
1469 758 1578 821 alium

350 867 529 930 hominem
550 876 723 931 mutatum
741 868 966 944 invenerunt,
982 877 1017 930 et
1032 867 1174 929 veniam
1189 867 1234 929 ab
1249 866 1299 929 eis
1322 866 1364 929 de
1380 883 1444 928 sua
1467 867 1576 929 obsti·

349 973 493 1037 natione
507 975 712 1054 postulavit3
729 985 763 1037 et
777 974 838 1036 uni
853 991 898 1037 ex
918 975 1049 1037 nostris
1068 973 1253 1036 confessus
1274 982 1328 1035 est
1343 990 1423 1035 cum
1441 989 1578 1052 magna

350 1097 415 1144 sua
441 1081 693 1144 satisfactione.
721 1079 809 1144 Cum
831 1091 949 1144 autem
971 1080 1004 1142 ei
1029 1097 1126 1144 mors
1153 1078 1353 1158 significata
1379 1079 1514 1156 fuisset,
1541 1077 1578 1140 id

349 1187 516 1250 nuncium
531 1187 678 1250 libenter
694 1190 879 1267 amplexus
895 1184 987 1268 [est],
1008 1197 1045 1249 et
1059 1205 1097 1249 se
1114 1196 1262 1249 mortem
1277 1186 1471 1266 promereri
1487 1185 1578 1248 dice·

350 1295 421 1370 bat,
440 1295 603 1376 quodque
619 1311 656 1358 se
672 1295 814 1358 divinae
829 1294 1005 1357 voluntati
1019 1294 1163 1358 omnino
1178 1293 1418 1371 submittebat;
1439 1303 1474 1356 et
1493 1293 1579 1355 ima·

348 1401 467 1481 ginem
479 1401 646 1465 Crucifixi
658 1404 851 1480 postulanS,
865 1418 1057 1482 numquam
1069 1418 1107 1463 se
1118 1410 1192 1463 tam
1203 1402 1333 1463 laetum
1345 1399 1454 1462 fuisse
1469 1417 1578 1479 quam

350 1519 434 1572 tune
450 1508 566 1572 fassus
581 1519 649 1587 est;
667 1518 701 1572 et
721 1526 800 1571 cum
820 1507 998 1571 exhortati
1019 1524 1100 1570 eum
1121 1506 1269 1570 fuissent
1289 1507 1403 1569 nostri
1424 1514 1463 1568 ut
1484 1506 1579 1568 bono

337 1617 512 1696 'exemplo
528 1616 651 1678 mortis
667 1615 745 1678 aliis
761 1614 997 1678 aedificationi
1012 1631 1090 1677 esse
1102 1624 1255 1691 curaret,
1268 1613 1393 1694 quibus
1405 1614 1498 1675 mala
1511 1628 1578 1674 sua

351 1723 425 1785 vita
442 1721 652 1786 offendiculo
667 1722 793 1801 fuerat,
811 1721 845 1784 id
861 1721 1048 1801 diligenter
1063 1731 1116 1784 est
1131 1730 1358 1800 exsequutus
1372 1720 1519 1782 libenter
1531 1719 1578 1782 ad

350 1838 501 1893 mortem
527 1847 565 1892 se
589 1829 775 1893 conferens
799 1838 834 1892 et
858 1830 1000 1892 veniam
1025 1839 1149 1908 petens
1174 1844 1318 1890 suorum
1342 1842 1518 1903 errorum,
1542 1839 1578 1888 et

352 1937 514 2000 omnibus
536 1937 742 2000 condonans
761 1935 930 2016 quidquid
951 1945 1076 1998 contra
1097 1935 1212 2016 ipsum
1231 1935 1402 2012 egissent;
1427 1933 1516 1996 adeo
1538 1943 1577 1994 ut

352 2041 556 2106 Praefectus
571 2043 728 2106 carceris
738 2041 811 2122 jam
827 2042 964 2123 pridem
978 2042 1030 2105 sic
1044 2041 1133 2104 bene
1152 2039 1318 2104 affectum
1334 2040 1511 2102 hominem
1530 2039 1577 2101 ad

352 2159 502 2213 mortem
517 2151 737 2214 subeundam
757 2166 885 2213 senon
904 2149 1038 2212 vidisse
1058 2157 1259 2211 testaretur.
1284 2146 1364 2209 Alia
1386 2148 1496 2209 multa
1515 2145 1576 2207 hu·

348 2257 503 2337 jusmodi
518 2258 659 2338 pietatis
673 2274 782 2338 opera
802 2257 932 2320 ibidem
951 2256 1092 2334 fiebant,
1110 2273 1200 2336 quae
1220 2272 1300 2318 cum
1319 2253 1523 2316 Praefectus
1542 2263 1579 2315 et

349 2365 504 2428 ministri
518 2364 680 2444 publicae
695 2363 876 2426 custodiae
892 2363 1155 2440 observassent,
1172 2379 1234 2442 per
1248 2361 1436 2441 quemdam
1456 2359 1576 2424 Cardi-

350 2472 467 2534 nalem
491 2470 529 2535 P.
557 2471 732 2552 lgnatium
753 2478 926 2550 rogarunt
947 2479 985 2533 ut
1005 2471 1042 2533 in
1056 2470 1119 2533 tali
1140 2469 1281 2550 pietatis
1300 2467 1414 2530 officio
1436 2475 1579 2529 nostros

349 2577 517 2658 progredi
529 2577 678 2659 juberet.

409 2685 460 2750 26.
504 2686 657 2765 Magnus
672 2686 779 2749 etiam
794 2703 839 2749 ex
854 2684 1166 2766 praedicationem
1187 2682 1421 2764 hospitalibus
1440 2681 1579 2744 fructus

349 2793 555 2873 capiebatur
568 2810 574 2872 ;
591 2803 625 2856 et
641 2800 713 2855 tam
729 2802 957 2872 aegrotantes
972 2808 1078 2871 quam
1094 2791 1244 2854 ministri
1259 2790 1304 2853 ad
1317 2789 1578 2853 confessionem

349 2898 499 2979 singulis
513 2900 692 2963 mensibus
706 2898 906 2965 faciendam
922 2898 1088 2962 commoti
1103 2906 1195 2961 sunt.

409 3006 460 3068 27.
504 3006 592 3071 Cum
617 3008 653 3069 in
678 3016 806 3071 octava
832 3005 1001 3086 Corporis
1019 3004 1161 3083 Christi,
1185 3012 1266 3068 ante
1289 3003 1439 3083 Collegii
1464 3001 1577 3066 nostri

350 3113 456 3192 force,
479 3112 540 3177 S.¹¹
563 3112 721 3177 Marcelli
741 3113 924 3192 processio
944 3114 1125 3190 transiret,
1149 3121 1290 3192 praeter
1313 3121 1478 3174 ornatum
1498 3111 1575 3172 reli·

348 3236 468 3299 quum,
486 3222 598 3283 altare
613 3230 769 3283 erectum
783 3219 858 3297 fuit,
876 3228 910 3281 et
926 3217 995 3281 duo
1010 3235 1056 3281 ex
1075 3218 1194 3298 pueris
1213 3217 1448 3294 scholasticis
1470 3232 1575 3295 ange·

349 3326 463 3388 lorum
479 3326 649 3404 vestibus,
672 3336 776 3407 prout
792 3326 957 3407 ¹depingi
972 3326 1096 3402 solent,
1118 3324 1240 3401 induti,
1262 3324 1433 3404 quosdam
1448 3324 1578 3385 latinos

349 3450 477 3495 versus
491 3432 534 3495 de
549 3432 781 3497 sanctissimo
797 3431 1031 3496 sacramento
1051 3441 1086 3495 et
1105 3430 1149 3493 de
1168 3449 1307 3495 morum
1325 3429 1578 3494 reformatione

348 3548 421 3601 tam
442 3538 570 3603 devote
589 3539 794 3618 recitarunt,
817 3539 922 3603 etsie
942 3538 1052 3601 corda
1074 3546 1355 3615 commoverunt,
1377 3546 1414 3599 ut
1434 3545 1576 3616 praeter

347 3646 436 3707 alios
451 3646 558 3727 aliqui
573 3647 679 3709 etiam
699 3647 907 3711 Cardinales
927 3645 1055 3709 deflere
1073 3645 1143 3708 visi
1163 3646 1281 3726 palam
1301 3643 1441 3706 fuerint.
1463 3642 1574 3707 Multa

347 3752 454 3816 etiam
470 3754 628 3816 carmina
644 3770 786 3833 graeca,
803 3752 970 3817 hebraica
985 3765 1020 3815 et
1039 3754 1146 3816 etiam
1166 3752 1284 3815 italica
1303 3752 1347 3815 de
1366 3750 1490 3813 eodem
1512 3747 1575 3813 Sa·

347 3870 528 3923 eramento
554 3860 757 3941 parietibus,
785 3869 846 3923 aut
868 3860 984 3941 potius
1009 3859 1196 3939 tapetibuS,
1224 3857 1329 3921 affixa
1351 3868 1443 3920 sunt.
1469 3858 1513 3921 Et
1538 3857 1574 3919 in

347 3964 445 4029 festis
462 3966 688 4031 Pentecostes
703 3968 738 4032 in
754 3968 885 4048 templo
900 3977 1023 4030 nostro
1040 3968 1220 4030 orationes
1232 3966 1362 4029 latinae
1374 3966 1527 4044 habitae,
1541 3974 1578 4027 et

346 4072 508 4152 dialogus
524 4074 630 4137 etiam
646 4074 790 4138 moralis
807 4073 872 4137 fuit
887 4084 989 4137 actus
1004 4072 1027 4135 ³.

406 4178 457 4241 28.
501 4180 556 4244 Ex
579 4181 824 4245 Helvetiorum
852 4180 1073 4259 regionibuS,
1103 4197 1193 4259 quos
1227 4180 1403 4242 Cantones
1431 4189 1575 4256 vocant,

347 4295 482 4366 septem
508 4286 679 4352 haeretici
701 4298 812 4367 erant,
837 4288 991 4369 quinque
1013 4296 1131 4351 autem
1154 4304 1276 4349 eorum
1300 4286 1482 4364 catholici;
1506 4284 1577 4347 duo

388 4491 395 4521 ¹
425 4490 473 4534 lla.
504 4502 565 4535 rrae.

386 4563 397 4593 ¹
425 4502 531 4615 Quaeqln
542 4563 592 4607 hac
600 4566 736 4619 sententia,
746 4566 858 4609 averbis
867 4564 900 4608 Er
910 4563 1031 4619 infestis
1039 4564 1395 4618 Pentecosles,contlnentur,
1403 4564 1577 4619 adJ'cctneuut

346 4644 422 4677 ntanu
434 4633 537 4678 Polancl
549 4636 580 4678 ad
592 4646 663 4679 oram
675 4638 794 4692 paglnae.
