3642 5350
593 1035 654 1116 DE
681 1033 918 1117 PROVINCIA
945 1033 1200 1116 CASTELLAE

799 1291 845 1338 AC
866 1291 1001 1336 PRIMUM

486 1487 553 1554 DE
587 1487 852 1554 COLLEGIO
884 1487 1313 1552 SALMANTICENSI

343 1825 434 1890 2416.
477 1825 514 1889 P.
549 1825 844 1892 Bartholomaeus
875 1825 1088 1891 Hernandez
1117 1826 1199 1891 huic
1228 1824 1387 1906 Collegio
1417 1840 1520 1905 prae·

279 1944 361 1997 erat
377 1933 398 2012 ¹,
414 1933 451 1996 in
468 1949 536 2013 quo
551 1941 654 1997 erant
669 1951 714 1998 ex
728 1933 861 1998 nostris
875 1932 976 1997 initio
991 1930 1095 2012 huJ'us
1110 1933 1194 1997 anni
1208 1932 1337 2013 viginti
1349 1941 1442 1996 octo:
1456 1931 1514 1996 de·

281 2057 362 2104 cem
376 2057 422 2104 ex
437 2041 488 2105 eis
503 2040 719 2120 sacerdotes
736 2057 782 2104 ex
801 2041 928 2122 quibus
946 2058 1077 2104 novem
1092 2039 1249 2120 theologi
1268 2048 1381 2118 erant,
1398 2048 1433 2103 et
1455 2039 1517 2102 alii

283 2165 350 2212 sex
371 2145 529 2227 eiusdem
555 2147 697 2229 quidem
723 2148 904 2212 facultatis
928 2147 1095 2226 studiosi,
1120 2148 1279 2210 sednon
1299 2147 1346 2210 ad
1371 2145 1516 2214 ordines

284 2254 451 2334 promoti.

341 2361 433 2425 2417.
474 2360 546 2440 Qui
572 2371 691 2426 autem
717 2361 965 2443 philosophiae
984 2361 1118 2426 dabant
1132 2378 1298 2443 operam,
1316 2377 1380 2423 sex
1399 2369 1514 2439 erant;

282 2469 409 2550 reliqui
430 2469 635 2533 domesticis
660 2469 864 2533 ministeriis
890 2470 1177 2557 occupabantur;
1203 2467 1368 2548 quamvis
1393 2484 1517 2531 eorum

280 2577 393 2656 aliqui
412 2576 491 2639 aliis
510 2574 738 2639 facultatibus
759 2575 819 2639 diu
839 2592 985 2656 operam
1004 2575 1193 2655 dederant,
1210 2575 1246 2638 in
1265 2575 1338 2651 his,
1360 2591 1452 2655 quae
1472 2573 1519 2636 ad

282 2684 505 2766 spiritualem
520 2681 717 2763 profectum
732 2684 925 2763 pertinent,
942 2683 1073 2747 seriam
1088 2682 1221 2746 dabant
1235 2698 1392 2762 operam.
1410 2678 1518 2745 Scho-

283 2790 401 2855 lastici
415 2790 531 2853 minus
545 2789 582 2853 in
603 2789 764 2853 oratione
787 2799 822 2853 ct
841 2789 1079 2870 spiritualium
1099 2789 1269 2853 librorum
1290 2789 1441 2852 lectione
1462 2805 1519 2853 oc-

282 2898 519 2979 cupabantur;
535 2895 699 2979 quamvis
714 2912 821 2959 unam
834 2896 961 2959 horam
972 2896 1122 2977 singulis
1134 2896 1269 2975 diebus,
1282 2905 1425 2975 praeter
1436 2912 1517 2959 exa·

283 3005 380 3069 mina
396 3004 645 3082 conscientiae,
664 3002 817 3067 orationi
832 3002 1038 3082 tribuerent;
1055 3012 1089 3066 et
1108 3012 1182 3066 tum
1203 3002 1344 3082 quidem
1367 3002 1518 3081 singulis

282 3109 517 3174 hebdomadis
531 3100 651 3188 semel,
668 3119 809 3189 praeter
830 3109 924 3173 diem
948 3109 1175 3188 dominicum,
1192 3110 1517 3174 communicabant.

342 3216 434 3281 2418.
478 3216 581 3297 Quod
601 3217 727 3281 attinet
742 3216 788 3279 ad
802 3214 1037 3280 scholasticas
1051 3216 1344 3296 exercitationes,
1360 3215 1518 3297 quotidie

280 3332 358 3388 tam
372 3323 417 3388 de
432 3323 686 3405 philosophicis
707 3340 813 3405 quam
834 3322 877 3385 de
896 3323 1107 3403 theologicis
1126 3323 1163 3386 in
1183 3322 1342 3403 Collegio
1362 3323 1517 3387 confere·

281 3432 381 3511 bant,
398 3440 433 3494 et
447 3430 598 3511 singulis
613 3430 800 3497 dominicis
815 3429 939 3493 diebus
953 3430 1148 3510 positiones
1158 3431 1216 3492 vel
1228 3432 1451 3511 theologicas
1462 3432 1521 3495 vel

285 3537 551 3620 philosophicas
572 3539 791 3617 alternatim,
808 3536 894 3601 etin
914 3536 1125 3618 quibusdam
1143 3537 1224 3601 aliis
1241 3536 1358 3617 festis,
1375 3539 1520 3602 tueban-

283 3656 356 3725 tur,
372 3654 407 3709 et
421 3644 673 3725 disputationis
686 3647 818 3727 gratia,
836 3652 898 3707 aut
912 3654 952 3707 ut
967 3654 1189 3725 spectatores
1204 3654 1339 3723 essent,
1356 3645 1426 3708 viri
1440 3660 1520 3724 gra·

287 3774 362 3836 ves,
377 3767 412 3819 et
423 3756 516 3821 inter
527 3772 588 3820 eos
600 3754 708 3835 aliqui
720 3772 766 3817 ex
776 3756 968 3821 lectoribus
979 3754 1141 3835 publicis,
1156 3765 1190 3818 et
1202 3755 1417 3835 collegiales,
1432 3774 1522 3838 quos

282 3861 441 3943 majores
454 3872 603 3941 vocant,
623 3870 659 3925 et
680 3864 848 3927 monachi
862 3862 922 3927 83¹
943 3861 1121 3926 Dominici
1136 3861 1372 3940 accedebant;
1388 3871 1522 3928 etcum

281 3969 530 4035 satisfactione
545 3978 579 4033 et
594 3968 841 4034 aedificatione
863 3970 1103 4049 discedebant,
1128 3986 1198 4033 non
1218 3970 1362 4050 ingenia
1383 3980 1522 4035 tantum

281 4086 319 4140 et
338 4093 462 4141 curam
483 4076 699 4155 studiorum,
722 4077 785 4141 sed
806 4078 951 4142 modum
965 4078 1073 4141 etiam
1092 4086 1199 4156 atque
1224 4076 1436 4140 modestiam
1462 4095 1521 4158 ap·

284 4182 483 4264 probando.

342 4290 434 4355 2419.
478 4290 519 4355 In
534 4290 689 4371 quodam
702 4288 857 4371 jubilaeo
874 4294 971 4358 circa
986 4294 1076 4357 festa
1088 4290 1271 4369 Natalitia,
1283 4288 1522 4357 salmanticae

284 4432 497 4445 ——.

324 4494 334 4529 ¹
364 4491 432 4540 Vide
442 4506 531 4550 snpra,
542 4501 561 4539 t.
572 4508 598 4550 v,
609 4506 670 4550 paz.
679 4494 729 4549 tto,
740 4508 765 4541 ιι.
776 4496 836 4553 1099,
847 4499 890 4544 abl
900 4499 1021 4553 plurima,
1031 4498 1065 4543 ad
1075 4496 1159 4541 aocloa
1171 4494 1328 4551 spectantia,
1344 4492 1523 4541 salmanticae

281 4568 333 4612 boc
344 4578 413 4611 anno
422 4573 622 4619 commorantes,
633 4568 807 4622 attinguntur.
820 4571 858 4615 hd
873 4582 929 4614 rem
939 4581 1040 4625 qnoque
1051 4569 1150 4613 iaciunt
1158 4566 1282 4611 Litterae
1291 4564 1525 4621 Quadrtmestres,

282 4644 307 4683 t.
318 4649 357 4695 ιιι,
367 4649 429 4694 pag.
440 4638 488 4694 725,
499 4639 546 4691 789,
557 4645 576 4685 t.
588 4649 624 4693 iv,
639 4649 699 4693 pat.
708 4640 758 4696 204,
769 4641 821 4689 tot.
1450 4653 1454 4659 ·
