3642 5350
337 354 393 420 320
787 353 916 421 emal.
940 349 1016 422 Soc,
1041 350 1062 436 J
1104 402 1112 419 .

345 503 675 587 ipsius¹Valentiae
683 514 832 571 mortem
841 507 1059 585 obiisse,nec
1071 506 1218 571 alindab
1226 505 1304 588 ipso
1314 512 1563 571 testamentum

344 599 423 678 esse
438 612 637 677 coniectum
652 629 758 695 quam
772 613 867 695 qnod
886 613 1075 695 aliquando
1089 612 1240 693 fecerat,
1258 614 1373 694 ipsum
1387 612 1426 677 P.
1441 612 1562 678 Hiero·

339 737 485 803 nymum
500 718 666 784 heredem
685 720 916 801 relinquendo
929 717 953 783 ⁸.
969 718 1039 785 Sed
1058 736 1139 785 curn
1161 719 1331 801 plurimos
1351 737 1465 785 annos
1485 738 1564 802 pro·

336 828 527 893 sessionem
543 825 587 891 ob
602 826 695 891 hanc
710 827 822 908 ipsam
838 844 984 891 causam
1000 826 1037 891 P.
1053 826 1295 908 Hieronymus
1309 827 1513 905 distulisset,
1529 836 1564 892 et

335 935 478 1001 tandem
498 951 592 998 anno
614 933 821 1015 praeterito,
842 943 878 997 ut
903 933 1058 998 diximus
1076 930 1099 1012 ³,
1121 932 1261 999 Rornae
1280 950 1358 998 eam
1377 934 1561 1015 emisisset,

335 1042 571 1127 paucissimos
584 1050 666 1123 post
680 1041 777 1105 illam
791 1058 931 1105 menses
945 1050 1047 1122 pater
1061 1040 1157 1105 obiit.
1293 1044 1296 1048 ’

330 1148 333 1155 ’
397 1148 485 1214 1306.
530 1147 621 1229 Quia
637 1165 724 1212 vero
737 1146 891 1212 Domina
907 1148 1081 1228 Angelica
1095 1147 1314 1228 Domenech,
1330 1148 1408 1231 ejus
1420 1155 1433 1188 ⁸
1446 1164 1563 1227 soror,

332 1257 551 1339 virginitatis
575 1264 698 1319 votum
712 1254 895 1334 emiserat,
913 1264 948 1319 et
968 1266 1160 1336 rogaverat
1176 1254 1212 1319 P.
1229 1256 1488 1337 Hieronymum
1513 1264 1563 1335 ut,

335 1365 488 1429 obeunte
502 1363 660 1444 ipsorum
676 1372 840 1442 parente,
856 1361 1063 1427 facultatem
1074 1363 1239 1427 veniendi
1253 1363 1453 1428 Valentiam
1465 1380 1564 1427 cura·

333 1482 403 1551 ret,
434 1456 472 1535 ut
495 1471 601 1535 rebus
617 1469 729 1550 ipsius
749 1479 783 1534 et
805 1470 914 1534 statui
938 1472 1155 1550 consuleret,
1180 1488 1254 1534 rem
1273 1471 1330 1534 ille
1349 1470 1565 1550 significavit

332 1578 370 1644 P.
388 1578 540 1658 ignatio,
556 1586 590 1641 et
609 1577 692 1657 quia
713 1576 756 1641 de
775 1576 880 1640 rebus
895 1576 1147 1658 temporalibus
1162 1578 1339 1657 agendum
1354 1586 1443 1655 erat,
1467 1586 1562 1656 pote·

332 1695 464 1751 statem
478 1685 524 1748 ad
539 1683 682 1749 easdem
698 1683 905 1748 tractandas
920 1692 955 1747 et
970 1684 1238 1749 constituendas
1252 1684 1457 1766 postulavit.

398 1791 486 1856 1307.
530 1792 727 1872 Utrumque
753 1791 792 1855 P.
819 1790 979 1870 ignatius
999 1791 1119 1855 statim
1144 1792 1337 1871 concessit,
1357 1800 1393 1856 et
1414 1789 1563 1856 liberum

333 1899 431 1964 Patri
447 1898 666 1978 Hieronymo
682 1897 821 1980 reliquit
837 1906 875 1962 ut
889 1914 955 1977 pro
970 1914 1034 1961 suo
1056 1897 1231 1962 arbitratu
1243 1898 1447 1964 Valentiam
1462 1898 1559 1962 navi·

333 2017 437 2089 garet
451 2005 474 2069 ³.

396 2113 484 2177 1308.
528 2112 755 2177 Postmodum
771 2112 861 2178 alias
883 2112 1021 2193 accepit
1040 2109 1052 2142 ⁶
1072 2112 1226 2195 litteras,
1247 2112 1373 2194 quibus
1392 2114 1562 2179 intellexit

333 2222 475 2303 negotia
500 2228 670 2302 paternae
694 2219 925 2283 haereditatis
937 2219 1173 2299 implicatiora
1193 2236 1289 2295 esse:
1306 2230 1340 2284 et
1358 2220 1563 2285 facultatem

336 2331 490 2410 amplam
505 2327 552 2392 ad
566 2344 623 2391 res
638 2343 719 2391 cum
733 2343 798 2391 sua
813 2344 935 2391 sorore
947 2327 1212 2408 componendas
1224 2346 1245 2391 a
1258 2325 1295 2391 P.
1308 2326 1447 2408 ignatio
1462 2344 1560 2392 acce·

336 2438 403 2520 pit,
420 2445 454 2501 et
465 2433 761 2517 quemadmodum
773 2435 818 2498 ab
830 2434 955 2500 eodem
966 2434 1036 2515 ipsi
1045 2432 1162 2499 luerat
1172 2432 1381 2516 iniunctum,
1393 2453 1472 2500 rem
1482 2453 1563 2500 con·

373 2755 381 2789 Ι
410 2752 547 2799 Dominum
558 2750 664 2798 Petrum
674 2749 833 2805 Domeneelt,
846 2749 876 2794 de
887 2761 937 2805 quo
943 2750 999 2805 lam
1008 2749 1112 2804 saepius
1119 2750 1146 2794 ln
1155 2750 1203 2796 hoc
1214 2749 1349 2796 chronico.

370 2825 383 2861 ⁸
408 2825 473 2871 “Por
483 2827 565 2870 letrae
575 2825 606 2868 de
617 2825 746 2878 Allcante,
756 2823 797 2868 del
807 2822 835 2868 P.
846 2821 879 2868 lt.
890 2821 985 2872 Nadal,
995 2824 1054 2877 (que
1064 2823 1151 2877 allego
1161 2833 1224 2866 sano
1234 2823 1288 2867 alo
1296 2823 1328 2867 de
1338 2820 1506 2876 Novlembre)
1515 2833 1562 2867 con

333 2909 378 2945 aas
387 2900 564 2955 compelleroe,
574 2896 733 2942 entendlmos
742 2907 790 2951 que
798 2894 877 2940 habia
885 2895 1000 2940 tamblen
1009 2895 1113 2939 llevado
1124 2892 1300 2940 Dloanneetro
1308 2895 1423 2940 Selloral
1430 2893 1471 2940 Sr.
1478 2895 1563 2940 Pedro

333 2970 481 3016 Domeneclt
492 2968 522 3013 tle
533 2969 561 3013 la
571 2968 699 3022 temporat
709 2965 771 3010 vida
782 2968 799 3010 a
810 2966 836 3009 la
851 2972 951 3019 eterna,
960 2977 978 3022 y
988 2964 1019 3008 N.
1031 2963 1117 3009 Padre
1132 2965 1167 3008 ha
1181 2965 1249 3010 dado
1264 2966 1344 3010 orden
1354 2976 1403 3021 que
1413 2977 1444 3011 en
1454 2967 1495 3011 lae
1505 2967 1563 3010 mls·

333 3054 404 3100 my
415 3042 549 3086 oraclonee
559 3039 590 3083 de
601 3039 641 3084 loa
652 3044 771 3082 nuestroe
785 3038 856 3081 inere
866 3048 927 3094 mny
941 3035 1141 3081 encomendado.
1156 3035 1238 3091 Plega
1252 3039 1278 3081 al
1293 3048 1341 3092 que
1353 3049 1381 3082 es
1390 3038 1465 3082 aalnd
1475 3050 1492 3095 y
1501 3038 1564 3083 vlda

331 3114 469 3160 lellclslma
479 3113 511 3158 de
521 3111 597 3157 todos
607 3111 645 3156 los
654 3113 746 3155 beatos
756 3109 787 3154 de
797 3111 867 3155 serlo
879 3111 896 3153 a
906 3109 930 3153 el
941 3114 1163 3164 perpetuamente,
1175 3119 1248 3154 como
1257 3119 1391 3165 aperamoe
1401 3111 1426 3154 lo
1435 3112 1503 3155 aera.
1515 3109 1563 3162 Del

333 3190 489 3231 testamento
499 3195 532 3228 no
541 3194 588 3228 noe
597 3184 671 3227 avleo
681 3180 758 3236 neda3
771 3191 799 3225 es
808 3180 908 3226 verdad
920 3190 969 3234 qne
979 3180 1049 3223 llevo
1061 3181 1093 3224 de
1103 3182 1164 3234 aqnl
1178 3181 1311 3226 autentico
1323 3182 1346 3225 el
1356 3182 1389 3226 de
1398 3180 1432 3227 V.
1442 3181 1482 3236 R.;
1492 3192 1526 3226 no
1534 3185 1563 3225 ee

333 3259 357 3303 lo
368 3269 416 3312 que
426 3258 507 3313 podra
517 3256 625 3299 nacerse
636 3265 683 3299 eon
694 3254 726 3298 el.
739 3251 835 3298 Hemos
844 3251 949 3297 invlado
961 3252 986 3294 la
996 3251 1072 3307 eopia
1082 3251 1113 3294 de
1124 3256 1221 3305 quanto
1230 3253 1315 3296 ecrlbe
1325 3250 1357 3298 V.
1366 3252 1398 3297 R.
1409 3256 1492 3297 aeete
1503 3263 1565 3307 pro·

332 3329 510 3386 posito.yqne
520 3337 630 3383 procnre
645 3325 751 3371 haeerlo
766 3324 888 3369 vlnlendo
899 3326 917 3368 a
928 3323 1063 3376 Valencla,
1079 3323 1110 3367 de
1125 3323 1208 3368 donde
1223 3323 1314 3379 podria
1324 3335 1404 3379 parat
1413 3327 1430 3368 a
1439 3323 1564 3368 llellorca

331 3414 348 3458 y
359 3403 391 3446 de
401 3401 446 3446 alli
458 3403 473 3444 a
484 3399 581 3452 Slcllla,
591 3410 608 3455 y
619 3408 651 3442 en
658 3397 770 3451 Pallam,
780 3399 796 3439 o
806 3406 855 3450 por
864 3397 946 3440 letras
957 3394 992 3438 lta
1002 3395 1034 3440 de
1045 3394 1094 3440 dar
1104 3394 1274 3439 lniormaelon
1284 3398 1300 3440 a
1310 3395 1344 3441 V.
1354 3395 1386 3440 R.
1396 3395 1428 3440 de
1435 3395 1476 3440 las
1489 3406 1564 3440 cosas

331 3474 362 3519 de
377 3474 439 3526 ella,
453 3485 471 3529 y
485 3472 602 3526 despuet,
619 3468 762 3513 lniormado
775 3467 805 3512 N.
820 3466 912 3517 Padre.
925 3477 953 3510 ee
970 3467 1074 3510 rimette
1087 3467 1241 3511 llbremente
1251 3469 1267 3510 a
1277 3467 1311 3510 V.
1321 3466 1352 3512 R.
1367 3472 1464 3523 quanto
1477 3467 1504 3511 al
1514 3466 1564 3510 lra

331 3544 484 3590 Valenclao
495 3554 535 3596 no,
547 3553 578 3586 en
586 3553 620 3586 un
631 3541 726 3596 tlempo
736 3544 751 3584 o
761 3551 793 3584 en
804 3545 871 3595 otro,
879 3539 1023 3583 solamente
1029 3549 1079 3593 que
1086 3540 1112 3583 lo
1119 3549 1169 3594 que
1178 3550 1206 3582 ee
1217 3538 1314 3584 lllclere
1328 3551 1374 3584 sea
1382 3550 1430 3584 eon
1438 3538 1564 3583 voluntati

332 3618 364 3663 de
375 3616 400 3664 S.
412 3615 502 3671 Exa‘„
512 3615 648 3668 Polancus,
661 3623 695 3657 ex
705 3622 780 3666 corn„
790 3611 866 3656 Patri
877 3609 1037 3667 Hieronymo
1046 3608 1202 3664 Domeneelr,
1211 3610 1262 3655 Ἀ·
1271 3609 1418 3657 Februarii.

371 3688 383 3720 ¹
410 3687 480 3733 Vlde
488 3697 577 3743 supra,
588 3691 608 3730 t.
618 3697 644 3738 v,
656 3694 716 3740 pay.
726 3683 761 3736 ll,
771 3693 795 3728 n.
804 3682 840 3727 76.

370 3763 383 3796 ⁴
410 3760 479 3814 Seii„
490 3757 578 3804 Patrls
589 3754 741 3812 Hleronyml
751 3753 907 3798 Domenech.

370 3833 382 3867 ⁸
409 3833 586 3878 “Rleevemmo
601 3829 685 3884 quelle
700 3827 726 3871 ‹ll
741 3826 774 3872 V.
790 3826 822 3872 R.
839 3833 866 3872 et
882 3827 925 3870 del
939 3826 1016 3872 Htro.
1030 3827 1160 3872 Annibale
1179 3827 1211 3872 de
1225 3824 1252 3871 xl
1268 3827 1330 3871 exll
1344 3827 1386 3872 del
1400 3836 1529 3884 presente3
1537 3833 1564 3874 et

333 3906 430 3951 benche
440 3904 567 3948 scribemo
577 3898 745 3950 avantlhlerl,
754 3909 804 3954 pnr
818 3899 839 3943 si
855 3898 1009 3952 rlspondera
1022 3909 1069 3953 per
1084 3904 1176 3953 questa
1185 3909 1202 3942 a
1216 3899 1277 3953 quel
1291 3904 1372 3953 punto
1386 3898 1456 3946 delle
1464 3901 1566 3955 partita

332 3990 378 4035 per
384 3977 511 4029 Valenaa,
520 3973 568 4018 che
577 3973 603 4017 ln
612 3971 700 4016 verita
710 3970 733 4015 cl
743 3973 757 4014 e
769 3968 904 4014 occasione
915 3981 1002 4014 nuova
1012 3970 1043 4014 de
1053 3969 1172 4026 pensaret
1179 3968 1206 4014 dl
1215 3980 1303 4025 sopra,
1311 3971 1429 4015 tredendo
1438 3972 1462 4016 le
1470 3974 1565 4018 lettere

332 4051 400 4096 della
415 4047 519 4097 sorella,
534 4057 549 4089 e
562 4045 588 4088 nl
603 4042 690 4099 quello
704 4042 788 4087 amieo
802 4041 849 4086 clte
865 4041 951 4086 scribe
965 4041 1019 4086 alla
1033 4041 1065 4086 R.
1081 4040 1124 4096 V.;
1135 4048 1162 4085 et
1176 4041 1208 4088 tt.
1219 4039 1312 4096 Padre,
1325 4053 1353 4086 ee
1364 4053 1414 4086 non
1425 4048 1536 4088 temesae
1547 4044 1566 4088 ll

333 4121 451 4176 dlsagglo
465 4118 535 4163 della
550 4114 731 4170 navltaelone,
742 4115 798 4159 solo
812 4114 831 4157 ll
845 4118 962 4168 reapetto
980 4112 1050 4157 della
1064 4114 1161 4157 sorella
1177 4114 1203 4158 lo
1221 4113 1395 4158 inclinarebbe
1408 4125 1426 4160 a
1442 4115 1566 4161 meam

335 4187 368 4236 V.
378 4189 408 4234 R.
420 4190 446 4234 ln
455 4189 489 4242 le,
500 4193 527 4232 et
535 4191 608 4232 tanto
618 4185 662 4239 plu
672 4181 791 4228 habendo
799 4181 824 4225 dl
834 4181 898 4227 dare
911 4181 1001 4226 ordlne
1011 4183 1066 4227 alla
1075 4181 1197 4227 heredlta
1210 4187 1237 4227 et
1252 4183 1370 4238 collegio,
1378 4188 1406 4227 et
1424 4183 1441 4226 l’
1449 4183 1569 4231 informa·

331 4261 401 4307 tlone
415 4261 456 4304 del
466 4259 496 4304 P.
506 4257 539 4305 H.
547 4257 644 4302 Natale
654 4265 719 4311 pare
730 4263 780 4298 non
791 4253 831 4297 ela
845 4253 1019 4307 neccessarie,
1032 4253 1177 4299 habendola
1187 4253 1328 4298 eumelente
1337 4253 1371 4298 V.
1381 4254 1413 4300 R.
1423 4265 1470 4312 per
1479 4255 1504 4302 le
1518 4256 1567 4301 let·

336 4339 393 4379 tere
403 4333 429 4376 dl
439 4329 600 4386 sopradetto.
610 4325 684 4373 Reetl
695 4326 815 4380 adunque
824 4325 879 4369 alla
889 4324 919 4368 tt
934 4323 967 4370 V.
978 4326 1148 4371 liberamento
1165 4326 1185 4370 ll
1199 4325 1296 4370 andare
1306 4336 1323 4370 a
1332 4325 1451 4372 Valente
1463 4337 1480 4372 o
1488 4337 1531 4382 no,
1539 4327 1566 4371 ln

344 4417 377 4452 un
387 4411 474 4460 tempo
493 4403 545 4448 oln
559 4403 636 4455 altro,
652 4409 701 4456 pur
715 4398 763 4443 else
777 4398 817 4442 sla
831 4398 870 4441 col
885 4407 1012 4442 consenso
1026 4403 1053 4441 et
1062 4406 1157 4452 parere
1172 4397 1199 4441 dl
1214 4396 1240 4441 S.
1250 4396 1339 4452 Exc.⁸;
1348 4398 1566 4455 etpotrlaeaeete

338 4478 385 4524 che
396 4476 422 4522 ln
431 4475 510 4533 puehl
519 4474 591 4529 merl,
601 4472 701 4528 epedlte
711 4472 803 4516 lecese
812 4469 838 4514 dl
849 4471 885 4526 la,
893 4471 921 4514 la
930 4469 1001 4515 R.V.
1010 4477 1130 4516 tornatae
1139 4469 1241 4525 qnando
1251 4469 1271 4514 ll
1280 4469 1309 4515 Ρ.
1318 4469 1354 4514 lt.
1363 4470 1487 4528 Natale,o
1496 4471 1564 4518 forse

334 4547 584 4614 primu.„Polancae,
594 4555 627 4591 ex
636 4554 712 4598 com„
721 4542 793 4590 Patrl
803 4541 961 4600 Hieronymo
971 4541 1126 4596 Domenech,
1136 4540 1187 4588 28.1
1197 4539 1341 4590 Febmaril.

371 4621 383 4658 ⁸
412 4619 442 4670 Ρ.
453 4617 609 4666 Domeneelt.
