3642 5350
358 455 413 518 336
497 491 500 497 ,
818 458 946 524 Cneorr.
967 460 1044 525 Soc.
1065 462 1135 540 Jns.

361 620 404 669 ac
424 604 635 686 praesertim
652 604 764 685 Goae,
786 608 844 673 ubi
864 610 1025 676 homines
1047 612 1219 693 peculiari
1241 609 1369 675 affectu
1390 606 1590 688 devotionis

362 711 438 795 ejus
452 714 660 779 memoriam
673 716 951 783 venerabantur.

420 819 512 885 3570.
555 820 751 889 Admonuit
778 824 871 890 idem
905 826 943 891 P.
977 827 1191 893 Franciscus
1224 826 1441 907 Rodriguez,
1466 822 1590 889 Patres

362 929 546 1011 quosdam,
563 931 623 1012 qui
637 930 682 995 ad
702 932 960 1013 professionem
981 935 1018 999 in
1036 936 1179 1017 Europa
1203 934 1346 1000 luerunt
1373 931 1520 999 admissi
1543 932 1590 997 ob

364 1036 431 1101 boc
444 1036 561 1118 ipsum
575 1038 670 1119 quod
685 1039 722 1103 in
737 1040 994 1106 remotissimas
1012 1043 1177 1123 regiones
1196 1052 1299 1107 erant
1316 1038 1489 1119 mittendi,
1513 1038 1589 1104 sine

364 1160 435 1226 qua
459 1145 650 1211 occasione
673 1164 898 1230 nequaquam
921 1148 1070 1214 luissent
1091 1149 1249 1228 admissi,
1273 1149 1487 1214 documento
1512 1162 1589 1211 esse

364 1268 469 1333 posse
483 1252 577 1335 quod
593 1270 665 1318 non
678 1254 844 1335 expediat
857 1256 895 1320 in
909 1266 1091 1337 posterum
1104 1257 1141 1322 id
1153 1257 1284 1337 lacere,
1296 1255 1360 1321 sed
1371 1255 1490 1337 potius
1500 1254 1537 1319 iu
1546 1270 1590 1318 eo

365 1368 460 1425 statu
474 1368 536 1425 aut
548 1360 675 1443 gradu,
692 1379 762 1444 quo
776 1362 813 1428 in
828 1362 883 1429 his
896 1364 986 1429 locis
999 1374 1112 1446 erant,
1127 1365 1218 1429 mitti
1239 1364 1276 1429 in
1294 1362 1430 1429 Indiam
1449 1362 1588 1437 debere,

365 1466 519 1548 aliquem
536 1468 631 1533 enim
649 1487 695 1534 ex
713 1469 915 1552 hujusmodi
933 1470 1103 1554 professis
1123 1473 1173 1537 lta
1195 1488 1234 1538 se
1254 1488 1394 1553 gerere,
1415 1478 1454 1535 ut
1474 1468 1591 1552 potius

366 1574 459 1639 inter
476 1574 631 1641 novitios
649 1594 755 1658 quam
775 1578 867 1643 inter
888 1578 1068 1661 professos
1086 1597 1164 1644 esse
1185 1580 1283 1644 illum
1306 1578 1315 1609 ¹
1337 1585 1529 1659 oporteret.
1550 1574 1589 1639 In

367 1680 436 1745 allo
455 1691 584 1761 autem,
606 1684 667 1765 qui
687 1702 773 1750 casu
792 1685 1050 1767 professionem
1072 1704 1143 1752 non
1167 1686 1298 1766 emisit,
1320 1685 1508 1763 intereos,
1531 1680 1589 1765 qui

366 1804 447 1853 cum
458 1787 665 1856 Patriarcha
676 1792 916 1876 mittebantur,
928 1796 1216 1876 impedimentum
1227 1792 1459 1860 substantiale
1469 1792 1589 1857 inven-

365 1902 441 1960 tum
459 1912 548 1979 esse;
569 1900 733 1981 quamvis
754 1918 835 1967 eum
860 1898 1070 1970 Patriarclta
1094 1918 1216 1970 secum
1239 1902 1276 1967 in
1300 1900 1437 1967 Indiam
1460 1899 1590 1964 ducere

367 2003 482 2084 vellet,
498 2007 593 2086 quod
607 2007 664 2071 vir
678 2008 810 2091 alioqui
824 2010 930 2075 valde
943 2011 1057 2076 bonus
1071 2019 1175 2076 esset.

424 2108 516 2176 3571.
558 2112 614 2179 De
639 2112 797 2197 Collegio
822 2127 947 2183 nostro
971 2117 1116 2198 Goeusi,
1139 2117 1341 2199 quindecim
1365 2124 1448 2181 ante
1473 2115 1587 2193 annis,

365 2216 474 2299 Regis
484 2217 595 2301 jussu,
611 2224 753 2288 erecto·
767 2225 832 2289 sub
847 2226 989 2292 nomine
1000 2223 1085 2291 &m
1102 2225 1214 2305 Fidei,
1226 2224 1272 2291 ad
1284 2241 1348 2290 eos
1358 2223 1418 2307 qui
1428 2221 1475 2287 ad
1485 2220 1592 2287 fidem

365 2336 658 2395 converterentur
672 2331 910 2416 instruendos,
926 2345 962 2400 et
975 2334 1198 2418 postmodum
1214 2334 1270 2399 his
1282 2332 1397 2412 annis,
1409 2340 1448 2396 ut
1458 2328 1591 2395 dictum

365 2442 430 2510 est,
447 2432 616 2502 Societati
630 2455 693 2519 per
714 2441 876 2507 eumdem
891 2442 1025 2524 Regem
1044 2442 1222 2525 applicato
1239 2441 1263 2522 ⁸,
1286 2439 1385 2523 [illud
1404 2444 1588 2515 memorat,

365 2538 472 2625 quod]
487 2542 631 2624 quidam
645 2544 754 2628 Regis
767 2548 920 2615 ministri
934 2559 969 2615 et
980 2566 1099 2615 rerum
1110 2548 1358 2631 temporalium
1368 2543 1589 2612 administra·

254 2663 258 2670 ·
364 2656 476 2732 toreS,
493 2667 603 2734 usque
625 2654 670 2719 ad
689 2655 784 2722 hunc
803 2676 935 2723 annum
955 2656 1088 2724 reditus
1110 2656 1242 2723 nostris
1262 2654 1589 2732 subministrabant,

364 2766 471 2837 prout
486 2763 680 2827 necessarii
695 2765 742 2828 ad
756 2783 932 2848 expensas
946 2765 1169 2831 videbantur.

423 2863 515 2932 3572.
557 2867 696 2936 Invenit
714 2882 834 2938 autem
851 2874 918 2938 hos
936 2874 1070 2940 reditus
1089 2873 1238 2955 Collegii
1253 2870 1324 2957 [ad]
1342 2871 1411 2937 tria
1431 2869 1540 2936 millia
1554 2877 1589 2934 et

364 2983 507 3039 centum
525 2976 654 3058 viginti
668 2995 732 3044 sex
748 2979 896 3046 ducatos
909 2983 1061 3064 singulis
1075 2982 1178 3047 annis
1199 2979 1404 3046 ascendere.
1420 2977 1476 3055 Ac
1490 2993 1589 3060 prae·

364 3087 462 3146 terea
477 3080 572 3148 dona
584 3102 606 3149 a
616 3084 773 3167 Regibus
783 3091 967 3154 saracenis
977 3099 1012 3154 et
1023 3089 1216 3171 gentilibus
1227 3085 1455 3168 Pro-regibus
1468 3085 1588 3162 missa,

364 3196 403 3253 ut
417 3189 463 3253 ad
477 3188 717 3274 Portugalliae
732 3194 867 3277 Regem
887 3199 1178 3280 transmitterent,
1194 3197 1242 3264 ad
1264 3197 1333 3262 hoc
1353 3195 1461 3260 etiam
1481 3191 1589 3259 eoue-

363 3295 580 3376 glomerant
594 3301 784 3384 applicata,
801 3321 892 3387 quae
914 3302 928 3337 ⁶
946 3305 992 3371 ad
1006 3307 1255 3389 septingentos
1273 3306 1423 3370 ducatos
1442 3299 1591 3382 singulis

364 3405 478 3487 annis,
495 3408 574 3489 plus
588 3409 714 3490 minus,
732 3411 970 3479 ascendebant
983 3416 1006 3494 ⁸,
1023 3413 1187 3497 quamvis
1206 3431 1279 3478 non
1292 3427 1433 3492 semper
1446 3423 1590 3489 recupe-

365 3513 438 3578 rari
452 3523 616 3596 poterant
630 3536 696 3584 nec
710 3520 786 3586 sine
800 3521 932 3602 labore,
948 3531 984 3586 et
997 3521 1154 3588 nondum
1165 3521 1254 3586 baec
1265 3519 1457 3603 applicatio
1471 3531 1600 3582 mune·-

364 3637 443 3685 rum
458 3623 584 3688 litteris
598 3627 708 3708 regiis
722 3637 799 3693 erat
817 3629 986 3695 stabilita.

423 3727 515 3794 3573.
557 3731 644 3800 Erat
660 3743 779 3802 autem
793 3737 861 3801 hoc
877 3755 966 3802 onus
976 3734 1173 3819 iniunctum
1183 3736 1343 3817 Collegio
1354 3735 1466 3813 Goae,
1480 3738 1518 3797 ut
1529 3747 1589 3795 no·

364 3837 459 3918 stris,
475 3839 535 3921 qui
549 3843 644 3922 apud
655 3841 881 3925 J'aponenses,
894 3844 955 3926 qui
964 3845 1002 3910 in
1013 3845 1174 3926 Malucis,
1187 3845 1268 3910 etin
1279 3852 1395 3908 tractu
1407 3837 1591 3907 Comurini

364 3947 614 4029 versabantur,
643 3952 846 4017 necessaria
869 3953 1045 4034 quaedam
1070 3953 1116 4019 ad
1144 3970 1268 4018 eorum
1297 3948 1590 4016 sustentationem

364 4057 617 4135 prospicerent.

340 4179 577 4198 ¹-—-—-..-

364 4229 393 4270 nt
411 4223 532 4282 deincep·
551 4227 735 4276 anniversaria
750 4229 869 4276 oratioue
884 4232 988 4288 publice
1004 4233 1031 4277 ln
1046 4231 1250 4278 conimbricam
1263 4231 1413 4278 'Academia
1429 4225 1591 4273 laudaretur·

365 4297 498 4343 Creditum
508 4305 547 4344 ert
556 4299 583 4344 ld
592 4311 683 4347 munus
693 4301 871 4359 Perplntmo,
881 4303 989 4360 Lanu,
999 4303 1040 4351 De
1048 4306 1107 4351 vita
1118 4306 1142 4352 el
1153 4307 1263 4361 scriptu
1280 4303 1356 4349 Petri
1369 4301 1486 4361 sunnis
1499 4297 1584 4353 Pupi

365 4375 453 4427 niani,
462 4387 519 4432 cap.
530 4385 557 4429 rr,
568 4386 592 4420 n.
605 4374 626 4420 2.
637 4374 704 4421 Vide
712 4385 799 4432 snpra,
810 4388 871 4434 pag.
881 4377 929 4430 713.
940 4389 964 4425 n.
974 4377 1036 4424 m.
1400 4379 1404 4386 '

404 4451 414 4484 ¹
442 4447 537 4493 lisia.

405 4518 417 4552 ¹
444 4518 593 4566 merocli.

404 4590 416 4625 ⁸
443 4590 676 4646 ldaapplicutum.

404 4664 417 4697 ⁴
443 4663 564 4719 linquar
575 4663 636 4710 700.

404 4733 417 4770 ⁸
442 4733 488 4782 lis.
499 4733 669 4782 madebat.
