3642 5350
390 404 444 467 722
846 408 975 471 Cneor.
995 408 1074 471 Soc.
1094 410 1164 486 Jns.

448 550 541 617 3121.
582 550 627 617 Et
646 554 736 618 haec
755 552 799 619 de
819 553 979 636 collegio
996 553 1292 639 conimbricensi,
1312 576 1359 623 ex
1375 575 1449 641 quo
1468 560 1534 625 sub
1554 576 1616 625 au·

388 667 549 725 tumnum
568 658 606 725 Ρ.
627 659 701 725 Leo
722 660 898 745 Enriquez
918 662 1074 729 Eboram
1091 665 1284 756 translatus
1302 675 1373 747 est,
1393 676 1429 732 et
1447 667 1486 732 P.
1502 666 1616 733 Geor·

386 768 467 849 gius
481 766 607 849 Rigius
621 768 964 839 conimbricensibus
973 770 1188 853 praefectus.

711 1091 776 1157 DE
796 1090 1032 1160 COLLEGIO
1052 1088 1282 1159 EBORENSI
1309 1111 1312 1120 ⁴
1388 1149 1395 1159 .

443 1413 535 1479 3122.
577 1414 682 1480 Initio
697 1413 801 1497 hujus
816 1417 900 1481 anni
915 1425 1081 1498 praeerat
1095 1416 1239 1497 nostris,
1254 1416 1396 1482 Eborac
1410 1416 1612 1498 agentibus,

384 1520 423 1587 P.
440 1520 624 1587 Cornelius
640 1521 668 1587 ¹:
682 1540 851 1593 numerus
862 1533 982 1589 autem
996 1532 1200 1591 nostrorum
1214 1533 1343 1590 auctus
1357 1532 1413 1589 est
1428 1525 1497 1589 hoc
1507 1540 1612 1600 anno,

383 1630 704 1712 comprobationis
723 1630 850 1699 domus
869 1632 905 1695 in
926 1631 1276 1731 eisbhabitationibus
1295 1631 1405 1697 fuerit
1426 1633 1611 1710 collocata,

383 1753 490 1817 quam
514 1735 635 1802 Infans
658 1735 860 1803 Cardinalis
888 1738 926 1803 in
954 1738 1181 1805 sacerdotum
1210 1756 1314 1803 usum
1343 1747 1553 1820 paraverat,
1578 1746 1614 1803 et

381 1860 503 1909 mense
515 1844 686 1929 Januario
698 1843 801 1927 hujus
812 1847 909 1926 anni,
922 1844 1047 1911 eodem
1057 1862 1272 1912 consensum
1283 1846 1615 1929 praebente,nostri

382 1952 516 2018 tirones
530 1952 568 2017 in
581 1970 662 2017 eam
675 1952 819 2018 domum
833 1954 1130 2034 commigrarunt,
1151 1961 1188 2018 et
1209 1954 1258 2018 ita
1272 1970 1443 2019 numerus
1457 1953 1614 2019 omnium

382 2056 428 2124 ad
441 2058 590 2140 triginta
604 2060 772 2141 accessit,
788 2069 823 2126 et
837 2060 925 2125 satis
939 2076 1073 2141 magna
1088 2078 1170 2126 cum
1188 2060 1376 2127 alacritate
1395 2061 1433 2126 in
1447 2061 1612 2126 observa·

382 2166 477 2231 tione
491 2167 606 2231 nostri
619 2166 773 2233 instituti
787 2168 992 2249 collegiales
1005 2166 1260 2249 procedebant.

441 2272 533 2337 3123.
576 2272 658 2339 Duo
673 2274 935 2354 adolescentes,
956 2274 1016 2357 qui
1034 2292 1129 2339 anno
1148 2274 1322 2356 superiori
1341 2276 1379 2339 in
1397 2272 1610 2341 Societatem

380 2398 445 2463 per
458 2380 729 2463 permissionem
742 2380 885 2447 fuerunt
899 2380 1057 2461 admissi,
1073 2382 1217 2447 ineunte
1231 2382 1300 2447 hoc
1316 2399 1411 2448 anno
1426 2383 1562 2463 recepti
1574 2390 1609 2449 et

381 2487 647 2554 Conimbricam
665 2488 877 2555 missisunt.
898 2488 1002 2553 Alius
1023 2488 1169 2571 quidam
1187 2489 1363 2571 exprime
1378 2490 1506 2570 classe,
1527 2505 1609 2555 cum

379 2595 596 2662 Societatem
610 2595 749 2678 ingredi
762 2596 993 2661 vehementer
1006 2603 1164 2679 cuperet,
1176 2614 1249 2661 non
1262 2598 1380 2662 solum
1392 2615 1416 2661 a
1429 2606 1531 2679 patre
1544 2612 1609 2661 suo

378 2705 444 2770 fuit
455 2705 669 2788 prohibitus
686 2704 749 2770 sed
763 2705 871 2769 etiam
883 2722 904 2768 a
916 2703 1044 2770 studiis
1054 2703 1241 2784 abductus,
1254 2722 1299 2770 ne
1309 2703 1387 2787 ejus
1397 2705 1537 2771 animus
1547 2703 1609 2772 So·

379 2813 501 2878 cietati
515 2821 660 2878 nostrae
675 2811 885 2892 afficeretur,
898 2829 981 2877 cum
995 2830 1066 2894 qua
1080 2830 1126 2878 ne
1139 2814 1434 2878 consuetudinem
1450 2811 1608 2893 haberet,

379 2931 433 2986 est
448 2919 666 3000 admonitus;
684 2930 720 2984 at
735 2920 954 2986 adolescenti
968 2929 1176 3002 pergratum
1189 2921 1226 2985 id
1240 2921 1389 2987 accidit:
1406 2937 1488 2986 cum
1502 2921 1609 3000 enim,

379 3028 491 3094 invito
507 3037 625 3111 patre,
642 3025 781 3092 admitti
799 3045 871 3092 non
891 3037 1011 3109 posset
1031 3027 1200 3110 quamdiu
1219 3029 1361 3093 scholas
1379 3037 1522 3093 nostras
1541 3027 1607 3092 fre·

378 3145 578 3218 quentaret,
593 3135 761 3216 sperabat
775 3151 814 3199 se
823 3134 1021 3200 faciliorem
1032 3135 1180 3217 aditum,
1194 3135 1303 3201 etiam
1313 3135 1391 3202 sine
1401 3135 1516 3218 patris
1526 3153 1609 3200 con-

377 3260 498 3324 sensu,
514 3259 592 3307 esse
607 3241 824 3307 habiturum.

437 3349 529 3414 3124.
573 3347 740 3431 EJusdem
754 3348 898 3414 scholae
918 3348 1062 3430 quidam
1082 3348 1187 3415 valde
1209 3349 1357 3414 idoneus
1376 3348 1553 3414 admissus
1572 3357 1608 3413 et

376 3457 516 3524 Eborac
530 3465 690 3522 retentus
704 3465 769 3535 est;
782 3455 873 3522 alius
887 3456 996 3521 etiam
1010 3456 1057 3521 ad
1071 3455 1106 3521 id
1121 3455 1328 3522 facultatem
1342 3475 1364 3522 a
1378 3473 1445 3522 suo
1456 3465 1605 3538 parente

374 3574 429 3630 est
448 3572 673 3645 consecutus3
693 3581 785 3630 unus
806 3565 915 3628 etiam
934 3582 981 3629 ex
1004 3564 1262 3645 sacerdotibus,
1284 3550 1344 3647 qui
1366 3564 1605 3629 conscientiae

375 3673 518 3738 casibus
536 3672 740 3752 studebant,
761 3689 988 3752 summopere
1013 3671 1060 3738 ad
1083 3672 1298 3737 Societatem
1322 3689 1535 3754 propensus,
1556 3672 1604 3735 in·

374 3797 551 3862 gressum,
580 3779 626 3844 ad
649 3780 824 3860 quaedam
845 3781 992 3860 negotia
1012 3781 1111 3862 prius
1133 3779 1377 3860 transigenda,
1401 3779 1605 3861 aliquandiu

374 3888 519 3954 distulit.
535 3887 591 3952 Ex
607 3887 687 3953 aliis
701 3887 737 3952 id
752 3887 953 3969 petentibus
967 3887 1204 3967 scholasticis,
1217 3897 1252 3952 et
1265 3886 1406 3969 quidem
1422 3903 1468 3951 ex
1482 3885 1606 3968 primis

375 3996 562 4076 classibus
592 3995 737 4077 quidam
764 3993 912 4060 admissi
938 4003 1038 4074 sunt;
1064 3994 1126 4058 alii
1150 4005 1341 4076 expectare
1365 3991 1468 4074 iussi,
1497 3992 1605 4056 etita

374 4105 501 4169 domus
514 4101 736 4185 probationis
755 4119 873 4166 vacua
892 4118 964 4165 non
984 4099 1060 4166 fuit.
1081 4101 1153 4166 Alii
1173 4101 1218 4166 ad
1237 4101 1327 4165 alias
1349 4101 1540 4180 religiones
1560 4117 1605 4163 ex

373 4210 508 4276 eisdem
522 4210 655 4275 nostris
669 4207 802 4274 scholis
816 4226 855 4272 se
870 4208 1107 4272 contulerunt.

435 4317 528 4382 3125.
571 4317 781 4397 conciones,
804 4315 948 4396 quaein
968 4316 1099 4395 templo
1118 4324 1242 4380 nostro
1263 4314 1427 4380 eborensi
1445 4313 1489 4379 de
1512 4313 1603 4378 chri·

417 4596 427 4630 ¹
456 4595 484 4641 P.
496 4595 631 4640 Cornelius
642 4593 745 4640 Gomes.
761 4592 828 4640 Vide
845 4591 968 4637 Litterae
982 4591 1213 4646 Quadrtmrstres,
1223 4597 1243 4637 t.
1258 4601 1296 4646 rr,
1311 4602 1373 4647 pag.
1389 4590 1429 4635 15³
1444 4595 1470 4636 et
1484 4589 1533 4644 2713
1547 4601 1604 4646 spe·

376 4673 450 4714 ctsut
461 4668 540 4712 etlam
551 4667 584 4711 ad
595 4668 662 4711 bunc
673 4677 767 4711 annum
777 4676 842 4720 quae
854 4665 984 4709 habentur
995 4663 1116 4710 Litterae
1125 4663 1356 4718 Quaartmestm,
1364 4673 1426 4718 pag.
1436 4661 1477 4707 ul
1486 4666 1513 4706 et
1523 4661 1571 4708 ⁵1¹1.
