3642 5350
340 417 396 483 252
494 475 496 478 .
799 416 929 482 Castora.
947 416 1024 482 Soc.
1045 418 1115 496 Jas.

343 570 439 651 Mag.
465 567 681 635 Franciscus
707 567 717 601 ¹
740 568 1001 647 detrimentum,
1031 568 1124 648 quod
1148 567 1291 633 scholae
1315 566 1389 649 pati
1417 566 1595 633 aliorum·

341 678 503 743 absentia
532 686 742 759 potuerant,
769 676 1031 757 instaurarunt;
1060 685 1094 740 et
1122 676 1221 740 multi
1246 693 1291 739 ex
1315 674 1566 740 eruditioribus

339 784 568 851 scholasticis
582 786 628 849 ad
644 782 860 849 Societatem
879 784 1016 848 admitti
1038 801 1076 847 se
1097 782 1332 865 postulabant.
1356 783 1401 848 Et
1420 782 1470 847 ita
1491 800 1564 847 cre·

339 896 404 959 bro
424 892 616 958 admodum
636 891 893 972 descriptiones
914 890 1112 972 hujusmodi
1130 890 1300 971 juvenum
1318 889 1468 955 Romam
1488 889 1564 955 init·

340 1002 523 1081 tebantur3
540 1000 703 1082 quamvis
718 1016 784 1063 nec
799 1014 920 1063 omnes
934 1016 999 1062 nec
1015 1000 1136 1063 statim
1156 980 1443 1063 admittebantur.

401 1106 473 1172 968.
516 1107 647 1172 Missus
666 1115 785 1171 autem
804 1106 870 1169 fuit
889 1105 1040 1170 Romam
1062 1106 1204 1188 quidam
1224 1106 1403 1186 sacerdos
1424 1106 1566 1170 nomine

342 1214 547 1280 Bonifacius
562 1212 586 1295 ¹,
603 1212 769 1278 eumalio
785 1210 927 1293 juvene,
944 1230 1047 1293 quem
1062 1211 1263 1294 Scipionem
1282 1211 1326 1276 de
1344 1212 1486 1276 Barleta
1505 1228 1565 1275 vo·

342 1322 482 1387 cabant.

402 1429 473 1493 969.
516 1429 647 1494 Missus
662 1428 770 1493 etiam
784 1427 849 1491 fuit
864 1427 1009 1509 quidam
1023 1425 1198 1495 Sanchius
1213 1427 1331 1506 Cocci,
1345 1426 1419 1509 jam
1433 1428 1501 1508 vir,
1523 1428 1568 1491 ad

340 1539 470 1603 multas
495 1554 553 1601 res
577 1537 739 1615 idoneuS,
756 1553 838 1601 cum
861 1553 931 1617 quo
954 1535 1248 1600 Bartholomaeus
1262 1533 1509 1617 Sguarcialupi
1524 1553 1568 1599 ex

341 1645 473 1726 oppido
501 1644 610 1723 Colle,
644 1645 681 1709 in
706 1643 892 1723 Hetruria,
917 1644 1031 1723 venit,
1061 1652 1096 1707 et
1113 1652 1262 1723 uterque
1282 1641 1416 1707 Romae
1436 1642 1565 1707 admis-

342 1752 412 1817 sus'
420 1762 483 1817 est.
1527 1802 1529 1808 .

401 1860 474 1923 970.
516 1858 625 1924 Venit
646 1869 680 1924 et
700 1859 871 1924 Horatius
890 1858 1040 1929 Gentilis
1060 1859 1163 1924 simul
1189 1876 1270 1923 cum
1293 1858 1430 1943 Joanne
1455 1856 1566 1923 Paulo

345 1966 540 2046 Mirabello,
557 1984 599 2031 ac
614 1966 817 2032 Innocentio
832 1966 1019 2048 Spatafora
1037 1966 1198 2048 superius
1209 1965 1399 2031 nominatis
1411 1964 1434 2045 ⁸,
1448 1982 1568 2047 quam·

345 2075 401 2140 vis
413 2074 507 2140 enim
517 2074 722 2156 aliquandiu
732 2073 902 2139 Horatius
913 2074 950 2137 in
961 2073 1120 2154 Collegio
1131 2072 1365 2154 Neapolitano
1377 2072 1453 2148 fuit,
1467 2082 1568 2154 pater

341 2182 429 2263 ejus,
445 2182 506 2264 qui
519 2182 678 2247 medicus
692 2192 769 2246 erat
784 2180 961 2261 Principis
976 2180 1169 2260 Artigliani
1182 2177 1210 2260 ⁴,
1232 2181 1342 2245 miras
1361 2180 1484 2245 turbas
1503 2198 1567 2244 ex-

342 2291 474 2356 citabat
489 2299 527 2354 ut
541 2306 622 2353 eum
638 2306 659 2353 a
674 2287 852 2353 Societate
873 2287 1054 2367 avelleret,
1072 2297 1107 2352 et
1123 2304 1264 2353 omnem
1285 2287 1331 2353 ad
1350 2286 1386 2353 id
1405 2287 1569 2352 movebat

346 2396 510 2479 lapidem.

405 2506 478 2570 971.
521 2504 618 2569 Misit
632 2521 720 2585 ergo
739 2504 943 2587 praedictus
962 2503 1132 2584 Princeps
1151 2502 1340 2584 quemdam
1356 2520 1401 2567 ex
1414 2503 1499 2582 suis,
1515 2520 1572 2584 pe·

343 2622 469 2680 tensa
494 2613 646 2679 Rectore
677 2622 715 2678 ut
740 2612 952 2677 concederet
980 2611 1185 2676 facultatem
1205 2612 1299 2693 patri
1313 2610 1453 2676 Horatii
1468 2628 1571 2676 suum

344 2722 454 2786 filium
469 2721 682 2803 alloquendi.
698 2721 788 2786 Cum
803 2719 839 2784 id
853 2728 1012 2800 negaret,
1035 2719 1128 2783 misit
1150 2719 1336 2784 Vicarium
1355 2719 1367 2752 ⁸
1385 2719 1570 2800 Archiepi·

382 2893 392 2924 ¹
420 2890 488 2936 Vide
499 2897 587 2935 annot.
598 2903 652 2947 seq.

382 2961 396 2994 ¹
421 2963 579 3017 Autaliqnls
588 2963 631 3007 hle
641 2963 707 3008 latet
719 2974 802 3017 error,
812 2969 858 3006 aut
868 2962 917 3007 duo
933 2963 1003 3006 fuere
1019 2963 1108 3006 codem
1122 2967 1237 3017 tempore
1253 2964 1392 3018 eodemque
1409 2963 1511 3007 nomine
1521 2961 1570 3006 Bo·

342 3033 442 3088 nsJacii
448 3035 607 3081 sacerdotes.
615 3046 681 3079 unus
691 3035 734 3091 qui
744 3034 853 3088 Neapoli
864 3033 981 3085 Romam.
989 3035 1058 3078 aiter
1067 3036 1110 3089 qut
1120 3035 1201 3079 Roma
1208 3034 1344 3090 Neapolim
1352 3035 1445 3080 missus
1452 3034 1572 3080 esr.scrl-

340 3106 379 3150 bit
386 3105 462 3159 enlm,
472 3117 505 3150 ex
515 3118 591 3156 corn..
601 3106 729 3150 Polancus
739 3106 910 3161 Neapolitano
921 3105 1035 3150 Hectori:
1045 3105 1089 3150 “L’
1100 3107 1267 3160 apportatorl
1277 3106 1302 3151 dl
1310 3113 1403 3161 questa
1411 3117 1472 3150 sono
1480 3107 1571 3162 cinque

342 3165 426 3221 nostrl
436 3177 542 3227 fretella
551 3189 602 3221 uno
612 3176 639 3221 dl
650 3178 704 3222 loro
715 3181 728 3221 e
740 3178 885 3231 sacerdote,
898 3177 1030 3222 chlamato
1045 3175 1102 3220 Don
1116 3175 1258 3230 Bonifaclo,
1269 3178 1286 3222 il
1300 3178 1359 3232 qual
1368 3180 1453 3233 potra,
1467 3179 1536 3222 oltra
1546 3177 1572 3221 la

342 3245 437 3303 Nessa,
447 3249 605 3302 salutarem
616 3248 770 3293 confessioni
781 3258 808 3292 et
818 3249 843 3292 ln
853 3260 905 3293 una
915 3250 985 3293 cisse
999 3251 1086 3299 bassa,
1095 3259 1123 3292 se
1140 3248 1209 3292 fusse
1223 3249 1379 3304 necessario,
1395 3255 1421 3294 et
1436 3251 1571 3296 attendere

343 3320 397 3364 allo
406 3321 492 3364 studio
502 3321 561 3364 dell’
571 3320 707 3364 hnmanlti
717 3352 730 3374 „
739 3321 753 3363 9
763 3321 776 3345 ⁸
786 3321 1041 3374 Aprilis-Quatuor
1051 3320 1104 3372 alil,
1118 3331 1176 3364 cum
1192 3320 1241 3364 hoc
1255 3319 1389 3366 Bonifacio
1404 3321 1485 3375 missi,
1495 3327 1569 3365 eruut

343 3389 438 3445 Joseplt
451 3390 593 3443 Fabricius,
606 3390 627 3434 F
629 3394 761 3435 rauciacus
777 3391 911 3444 Hercules,
926 3391 1038 3442 Jounnea
1054 3391 1174 3446 Baptista
1190 3392 1221 3435 dc
1238 3390 1344 3436 Blaucltl
1355 3397 1382 3434 et
1393 3390 1521 3436 Antonius
1530 3403 1574 3446 pa·

343 3463 442 3508 duanus
450 3465 493 3507 vel
503 3464 650 3517 patavinus.
662 3462 736 3516 lora,
747 3463 898 3516 ibid.-Jam
910 3474 973 3507 vero
988 3461 1134 3507 bonifacius
1150 3463 1202 3515 llle,
1217 3463 1261 3518 qui
1271 3463 1379 3518 Neapoli
1394 3463 1502 3508 Romans
1515 3464 1574 3509 suls·

344 3546 388 3579 sus
398 3543 446 3589 cst,
457 3536 543 3579 altero
554 3542 691 3590 postquam
707 3536 814 3579 advenit
831 3537 871 3579 dio
888 3535 1009 3579 dimissus
1024 3542 1072 3580 cst.
1087 3533 1196 3579 “Gloriae
1210 3535 1267 3580 Don
1284 3534 1416 3580 Bonifaclo
1430 3545 1456 3580 et
1467 3536 1486 3580 il
1496 3536 1522 3580 dl
1536 3546 1574 3578 sc·

346 3615 442 3660 ruente
452 3617 499 3662 per
509 3615 581 3651 certe
597 3618 675 3650 causo
691 3618 719 3651 se
730 3607 773 3651 lle
789 3607 852 3651 data
867 3607 975 3652 licenza.
991 3606 1109 3661 Scipione
1125 3607 1149 3650 dl
1166 3607 1285 3651 Barletta
1300 3615 1342 3651 sta
1357 3607 1381 3651 ln
1397 3606 1573 3662 probstlonee

344 3688 408 3733 pare
425 3680 493 3723 buon
507 3685 638 3732 suggesto.
653 3675 675 3722 ll
690 3689 737 3722 suo
753 3689 897 3733 conspuano
911 3685 990 3722 stette
1004 3689 1055 3722 una
1069 3685 1141 3723 notte
1152 3680 1177 3722 in
1188 3688 1258 3732 casa,
1272 3686 1297 3723 et
1306 3679 1325 3723 il
1335 3678 1362 3722 dl
1371 3685 1494 3734 sequente
1508 3679 1574 3732 dopo

345 3752 487 3807 manalare,
498 3763 526 3796 so
535 3753 559 3796 n’
568 3752 636 3797 ando
646 3763 662 3796 a
673 3751 768 3797 visitat
778 3753 820 3797 un’
829 3752 898 3795 altro
908 3753 1011 3802 abbate.
1024 3752 1173 3795 montranda
1185 3762 1236 3795 non
1246 3762 1311 3796 aver
1321 3753 1456 3797 risolutlon
1470 3752 1492 3796 d'
1503 3761 1574 3796 esser

344 3823 475 3877 religioso,
486 3824 504 3868 ll
514 3825 563 3868 cire
571 3824 614 3868 dal
625 3823 751 3878 principio
760 3823 782 3867 si
793 3834 840 3868 era
849 3829 987 3867 osservato
998 3823 1023 3868 in
1034 3823 1092 3878 lui„
1101 3822 1180 3879 Idem,
1192 3823 1284 3877 eidem,
1294 3823 1330 3868 2⁸
1340 3822 1417 3876 Junll.

385 3896 397 3929 ⁸
424 3896 488 3952 ear.
498 3897 547 3950 213,
557 3908 581 3941 n.
591 3897 639 3942 927.

388 3969 398 4003 ⁸
427 3968 478 4014 Sic.

384 4037 396 4071 ⁸
426 4039 475 4084 Hic
493 4039 623 4094 vicarius,
639 4040 670 4084 de
685 4053 736 4095 quo
750 4041 841 4086 statim
855 4041 968 4086 iteratur
982 4051 1074 4088 sermo.
1083 4047 1110 4084 et
1121 4041 1197 4094 infra,
1208 4053 1232 4085 n.
1244 4039 1422 4094 1025‚vocatur
1431 4039 1575 4095 Episcopus

347 4111 488 4163 Vestsnus.
497 4121 538 4157 est
546 4112 590 4156 Fr.
600 4112 684 4166 Jullus
694 4113 821 4158 Pavcslus
831 4113 981 4163 Brixianam,
992 4112 1053 4158 Ord.
1065 4113 1156 4158 Praed.
1168 4112 1264 4157 Creato
1279 4112 1346 4157 enlm
1361 4111 1484 4156 Pontifice
1494 4111 1575 4156 Nasi-

346 4195 388 4228 nso
399 4183 481 4229 Paulo
492 4183 537 4239 111,
548 4185 592 4239 qul
602 4183 803 4238 Neapolitanam
813 4185 906 4229 sedem
916 4186 1032 4238 regebat.
1044 4197 1101 4228 cum
1111 4187 1144 4228 ab
1156 4197 1186 4228 eo
1197 4184 1396 4239 “requireretun
1405 4189 1433 4227 ut
1441 4182 1577 4228 Ecclesiae

347 4255 536 4310 Neapolitanae
551 4255 702 4300 Praetulem
715 4257 799 4308 daret,
819 4255 952 4310 respondit
966 4267 1021 4300 nou
1036 4266 1133 4300 vacare
1149 4255 1295 4300 Ecclesiam
1305 4267 1332 4300 sc
1351 4255 1406 4309 ipso
1417 4255 1531 4298 virente:
1548 4265 1576 4299 se

350 4329 443 4371 nedum
454 4328 620 4378 universalis,
630 4327 675 4372 sed
686 4335 713 4372 et
722 4339 784 4372 suae
796 4327 964 4382 particularis
976 4327 1163 4383 Neapolitanae
1172 4327 1330 4381 Episcopum
1345 4337 1411 4370 essu.
1421 4325 1504 4379 Julius
1513 4338 1577 4371 vero

348 4398 483 4452 Pavcsius,
492 4399 606 4454 ejusdem
617 4398 749 4443 Pontificio
756 4400 782 4444 ln
793 4399 842 4442 hac
856 4398 974 4444 Ecclesia
985 4399 1199 4449 Administrator,
1210 4399 1236 4441 in
1246 4399 1302 4453 ejus
1312 4399 1379 4442 sctis
1389 4397 1437 4441 hoc
1452 4399 1527 4442 modo
1538 4409 1577 4442 re·

347 4470 446 4525 peritur
458 4469 606 4524 inscriptus:
617 4469 700 4523 Julius
710 4469 845 4520 Pavesius,
853 4471 998 4525 Episcopus
1006 4471 1146 4522 Vestanus,
1154 4470 1179 4513 S.
1187 4469 1218 4514 D.
1226 4469 1257 4513 N.
1266 4469 1353 4524 Papae
1364 4469 1390 4513 ln
1399 4469 1576 4524 Archleplsco·

347 4549 410 4597 patu
426 4541 599 4597 Neapolitano
614 4543 639 4585 in
651 4542 831 4596 spiritualibus
846 4552 872 4586 et
888 4543 1074 4598 temporalibus
1090 4541 1219 4596 Vlcarius,
1237 4549 1264 4586 et
1279 4540 1404 4586 officialis
1418 4540 1576 4594 Generalis,

347 4612 473 4666 [luascu.
484 4612 569 4658 Italia
579 4612 672 4664 Sacra,
682 4621 703 4658 t.
713 4623 750 4669 vt,
760 4616 808 4658 col.
819 4614 866 4659 156.
875 4612 1084 4658 Surrentinomm
1095 4613 1314 4670 Arclslepiscopus
1324 4612 1490 4658 renunciatus
1500 4618 1540 4658 cst
1550 4613 1577 4657 211

347 4686 408 4740 Julil
422 4685 578 4732 lma-vide
587 4696 676 4740 supra,
687 4691 706 4730 t.
716 4697 741 4740 u,
753 4696 814 4742 pag.
826 4685 871 4740 179,
880 4695 905 4728 n.
915 4684 963 4742 otu,
974 4693 1062 4731 annot.
1073 4685 1093 4730 2.
