3642 5350
335 390 390 452 656
793 385 922 448 Canon.
941 385 1019 450 Soc.
1039 387 1108 462 Jns.

336 546 513 614 catorum,
535 534 614 614 sed,
630 535 770 598 nemine
784 543 987 598 nostrorum
1002 533 1037 598 id
1052 535 1203 612 sciente,
1225 551 1347 598 coram
1366 535 1505 598 notario
1526 549 1565 596 se

337 645 382 710 ad
397 659 572 720 summam
587 643 684 706 illam
697 641 847 722 singulis
862 642 965 706 annis
980 641 1188 706 solvendam
1203 642 1392 722 obligavit;
1409 641 1470 706 sed
1485 659 1563 722 pro·

336 761 415 834 pter
428 749 694 832 impedimenta,
711 767 802 830 quae
821 748 1043 828 acciderunt,
1061 750 1107 813 ad
1121 750 1367 814 executionem
1380 767 1439 813 res
1457 747 1561 813 dedu·

337 870 394 925 cta
409 876 480 924 non
495 867 560 922 est.

396 967 487 1031 2819.
530 965 619 1030 Cum
643 965 811 1028 nuncium
835 964 952 1028 obitus
975 963 1014 1027 P.
1041 964 1169 1044 Ignatii
1194 963 1240 1030 ad
1265 965 1303 1028 P.
1329 965 1560 1030 Franciscum

336 1074 508 1156 pervenit,
525 1073 689 1154 quamvis
702 1081 822 1136 tenere
842 1069 918 1151 ejus
938 1072 1136 1136 absentiam
1154 1074 1321 1152 senserit,
1343 1073 1492 1137 solidam
1510 1081 1558 1134 ta·

337 1199 418 1246 men
433 1177 580 1262 [habuit]
596 1179 875 1244 consolationem
886 1195 968 1243 cum
980 1196 1042 1260 spe
1055 1180 1176 1244 auxilii
1187 1181 1392 1245 uberiorisa
1408 1179 1485 1244 Deo
1499 1195 1562 1260 per

336 1289 499 1353 eumdem
513 1287 654 1352 Patrem
669 1286 866 1366 obtinendi,
883 1296 918 1350 et
933 1285 976 1350 de
991 1288 1163 1352 electione
1178 1287 1216 1351 P.
1238 1287 1383 1369 Laynez
1403 1286 1437 1352 in
1457 1286 1562 1351 Vica-

338 1397 430 1460 rium
444 1396 597 1458 laetatus
611 1403 676 1458 est.

397 1501 490 1566 2820.
532 1500 683 1581 Quidam
708 1511 828 1564 autem
853 1519 898 1564 ex
922 1501 1072 1580 nostris,
1099 1504 1158 1583 qui
1182 1501 1403 1568 familiariter
1421 1519 1502 1566 cum
1521 1519 1563 1565 eo

339 1611 479 1691 agebat,
495 1608 646 1673 Romam
660 1607 803 1689 scripsit
817 1609 1060 1672 necessarium
1073 1608 1141 1673 sibi
1156 1610 1269 1674 videri
1283 1619 1321 1674 ut
1339 1609 1437 1674 Patri
1454 1609 1561 1673 Fran·

339 1719 435 1783 cisco
450 1716 611 1798 corporis
625 1716 814 1795 castigatio
830 1715 1087 1796 prohiberetur;
1102 1734 1186 1780 nam
1200 1717 1563 1799 praeterquamquod

339 1828 375 1890 in
398 1826 494 1889 victu
513 1823 722 1888 subtrahere
741 1823 881 1902 corpori
900 1823 1104 1888 necessaria
1126 1823 1330 1906 videbatur,
1356 1825 1481 1889 crebro
1503 1824 1561 1888 ad·

339 1934 482 1997 modum
493 1931 643 2011 flagellis
654 1946 784 2011 corpus
796 1929 985 2009 affligebat.
996 1931 1082 1996 Erat
1094 1933 1308 1995 collateralis
1319 1933 1329 1996 i
1333 1933 1429 2014 psius
1440 1931 1478 1995 P.
1493 1932 1561 1996 An·

337 2026 455 2103 tonius
468 2038 512 2102 de
526 2038 703 2116 Cordoba‚
717 2038 882 2117 quamvis
893 2037 967 2102 lere
979 2038 1108 2102 absens
1120 2049 1208 2119 erat,
1222 2049 1256 2102 et
1271 2039 1351 2104 ideo
1362 2039 1505 2103 liberari
1518 2040 1562 2102 ab

338 2146 539 2227 hujusmodi
558 2144 671 2209 officio
692 2145 868 2225 cupiebat.
893 2144 1002 2209 Notat
1022 2154 1140 2210 autem
1161 2148 1218 2211 ille
1240 2147 1435 2225 remissius,
1456 2163 1560 2227 quam

338 2271 402 2336 par
417 2261 523 2334 esset,
539 2252 756 2333 Regularum
772 2260 807 2316 et
821 2249 974 2316 instituti
990 2255 1276 2318 observationem
1292 2255 1326 2319 in
1339 2253 1408 2318 illis
1418 2253 1561 2317 Provin-

337 2362 402 2426 ciis
416 2362 524 2442 exigi;
540 2371 574 2425 et
588 2361 634 2424 ad
648 2360 683 2423 id
698 2359 950 2440 corrigendum
965 2361 1084 2440 potius
1099 2379 1205 2443 quam
1222 2363 1268 2427 ad
1281 2362 1477 2441 Collegium
1497 2361 1562 2426 Ro·

339 2487 483 2535 manum
501 2468 697 2550 juvandum
716 2485 861 2548 operam
880 2467 919 2531 P.
940 2465 1079 2532 Natalis
1099 2469 1134 2533 in
1154 2469 1328 2552 Hispania
1349 2471 1469 2534 utilem
1488 2469 1564 2533 lore

339 2578 518 2644 censebat.

398 2685 489 2751 2821.
533 2685 587 2749 De
600 2684 815 2749 Provinciali
830 2686 938 2748 etiam
953 2684 1072 2749 Araoz
1087 2686 1209 2751 scribit
1224 2704 1262 2751 se
1282 2685 1562 2753 emendationem
1621 2698 1629 2715 ·

339 2812 497 2877 sperare,
513 2793 607 2875 quod
622 2792 748 2856 attinet
761 2792 807 2854 ad
823 2792 1027 2871 diligentem
1042 2794 1096 2857 sui
1112 2792 1215 2857 officii
1230 2794 1463 2874 functionem
1481 2812 1563 2859 nam

338 2903 376 2967 P.
392 2894 607 2967 Franciscus
620 2899 655 2962 id
670 2900 721 2963 illi
735 2900 1060 2980 commendaverat,
1076 2902 1136 2982 qui
1151 2912 1255 2966 antea
1276 2903 1462 2967 videbatur
1481 2902 1562 2967 Pro·

338 3009 544 3074 vincialium
571 3005 744 3088 quaedam
774 3004 888 3069 officia
916 3024 980 3088 per
1008 3025 1046 3071 se
1078 3009 1194 3089 ipsum
1225 3028 1411 3090 exercere,
1446 3018 1481 3075 et
1515 3010 1564 3074 ita

339 3117 377 3180 P.
395 3116 514 3180 Araoz
528 3114 644 3179 minus
658 3113 846 3191 diligenter
859 3116 1012 3195 propriis
1027 3116 1101 3180 suis
1116 3116 1354 3181 functionibus
1365 3118 1473 3181 dabat
1485 3134 1563 3197 ope·

338 3241 416 3288 ram
430 3223 523 3303 quod
539 3239 560 3285 a
578 3220 614 3283 P.
634 3220 828 3285 Francisco
840 3240 919 3286 eam
931 3222 1009 3287 dari
1023 3224 1254 3303 existimaret;
1267 3225 1324 3288 ille
1338 3233 1467 3305 tamen,
1484 3226 1566 3290 licet

337 3340 477 3411 tempus
490 3328 690 3409 hujusmodi
705 3329 996 3409 occupationibus
1011 3331 1153 3412 aliquod
1166 3332 1384 3411 impenderet
1396 3331 1564 3412 quotidie,

339 3437 492 3501 orationi
504 3436 732 3499 nihilominus
753 3453 796 3499 ac
818 3437 960 3500 lectioni
983 3439 1240 3519 scripturarum
1259 3439 1363 3503 valde
1378 3448 1455 3503 erat
1470 3439 1565 3503 addi·

339 3553 428 3624 ctus
445 3554 479 3609 et
494 3546 542 3607 ita
557 3542 596 3607 P.
613 3543 770 3607 Antonio
783 3541 792 3575 “
805 3544 993 3609 videbatur
1008 3546 1123 3611 minus
1137 3548 1291 3627 negotiis
1307 3548 1421 3628 ipsum
1433 3564 1566 3612 vacare

339 3670 445 3735 quam
461 3669 502 3716 ea
518 3652 751 3731 postularent.

398 3758 490 3823 2822.
533 3758 591 3821 Ab
605 3758 761 3821 externis
780 3758 888 3822 etiam
909 3760 1125 3839 gravissima
1147 3772 1180 3825 et
1202 3764 1352 3843 plurima
1371 3764 1513 3843 negotia
1534 3764 1566 3827 ei

338 3866 660 3944 committebantur,
678 3874 715 3928 ut
730 3882 772 3927 eo
788 3866 905 3929 minus
920 3864 1109 3931 Societatis
1123 3870 1276 3948 negotiis
1293 3888 1423 3934 vacare
1434 3881 1565 3951 posset;

339 3984 375 4038 et
389 3973 470 4055 quia
486 3971 661 4036 neminem
677 3971 771 4053 apud
786 3989 825 4035 se
840 3991 881 4037 eo
901 3974 1035 4039 talento
1055 3976 1254 4056 praeditum
1276 3978 1441 4059 babebat,
1464 3988 1502 4041 ut
1522 3978 1568 4042 ab

339 4099 381 4145 eo
392 4079 512 4162 juvari
527 4080 562 4143 in
577 4079 838 4159 gubernatione
859 4092 996 4161 posset,
1020 4082 1098 4147 ideo
1121 4085 1288 4166 expedire
1309 4086 1425 4150 visum
1446 4093 1511 4167 est,
1531 4095 1568 4148 ut

339 4186 378 4251 Ρ.
393 4188 592 4270 Baptistam
609 4187 652 4251 de
668 4187 836 4251 Bormam
852 4186 1000 4269 Murcia,
1014 4198 1052 4253 ut
1067 4192 1230 4272 superius
1241 4192 1397 4257 diximus
1408 4192 1430 4273 ¹,
1444 4209 1568 4256 evoca·

339 4305 404 4376 ret,
422 4294 585 4377 quamvis
600 4292 611 4325 ³
627 4304 752 4375 postea
768 4312 848 4359 eum
863 4297 1043 4361 remittere
1059 4298 1190 4375 debuit;
1208 4307 1242 4363 et
1257 4316 1336 4363 cum
1349 4298 1453 4365 Pater
1465 4297 1570 4363 Nata·

379 4500 388 4534 ¹
419 4500 460 4546 Sc.
471 4500 501 4544 Ρ.
512 4500 625 4544 Antonio
636 4499 667 4543 de
679 4499 809 4545 Cordoba.

380 4573 391 4605 ¹
418 4573 512 4627 snpra,
523 4584 582 4627 pag.
591 4572 641 4625 553,
652 4584 676 4615 n.
689 4572 744 4615 2393
754 4579 781 4617 et
791 4584 852 4627 pag.
863 4572 911 4627 556,
922 4585 947 4617 ιι.
958 4574 1019 4618 2107.

382 4643 394 4677 ⁸
419 4643 647 4697 Μιιιᾳκαυιυις.
