3642 5350
327 405 384 466 580
787 409 915 470 Canon.
934 407 1010 470 Soc.
1029 407 1100 481 Jns.

330 551 485 616 stianam
498 551 699 616 doctrinam
714 554 923 634 explicaret3
940 555 1034 635 quod
1048 563 1122 618 tam
1136 552 1273 619 erudite
1283 561 1467 634 praestare
1481 569 1559 616 coe·

331 659 400 740 pit,
417 667 454 722 ut
468 658 576 723 etiam
591 658 659 723 viri
682 659 778 723 docti
795 662 944 726 multum
968 661 1049 726 inde
1068 661 1245 726 commodi
1259 667 1501 740 reportarent,
1523 668 1562 722 et

334 765 659 847 frequentissimum
674 767 863 832 illustrium
876 769 1036 833 virorum
1051 777 1086 832 et
1099 768 1332 833 foeminarum
1347 765 1561 830 auditorium

331 883 367 937 et
386 873 629 937 ministrorum
650 873 831 954 regiorum
850 875 1030 951 commoti,
1045 875 1093 940 ad
1105 872 1362 955 frequentanda
1376 873 1559 938 salutifera

332 989 557 1045 sacramenta
573 997 645 1042 non
660 998 786 1061 parum
800 982 935 1061 negotii
949 983 1081 1046 nostris
1094 980 1323 1046 confessariis
1340 979 1558 1044 exhiberent.

333 1086 424 1152 Cum
438 1097 555 1151 tamen
572 1087 742 1161 vacabat,
758 1099 793 1151 et
807 1089 1075 1169 aegrotantibus
1094 1089 1131 1152 in
1150 1089 1300 1169 privatis
1318 1086 1495 1166 domibus,
1512 1087 1559 1150 ad

330 1211 422 1276 quas
437 1193 690 1270 evocabuntur,
707 1205 742 1258 et
756 1196 968 1260 monialibus
983 1196 1018 1259 in
1033 1195 1257 1260 monasteriis
1270 1195 1426 1274 ipsarum
1437 1194 1559 1258 utilem

332 1301 466 1365 dabant
484 1317 647 1380 operam;
669 1302 761 1365 sicut
779 1302 887 1367 etiam
908 1303 1061 1367 detentis
1079 1303 1117 1365 in
1136 1301 1298 1365 custodia
1322 1302 1477 1382 publica,
1499 1302 1561 1383 qui

335 1406 455 1486 ludoS,
482 1408 721 1487 blasphemias
745 1420 780 1472 et
803 1409 874 1472 alia
897 1409 1115 1489 gravissima
1132 1408 1222 1472 vitia
1240 1408 1502 1489 relinquebant,
1524 1419 1561 1472 et

331 1531 413 1580 cum
426 1530 557 1594 magna
574 1513 808 1579 detestatione
827 1516 1097 1580 confitebantur.

392 1621 484 1685 2506.
527 1620 582 1686 De
598 1623 697 1700 regia
713 1622 830 1698 domo,
847 1624 943 1703 quod
954 1640 1048 1687 anno
1060 1623 1252 1704 praeterito
1262 1623 1444 1686 dicebatur
1456 1630 1478 1701 ¹,
1491 1623 1564 1687 hoc

332 1729 439 1792 etiam
457 1746 541 1792 vere
556 1728 626 1792 dici
641 1737 796 1809 poterat,
813 1731 958 1794 domum
972 1729 1156 1807 videlicet,
1173 1729 1357 1809 religionis
1371 1747 1450 1793 eam
1464 1730 1560 1795 vide·

330 1836 379 1916 ri,
396 1845 431 1899 et
445 1853 535 1910 non,
552 1843 590 1898 ut
605 1835 753 1914 assolet,
770 1836 941 1901 vanitatis
955 1853 999 1900 ac
1013 1836 1201 1916 superbiae
1219 1844 1326 1915 atque
1341 1837 1491 1900 aliorum
1509 1837 1562 1901 vi-

333 1943 463 2008 tiorum
478 1940 705 2006 domicilium.

391 2048 482 2112 2507.
525 2047 657 2113 Omnes
671 2058 789 2112 autem
800 2047 874 2112 fere
886 2048 1062 2130 Principis
1071 2050 1232 2132 Joannae
1243 2050 1379 2113 nobiles
1389 2050 1562 2129 virgines,

332 2164 366 2218 et
385 2155 477 2219 aliae
501 2156 666 2218 mulieres
685 2154 886 2234 frequenter
905 2156 1096 2220 admodum
1117 2155 1162 2218 ad
1187 2167 1311 2218 sancta
1336 2169 1561 2222 sacramenta

332 2262 505 2326 accedere
519 2263 728 2342 pergebant,
744 2270 779 2324 et
794 2279 874 2325 cum
888 2262 944 2326 bis
958 2273 1018 2326 aut
1036 2259 1143 2325 ter'in
1156 2261 1378 2327 hebdomada
1393 2262 1502 2343 aliqui
1514 2265 1561 2327 ad

333 2369 471 2450 regiam
490 2379 723 2446 vocarentur,
746 2367 990 2433 admirabilem
1009 2369 1105 2433 vitae
1126 2369 1333 2450 puritatem,
1357 2371 1564 2434 continuam

332 2476 494 2558 corporis
510 2476 794 2556 castigationem,
810 2477 934 2556 largas
948 2476 1139 2540 admodum
1157 2477 1418 2557 eleemosynas,
1435 2487 1471 2541 et
1485 2479 1561 2541 reli·

332 2600 423 2665 quas
438 2584 591 2647 virtutes
605 2582 734 2645 ibidem
749 2582 983 2646 mirabantur.
998 2583 1080 2664 Ipsa
1094 2592 1213 2647 autem
1227 2581 1396 2664 Princeps
1415 2600 1496 2648 cum
1508 2583 1560 2648 In·

332 2690 428 2756 fante
442 2689 589 2768 Car010,
611 2688 786 2770 Principis
807 2688 962 2771 Philippi
981 2689 1054 2754 filio
1075 2690 1197 2768 unico,
1219 2706 1388 2769 magnam
1411 2690 1565 2755 benevo-

330 2797 475 2861 lentiam
491 2813 578 2876 erga
593 2806 747 2873 nostroS,
764 2796 877 2875 largis
891 2796 1127 2877 eleemosynis
1138 2806 1174 2861 et
1189 2797 1268 2860 aliis
1279 2797 1392 2876 signis
1403 2798 1562 2861 ostende·

331 2904 428 2969 bant.
444 2902 514 2968 Sed
528 2920 595 2966 nec
611 2919 805 2983 pauperes,
822 2902 858 2967 in
879 2903 1112 2967 xenodochiis
1133 2911 1377 2983 aegrotantes,
1394 2903 1563 2968 oblivioni

334 3029 356 3074 a
371 3010 504 3074 nostris
520 3009 642 3074 traditi
655 3008 809 3088 suerunt,
825 3009 952 3073 crebro
978 3010 1073 3073 enim
1086 3009 1133 3074 ad
1147 3010 1227 3073 illos
1246 3009 1361 3073 nostri
1378 3010 1565 3075 mitteban-

331 3126 408 3197 tur,
435 3125 472 3179 ut
498 3133 560 3181 eos
585 3116 783 3192 erudirent,
811 3115 1054 3180 consessiones
1078 3134 1203 3180 eorum
1227 3116 1406 3197 audirent,
1432 3126 1468 3182 et
1492 3118 1562 3181 alia

332 3232 505 3287 consueta
520 3239 608 3301 erga
625 3222 721 3302 ipsos
736 3221 1004 3286 misericordiae
1019 3240 1127 3304 opera
1142 3232 1361 3288 exercerent.

392 3328 483 3395 2508.
527 3330 664 3394 Domus
690 3330 768 3411 ipsa
785 3330 837 3393 sic
852 3330 953 3394 initio
966 3327 1071 3409 huius
1086 3332 1169 3394 anni
1185 3330 1398 3395 concinnata
1419 3341 1508 3412 erat,
1525 3342 1567 3396 ut

332 3436 480 3515 triginta
495 3454 541 3500 ex
555 3436 686 3500 uostris
699 3454 771 3499 non
786 3436 1010 3500 incommode
1025 3445 1145 3517 posset
1159 3437 1342 3518 excipere;
1358 3446 1564 3503 nontamen

335 3544 458 3607 deerat
472 3543 665 3624 patientiae
680 3544 906 3618 exercitatio,
924 3544 1115 3624 praecipue
1135 3554 1281 3625 propter
1298 3546 1490 3609 multorum
1502 3546 1562 3609 ho-

335 3652 467 3731 spitum
483 3650 585 3731 (quos
600 3650 646 3713 ad
662 3650 797 3714 curiam
809 3651 953 3731 saepius
968 3651 1090 3715 venire
1104 3660 1189 3715 tunc
1204 3650 1400 3731 accidebat)
1411 3652 1564 3717 multitu·

331 3757 462 3822 dinem:
479 3756 670 3839 oportebat
684 3758 777 3821 enim
792 3768 831 3821 ut
846 3774 933 3838 erga
948 3758 1027 3821 illos
1041 3758 1166 3821 melius
1180 3757 1404 3839 hospitalitas
1422 3776 1566 3824 exerce·

331 3875 442 3944 retur,
458 3876 497 3929 ut
512 3882 603 3945 quae
619 3863 664 3927 ad
679 3863 917 3943 collegialium
936 3882 1036 3927 usum
1056 3874 1159 3928 erant
1180 3866 1395 3943 necessaria,
1418 3866 1470 3931 eis
1491 3884 1564 3931 non

332 3989 415 4036 raro
427 3970 733 4048 subtraherentur,
745 3982 780 4035 et
792 3972 844 4035 sic
855 3972 1076 4053 paupertatis
1088 3972 1250 4036 oblivisci
1261 3972 1374 4036 nostri
1385 3990 1455 4036 non
1466 3983 1563 4055 pote·

332 4090 424 4143 rant.

393 4186 437 4250 Et
452 4186 541 4249 haec
556 4186 600 4249 de
614 4187 772 4266 Collegio
789 4183 1044 4250 Vallisoletano
1058 4185 1082 4248 ¹.

381 4352 389 4383 l
418 4350 486 4395 Vlde
496 4364 585 4407 supra,
595 4360 614 4399 t.
625 4366 651 4408 v,
662 4366 723 4410 pag.
734 4354 775 4399 tat
785 4358 811 4397 et
820 4364 883 4407 seq,
894 4364 918 4396 n.
931 4354 984 4396 ttst
993 4360 1019 4398 et
1029 4366 1082 4409 seq.
1094 4353 1183 4409 Neque
1200 4355 1264 4398 haec
1282 4366 1345 4397 sune
1359 4356 1478 4400 miranda
1495 4357 1567 4401 vide-

335 4426 431 4467 buntur
442 4424 474 4473 el,
485 4424 528 4477 qui
539 4435 602 4477 pree
613 4427 694 4471 oculis
704 4427 801 4471 hubent
812 4424 879 4478 quod
894 4436 987 4479 supra,
1002 4431 1021 4469 t.
1036 4437 1067 4479 v,
1081 4436 1142 4479 pag.
1158 4426 1198 4478 t7,
1214 4438 1238 4470 n.
1249 4424 1277 4468 9⁴
1288 4426 1384 4479 legitor
1394 4426 1426 4471 dc
1440 4426 1563 4484 Principe

336 4494 443 4547 Joanna,
455 4494 522 4538 inter
533 4496 745 4551 religiosissimas
755 4496 865 4541 reminas
875 4497 1094 4549 praeclarissima.
1106 4496 1210 4540 vidente
1218 4498 1311 4542 locum.

375 4565 387 4598 ¹
415 4564 495 4609 Plura
506 4572 593 4611 tamen
604 4568 753 4613 Valllsoleti
764 4574 826 4611 ncta
841 4569 1045 4612 recensebantur
1060 4568 1138 4619 inira.
1154 4579 1213 4613 cum
1230 4578 1326 4624 agatur
1342 4571 1373 4614 de
1389 4572 1467 4616 rebus
1483 4573 1566 4627 gestis

336 4634 443 4681 Petrum
455 4637 549 4694 Araoz,
560 4637 645 4682 Nudal
656 4646 680 4682 et
693 4638 778 4694 Borje.
