<?xml version="1.0" encoding="UTF-8"?>
<!DOCTYPE html PUBLIC "-//W3C//DTD XHTML 1.0 Transitional//EN"
    "http://www.w3.org/TR/xhtml1/DTD/xhtml1-transitional.dtd">
<html xmlns="http://www.w3.org/1999/xhtml" xml:lang="en" lang="en">
 <head>
  <title>
</title>
<meta http-equiv="Content-Type" content="text/html;charset=utf-8" />
  <meta name='ocr-system' content='tesseract 3.04.00' />
  <meta name='ocr-capabilities' content='ocr_page ocr_carea ocr_par ocr_line ocrx_word'/>
</head>
<body>
  <div class='ocr_page' id='page_1' title='image "./vitaignatiiloio00polagoog_0057.png"; bbox 0 0 3642 5350; ppageno 0'>
   <div class='ocr_carea' id='block_1_1' title="bbox 764 501 1459 562">
    <p class='ocr_par' dir='ltr' id='par_1_1' title="bbox 764 501 1459 562">
     <span class='ocr_line' id='line_1_1' title="bbox 764 501 1459 562; baseline 0.003 -2"><span class='ocrx_word' id='word_1_1' title='bbox 764 501 829 560; x_wconf 70' lang='lat' dir='ltr'>Aa.</span> <span class='ocrx_word' id='word_1_2' title='bbox 851 501 921 560; x_wconf 75' lang='lat'>1556</span> <span class='ocrx_word' id='word_1_3' title='bbox 1424 501 1459 562; x_wconf 85' lang='grc'>51</span> 
     </span>
    </p>
   </div>
   <div class='ocr_carea' id='block_1_2' title="bbox 224 645 1467 2654">
    <p class='ocr_par' dir='ltr' id='par_1_2' title="bbox 224 645 1459 834">
     <span class='ocr_line' id='line_1_2' title="bbox 224 645 1459 731; baseline -0.002 -15"><span class='ocrx_word' id='word_1_4' title='bbox 224 650 553 731; x_wconf 86' lang='lat' dir='ltr'>congregationem</span> <span class='ocrx_word' id='word_1_5' title='bbox 567 650 696 714; x_wconf 86' lang='lat' dir='ltr'>iacere:</span> <span class='ocrx_word' id='word_1_6' title='bbox 714 645 818 727; x_wconf 88' lang='lat' dir='ltr'>hujus</span> <span class='ocrx_word' id='word_1_7' title='bbox 834 658 953 711; x_wconf 91' lang='lat' dir='ltr'>tamen</span> <span class='ocrx_word' id='word_1_8' title='bbox 965 647 1062 711; x_wconf 90' lang='lat' dir='ltr'>dubii</span> <span class='ocrx_word' id='word_1_9' title='bbox 1073 649 1299 712; x_wconf 81' lang='lat' dir='ltr'>occasionem</span> <span class='ocrx_word' id='word_1_10' title='bbox 1311 649 1459 729; x_wconf 85' lang='lat' dir='ltr'><strong>ipsemet</strong></span> 
     </span>
     <span class='ocr_line' id='line_1_3' title="bbox 225 753 1363 834; baseline -0.004 -12"><span class='ocrx_word' id='word_1_11' title='bbox 225 757 394 822; x_wconf 82' lang='lat' dir='ltr'>Pontifex</span> <span class='ocrx_word' id='word_1_12' title='bbox 410 757 573 834; x_wconf 89' lang='lat' dir='ltr'>removit,</span> <span class='ocrx_word' id='word_1_13' title='bbox 590 765 625 819; x_wconf 91' lang='lat' dir='ltr'>et</span> <span class='ocrx_word' id='word_1_14' title='bbox 639 754 776 819; x_wconf 91' lang='lat' dir='ltr'>Romae</span> <span class='ocrx_word' id='word_1_15' title='bbox 792 753 866 817; x_wconf 84' lang='lat' dir='ltr'>lieri</span> <span class='ocrx_word' id='word_1_16' title='bbox 883 753 1206 834; x_wconf 76' lang='lat' dir='ltr'>congregationem</span> <span class='ocrx_word' id='word_1_17' title='bbox 1222 754 1327 834; x_wconf 89' lang='lat' dir='ltr'>jussit</span> <span class='ocrx_word' id='word_1_18' title='bbox 1343 754 1363 817; x_wconf 88' lang='lat'>¹.</span> 
     </span>
    </p>

    <p class='ocr_par' dir='ltr' id='par_1_3' title="bbox 228 860 1462 1463">
     <span class='ocr_line' id='line_1_4' title="bbox 296 860 1462 944; baseline 0.001 -18"><span class='ocrx_word' id='word_1_19' title='bbox 296 861 364 929; x_wconf 77' lang='grc'><strong>144.</strong></span> <span class='ocrx_word' id='word_1_20' title='bbox 408 864 475 944; x_wconf 84' lang='lat' dir='ltr'>Qui</span> <span class='ocrx_word' id='word_1_21' title='bbox 501 872 617 926; x_wconf 90' lang='lat' dir='ltr'>autem</span> <span class='ocrx_word' id='word_1_22' title='bbox 638 872 672 925; x_wconf 90' lang='lat' dir='ltr'>et</span> <span class='ocrx_word' id='word_1_23' title='bbox 692 871 777 942; x_wconf 90' lang='lat' dir='ltr'>quot</span> <span class='ocrx_word' id='word_1_24' title='bbox 799 880 843 924; x_wconf 85' lang='lat' dir='ltr'>ex</span> <span class='ocrx_word' id='word_1_25' title='bbox 863 860 1012 940; x_wconf 89' lang='lat' dir='ltr'>singulis</span> <span class='ocrx_word' id='word_1_26' title='bbox 1030 862 1230 927; x_wconf 84' lang='lat' dir='ltr'>Provinciis</span> <span class='ocrx_word' id='word_1_27' title='bbox 1248 864 1389 927; x_wconf 90' lang='lat' dir='ltr'>venturi</span> <span class='ocrx_word' id='word_1_28' title='bbox 1408 881 1462 928; x_wconf 87' lang='lat' dir='ltr'>cs·</span> 
     </span>
     <span class='ocr_line' id='line_1_5' title="bbox 228 966 1460 1049; baseline -0.001 -13"><span class='ocrx_word' id='word_1_29' title='bbox 228 984 311 1036; x_wconf 89' lang='lat' dir='ltr'>sent</span> <span class='ocrx_word' id='word_1_30' title='bbox 326 989 371 1035; x_wconf 87' lang='lat' dir='ltr'>ex</span> <span class='ocrx_word' id='word_1_31' title='bbox 387 970 705 1036; x_wconf 79' lang='lat' dir='ltr'>constitutionibus</span> <span class='ocrx_word' id='word_1_32' title='bbox 720 969 807 1031; x_wconf 88' lang='lat' dir='ltr'>satis</span> <span class='ocrx_word' id='word_1_33' title='bbox 822 968 1009 1032; x_wconf 84' lang='lat' dir='ltr'>constabat</span> <span class='ocrx_word' id='word_1_34' title='bbox 1023 966 1046 1048; x_wconf 82' lang='lat'>¹3</span> <span class='ocrx_word' id='word_1_35' title='bbox 1070 969 1132 1033; x_wconf 91' lang='lat' dir='ltr'>sed</span> <span class='ocrx_word' id='word_1_36' title='bbox 1152 970 1234 1049; x_wconf 90' lang='lat' dir='ltr'>quia</span> <span class='ocrx_word' id='word_1_37' title='bbox 1249 969 1460 1036; x_wconf 85' lang='lat' dir='ltr'>Provinciae</span> 
     </span>
     <span class='ocr_line' id='line_1_6' title="bbox 229 1074 1462 1158; baseline 0 -16"><span class='ocrx_word' id='word_1_38' title='bbox 229 1097 362 1155; x_wconf 89' lang='lat' dir='ltr'>novae,</span> <span class='ocrx_word' id='word_1_39' title='bbox 377 1087 412 1141; x_wconf 89' lang='lat' dir='ltr'>et</span> <span class='ocrx_word' id='word_1_40' title='bbox 426 1077 532 1158; x_wconf 88' lang='lat' dir='ltr'>pauci</span> <span class='ocrx_word' id='word_1_41' title='bbox 547 1077 580 1139; x_wconf 91' lang='lat' dir='ltr'>in</span> <span class='ocrx_word' id='word_1_42' title='bbox 597 1077 648 1139; x_wconf 86' lang='lat' dir='ltr'>eis</span> <span class='ocrx_word' id='word_1_43' title='bbox 663 1074 817 1139; x_wconf 85' lang='lat' dir='ltr'>Prolessi</span> <span class='ocrx_word' id='word_1_44' title='bbox 832 1085 945 1151; x_wconf 87' lang='lat' dir='ltr'>erant,</span> <span class='ocrx_word' id='word_1_45' title='bbox 962 1083 996 1138; x_wconf 86' lang='lat' dir='ltr'>et</span> <span class='ocrx_word' id='word_1_46' title='bbox 1011 1092 1056 1138; x_wconf 85' lang='lat' dir='ltr'>ex</span> <span class='ocrx_word' id='word_1_47' title='bbox 1068 1076 1137 1138; x_wconf 90' lang='lat' dir='ltr'>iliis</span> <span class='ocrx_word' id='word_1_48' title='bbox 1148 1075 1292 1156; x_wconf 90' lang='lat' dir='ltr'>quidam</span> <span class='ocrx_word' id='word_1_49' title='bbox 1303 1077 1339 1140; x_wconf 94' lang='lat' dir='ltr'>in</span> <span class='ocrx_word' id='word_1_50' title='bbox 1354 1076 1462 1142; x_wconf 90' lang='lat' dir='ltr'>rebus</span> 
     </span>
     <span class='ocr_line' id='line_1_7' title="bbox 231 1181 1460 1265; baseline 0 -16"><span class='ocrx_word' id='word_1_51' title='bbox 231 1185 356 1265; x_wconf 89' lang='lat' dir='ltr'>magni</span> <span class='ocrx_word' id='word_1_52' title='bbox 372 1185 538 1249; x_wconf 87' lang='lat' dir='ltr'>momenti</span> <span class='ocrx_word' id='word_1_53' title='bbox 555 1181 720 1262; x_wconf 91' lang='lat' dir='ltr'>occupati</span> <span class='ocrx_word' id='word_1_54' title='bbox 734 1191 847 1260; x_wconf 90' lang='lat' dir='ltr'>erant,</span> <span class='ocrx_word' id='word_1_55' title='bbox 864 1199 935 1244; x_wconf 93' lang='lat' dir='ltr'>non</span> <span class='ocrx_word' id='word_1_56' title='bbox 951 1193 1077 1246; x_wconf 86' lang='lat' dir='ltr'>exacte</span> <span class='ocrx_word' id='word_1_57' title='bbox 1089 1183 1124 1246; x_wconf 91' lang='lat' dir='ltr'>id</span> <span class='ocrx_word' id='word_1_58' title='bbox 1136 1184 1319 1248; x_wconf 89' lang='lat' dir='ltr'>observari</span> <span class='ocrx_word' id='word_1_59' title='bbox 1335 1187 1460 1265; x_wconf 93' lang='lat' dir='ltr'>potuit,</span> 
     </span>
     <span class='ocr_line' id='line_1_8' title="bbox 230 1289 1462 1372; baseline 0 -16"><span class='ocrx_word' id='word_1_60' title='bbox 230 1302 284 1370; x_wconf 91' lang='lat' dir='ltr'>ut,</span> <span class='ocrx_word' id='word_1_61' title='bbox 311 1291 527 1355; x_wconf 90' lang='lat' dir='ltr'>Provinciaii</span> <span class='ocrx_word' id='word_1_62' title='bbox 549 1289 837 1370; x_wconf 78' lang='lat' dir='ltr'>congregatione</span> <span class='ocrx_word' id='word_1_63' title='bbox 862 1289 1110 1369; x_wconf 84' lang='lat' dir='ltr'>praecedente,</span> <span class='ocrx_word' id='word_1_64' title='bbox 1137 1289 1209 1353; x_wconf 90' lang='lat' dir='ltr'>bini</span> <span class='ocrx_word' id='word_1_65' title='bbox 1239 1309 1285 1354; x_wconf 84' lang='lat' dir='ltr'>ex</span> <span class='ocrx_word' id='word_1_66' title='bbox 1312 1292 1462 1372; x_wconf 90' lang='lat' dir='ltr'>singulis</span> 
     </span>
     <span class='ocr_line' id='line_1_9' title="bbox 231 1394 949 1463; baseline -0.008 0"><span class='ocrx_word' id='word_1_67' title='bbox 231 1399 435 1463; x_wconf 86' lang='lat' dir='ltr'>Provinciis</span> <span class='ocrx_word' id='word_1_68' title='bbox 451 1415 532 1461; x_wconf 90' lang='lat' dir='ltr'>curn</span> <span class='ocrx_word' id='word_1_69' title='bbox 547 1394 761 1460; x_wconf 89' lang='lat' dir='ltr'>Provinciaii</span> <span class='ocrx_word' id='word_1_70' title='bbox 775 1395 949 1458; x_wconf 88' lang='lat' dir='ltr'>venirent.</span> 
     </span>
    </p>

    <p class='ocr_par' dir='ltr' id='par_1_4' title="bbox 230 1499 1464 1890">
     <span class='ocr_line' id='line_1_10' title="bbox 297 1499 1463 1582; baseline 0 -14"><span class='ocrx_word' id='word_1_71' title='bbox 297 1504 365 1568; x_wconf 85' lang='grc'><strong>145.</strong></span> <span class='ocrx_word' id='word_1_72' title='bbox 408 1504 519 1568; x_wconf 89' lang='lat' dir='ltr'>Immo</span> <span class='ocrx_word' id='word_1_73' title='bbox 541 1503 577 1566; x_wconf 89' lang='lat' dir='ltr'>in</span> <span class='ocrx_word' id='word_1_74' title='bbox 597 1502 806 1582; x_wconf 90' lang='lat' dir='ltr'>quibusdam</span> <span class='ocrx_word' id='word_1_75' title='bbox 831 1499 1031 1566; x_wconf 91' lang='lat' dir='ltr'>Provinciis</span> <span class='ocrx_word' id='word_1_76' title='bbox 1055 1503 1124 1566; x_wconf 91' lang='lat' dir='ltr'>duo</span> <span class='ocrx_word' id='word_1_77' title='bbox 1149 1512 1286 1568; x_wconf 90' lang='lat' dir='ltr'>tantum</span> <span class='ocrx_word' id='word_1_78' title='bbox 1308 1504 1463 1569; x_wconf 86' lang='lat' dir='ltr'>Professi</span> 
     </span>
     <span class='ocr_line' id='line_1_11' title="bbox 232 1608 1464 1694; baseline 0.002 -20"><span class='ocrx_word' id='word_1_79' title='bbox 232 1621 388 1694; x_wconf 89' lang='lat' dir='ltr'>quatuor</span> <span class='ocrx_word' id='word_1_80' title='bbox 417 1621 584 1674; x_wconf 90' lang='lat' dir='ltr'>votorum</span> <span class='ocrx_word' id='word_1_81' title='bbox 610 1608 891 1688; x_wconf 89' lang='lat' dir='ltr'>inveniebantur,</span> <span class='ocrx_word' id='word_1_82' title='bbox 918 1619 956 1671; x_wconf 89' lang='lat' dir='ltr'>ut</span> <span class='ocrx_word' id='word_1_83' title='bbox 983 1611 1018 1672; x_wconf 92' lang='lat' dir='ltr'>in</span> <span class='ocrx_word' id='word_1_84' title='bbox 1048 1609 1164 1674; x_wconf 89' lang='lat' dir='ltr'>Gallia</span> <span class='ocrx_word' id='word_1_85' title='bbox 1191 1610 1228 1674; x_wconf 94' lang='lat' dir='ltr'>P.</span> <span class='ocrx_word' id='word_1_86' title='bbox 1249 1610 1464 1676; x_wconf 87' lang='lat' dir='ltr'>Paschasius</span> 
     </span>
     <span class='ocr_line' id='line_1_12' title="bbox 230 1714 1464 1797; baseline 0.001 -15"><span class='ocrx_word' id='word_1_87' title='bbox 230 1737 317 1782; x_wconf 87' lang='lat' dir='ltr'>cum</span> <span class='ocrx_word' id='word_1_88' title='bbox 337 1717 375 1782; x_wconf 92' lang='lat' dir='ltr'>P.</span> <span class='ocrx_word' id='word_1_89' title='bbox 391 1717 552 1797; x_wconf 87' lang='lat' dir='ltr'>Baptista</span> <span class='ocrx_word' id='word_1_90' title='bbox 568 1715 729 1779; x_wconf 91' lang='lat' dir='ltr'>Violaeo:</span> <span class='ocrx_word' id='word_1_91' title='bbox 747 1715 781 1779; x_wconf 91' lang='lat' dir='ltr'>in</span> <span class='ocrx_word' id='word_1_92' title='bbox 797 1714 959 1778; x_wconf 86' lang='lat' dir='ltr'>Inieriori</span> <span class='ocrx_word' id='word_1_93' title='bbox 973 1714 1165 1779; x_wconf 85' lang='lat' dir='ltr'>Germania</span> <span class='ocrx_word' id='word_1_94' title='bbox 1181 1727 1319 1782; x_wconf 90' lang='lat' dir='ltr'>tantum</span> <span class='ocrx_word' id='word_1_95' title='bbox 1339 1717 1464 1783; x_wconf 91' lang='lat' dir='ltr'>Patres</span> 
     </span>
     <span class='ocr_line' id='line_1_13' title="bbox 234 1822 727 1890; baseline -0.01 -1"><span class='ocrx_word' id='word_1_96' title='bbox 234 1825 420 1890; x_wconf 86' lang='lat' dir='ltr'>Adrianus</span> <span class='ocrx_word' id='word_1_97' title='bbox 434 1835 469 1886; x_wconf 94' lang='lat' dir='ltr'>et</span> <span class='ocrx_word' id='word_1_98' title='bbox 484 1822 691 1887; x_wconf 91' lang='lat' dir='ltr'>Leonardus</span> <span class='ocrx_word' id='word_1_99' title='bbox 705 1825 727 1882; x_wconf 77' lang='lat'>³.</span> 
     </span>
    </p>

    <p class='ocr_par' dir='ltr' id='par_1_5' title="bbox 233 1927 1467 2654">
     <span class='ocr_line' id='line_1_14' title="bbox 300 1927 1464 2013; baseline 0.003 -19"><span class='ocrx_word' id='word_1_100' title='bbox 300 1931 368 1994; x_wconf 84' lang='grc'><strong>146.</strong></span> <span class='ocrx_word' id='word_1_101' title='bbox 414 1930 570 2012; x_wconf 89' lang='lat' dir='ltr'>Optabat</span> <span class='ocrx_word' id='word_1_102' title='bbox 595 1929 822 1993; x_wconf 87' lang='lat' dir='ltr'>nihilominus</span> <span class='ocrx_word' id='word_1_103' title='bbox 843 1927 879 1991; x_wconf 89' lang='lat' dir='ltr'>P.</span> <span class='ocrx_word' id='word_1_104' title='bbox 896 1928 1064 1993; x_wconf 89' lang='lat' dir='ltr'>Vicarius</span> <span class='ocrx_word' id='word_1_105' title='bbox 1083 1939 1132 2008; x_wconf 91' lang='lat' dir='ltr'>ut,</span> <span class='ocrx_word' id='word_1_106' title='bbox 1153 1933 1272 2012; x_wconf 92' lang='lat' dir='ltr'>quoad</span> <span class='ocrx_word' id='word_1_107' title='bbox 1293 1933 1369 2013; x_wconf 85' lang='lat' dir='ltr'>ejus</span> <span class='ocrx_word' id='word_1_108' title='bbox 1387 1933 1464 1998; x_wconf 90' lang='lat' dir='ltr'>fieri</span> 
     </span>
     <span class='ocr_line' id='line_1_15' title="bbox 233 2034 1463 2121; baseline 0.001 -18"><span class='ocrx_word' id='word_1_109' title='bbox 233 2047 368 2121; x_wconf 89' lang='lat' dir='ltr'>posset,</span> <span class='ocrx_word' id='word_1_110' title='bbox 393 2038 498 2117; x_wconf 75' lang='lat' dir='ltr'>Juxta</span> <span class='ocrx_word' id='word_1_111' title='bbox 525 2037 805 2101; x_wconf 88' lang='lat' dir='ltr'>Constitutiones</span> <span class='ocrx_word' id='word_1_112' title='bbox 828 2034 983 2099; x_wconf 88' lang='lat' dir='ltr'>Professi</span> <span class='ocrx_word' id='word_1_113' title='bbox 1006 2037 1179 2116; x_wconf 86' lang='lat' dir='ltr'>venirent;</span> <span class='ocrx_word' id='word_1_114' title='bbox 1202 2051 1236 2102; x_wconf 91' lang='lat' dir='ltr'>et</span> <span class='ocrx_word' id='word_1_115' title='bbox 1256 2040 1463 2104; x_wconf 90' lang='lat' dir='ltr'>nominatim</span> 
     </span>
     <span class='ocr_line' id='line_1_16' title="bbox 235 2141 1464 2222; baseline 0 -11"><span class='ocrx_word' id='word_1_116' title='bbox 235 2145 275 2210; x_wconf 90' lang='lat' dir='ltr'>P.</span> <span class='ocrx_word' id='word_1_117' title='bbox 291 2146 524 2210; x_wconf 89' lang='lat' dir='ltr'>Franciscum</span> <span class='ocrx_word' id='word_1_118' title='bbox 549 2143 729 2222; x_wconf 85' lang='lat' dir='ltr'>Borgiam,</span> <span class='ocrx_word' id='word_1_119' title='bbox 751 2159 793 2204; x_wconf 87' lang='lat' dir='ltr'>ac</span> <span class='ocrx_word' id='word_1_120' title='bbox 816 2141 960 2205; x_wconf 89' lang='lat' dir='ltr'>Patrem</span> <span class='ocrx_word' id='word_1_121' title='bbox 977 2141 1108 2222; x_wconf 90' lang='lat' dir='ltr'>Araoz,</span> <span class='ocrx_word' id='word_1_122' title='bbox 1130 2162 1172 2207; x_wconf 93' lang='lat' dir='ltr'>ac</span> <span class='ocrx_word' id='word_1_123' title='bbox 1188 2144 1226 2207; x_wconf 92' lang='lat' dir='ltr'>P.</span> <span class='ocrx_word' id='word_1_124' title='bbox 1243 2145 1464 2211; x_wconf 89' lang='lat' dir='ltr'>Ludovicum</span> 
     </span>
     <span class='ocr_line' id='line_1_17' title="bbox 233 2247 1466 2334; baseline 0 -18"><span class='ocrx_word' id='word_1_125' title='bbox 233 2253 414 2317; x_wconf 87' lang='lat' dir='ltr'>Gonzaiez</span> <span class='ocrx_word' id='word_1_126' title='bbox 426 2267 507 2315; x_wconf 91' lang='lat' dir='ltr'>cum</span> <span class='ocrx_word' id='word_1_127' title='bbox 518 2251 674 2314; x_wconf 88' lang='lat' dir='ltr'>Doctore</span> <span class='ocrx_word' id='word_1_128' title='bbox 687 2249 828 2324; x_wconf 80' lang='lat' dir='ltr'>TorreS,</span> <span class='ocrx_word' id='word_1_129' title='bbox 842 2247 1338 2331; x_wconf 79' lang='lat' dir='ltr'>PortugaiiiaeProvincia1i⁸,</span> <span class='ocrx_word' id='word_1_130' title='bbox 1353 2257 1466 2334; x_wconf 90' lang='lat' dir='ltr'>(prae-</span> 
     </span>
     <span class='ocr_line' id='line_1_18' title="bbox 235 2355 1465 2436; baseline 0 -12"><span class='ocrx_word' id='word_1_131' title='bbox 235 2371 293 2424; x_wconf 89' lang='lat' dir='ltr'>ter</span> <span class='ocrx_word' id='word_1_132' title='bbox 319 2359 354 2423; x_wconf 91' lang='lat' dir='ltr'>P.</span> <span class='ocrx_word' id='word_1_133' title='bbox 371 2357 546 2433; x_wconf 86' lang='lat' dir='ltr'>Natalem,</span> <span class='ocrx_word' id='word_1_134' title='bbox 575 2358 634 2436; x_wconf 91' lang='lat' dir='ltr'>qui</span> <span class='ocrx_word' id='word_1_135' title='bbox 659 2356 726 2419; x_wconf 94' lang='lat' dir='ltr'>hoc</span> <span class='ocrx_word' id='word_1_136' title='bbox 752 2355 830 2436; x_wconf 88' lang='lat' dir='ltr'>ipso</span> <span class='ocrx_word' id='word_1_137' title='bbox 857 2373 951 2419; x_wconf 92' lang='lat' dir='ltr'>anno</span> <span class='ocrx_word' id='word_1_138' title='bbox 977 2355 1126 2421; x_wconf 92' lang='lat' dir='ltr'>Romam</span> <span class='ocrx_word' id='word_1_139' title='bbox 1151 2363 1312 2435; x_wconf 83' lang='lat' dir='ltr'>venerat)</span> <span class='ocrx_word' id='word_1_140' title='bbox 1338 2361 1465 2424; x_wconf 89' lang='lat' dir='ltr'>litteris</span> 
     </span>
     <span class='ocr_line' id='line_1_19' title="bbox 237 2461 1463 2547; baseline 0 -17"><span class='ocrx_word' id='word_1_141' title='bbox 237 2467 399 2531; x_wconf 86' lang='lat' dir='ltr'>hortatus</span> <span class='ocrx_word' id='word_1_142' title='bbox 415 2477 468 2528; x_wconf 90' lang='lat' dir='ltr'>est</span> <span class='ocrx_word' id='word_1_143' title='bbox 482 2476 533 2542; x_wconf 90' lang='lat' dir='ltr'>ut,</span> <span class='ocrx_word' id='word_1_144' title='bbox 549 2465 580 2527; x_wconf 88' lang='lat' dir='ltr'>si</span> <span class='ocrx_word' id='word_1_145' title='bbox 596 2465 697 2526; x_wconf 86' lang='lat' dir='ltr'>salva</span> <span class='ocrx_word' id='word_1_146' title='bbox 719 2461 922 2526; x_wconf 88' lang='lat' dir='ltr'>valetudine</span> <span class='ocrx_word' id='word_1_147' title='bbox 941 2474 1098 2542; x_wconf 90' lang='lat' dir='ltr'>possent,</span> <span class='ocrx_word' id='word_1_148' title='bbox 1119 2463 1270 2528; x_wconf 89' lang='lat' dir='ltr'>Romam</span> <span class='ocrx_word' id='word_1_149' title='bbox 1290 2468 1463 2547; x_wconf 89' lang='lat' dir='ltr'>venirent;</span> 
     </span>
     <span class='ocr_line' id='line_1_20' title="bbox 234 2569 1467 2654; baseline -0.001 -16"><span class='ocrx_word' id='word_1_150' title='bbox 234 2592 319 2638; x_wconf 87' lang='lat' dir='ltr'>cum</span> <span class='ocrx_word' id='word_1_151' title='bbox 334 2583 475 2654; x_wconf 90' lang='lat' dir='ltr'>praeter</span> <span class='ocrx_word' id='word_1_152' title='bbox 497 2571 704 2634; x_wconf 85' lang='lat' dir='ltr'>electionem</span> <span class='ocrx_word' id='word_1_153' title='bbox 724 2569 909 2632; x_wconf 87' lang='lat' dir='ltr'>Generalis</span> <span class='ocrx_word' id='word_1_154' title='bbox 925 2570 1045 2633; x_wconf 89' lang='lat' dir='ltr'>ultima</span> <span class='ocrx_word' id='word_1_155' title='bbox 1062 2588 1188 2635; x_wconf 89' lang='lat' dir='ltr'>manus</span> <span class='ocrx_word' id='word_1_156' title='bbox 1203 2571 1467 2638; x_wconf 88' lang='lat' dir='ltr'>Constitutioni-</span> 
     </span>
    </p>
   </div>
   <div class='ocr_carea' id='block_1_3' title="bbox 234 2677 1467 3296">
    <p class='ocr_par' dir='ltr' id='par_1_6' title="bbox 234 2677 1466 2867">
     <span class='ocr_line' id='line_1_21' title="bbox 234 2677 1466 2761; baseline 0 -15"><span class='ocrx_word' id='word_1_157' title='bbox 234 2682 303 2745; x_wconf 89' lang='lat' dir='ltr'>bus</span> <span class='ocrx_word' id='word_1_158' title='bbox 318 2690 353 2745; x_wconf 90' lang='lat' dir='ltr'>et</span> <span class='ocrx_word' id='word_1_159' title='bbox 367 2680 514 2760; x_wconf 90' lang='lat' dir='ltr'>Reguiis</span> <span class='ocrx_word' id='word_1_160' title='bbox 525 2687 618 2741; x_wconf 90' lang='lat' dir='ltr'>esset</span> <span class='ocrx_word' id='word_1_161' title='bbox 632 2677 857 2757; x_wconf 90' lang='lat' dir='ltr'>imponenda,</span> <span class='ocrx_word' id='word_1_162' title='bbox 874 2686 908 2739; x_wconf 92' lang='lat' dir='ltr'>et</span> <span class='ocrx_word' id='word_1_163' title='bbox 924 2678 994 2740; x_wconf 89' lang='lat' dir='ltr'>alia</span> <span class='ocrx_word' id='word_1_164' title='bbox 1006 2680 1126 2758; x_wconf 89' lang='lat' dir='ltr'>magni</span> <span class='ocrx_word' id='word_1_165' title='bbox 1139 2681 1307 2744; x_wconf 88' lang='lat' dir='ltr'>momenti</span> <span class='ocrx_word' id='word_1_166' title='bbox 1321 2684 1466 2761; x_wconf 87' lang='lat' dir='ltr'>negotia</span> 
     </span>
     <span class='ocr_line' id='line_1_22' title="bbox 237 2782 624 2867; baseline -0.021 -15"><span class='ocrx_word' id='word_1_167' title='bbox 237 2788 469 2867; x_wconf 87' lang='lat' dir='ltr'>transigenda</span> <span class='ocrx_word' id='word_1_168' title='bbox 485 2796 587 2848; x_wconf 90' lang='lat' dir='ltr'>erant</span> <span class='ocrx_word' id='word_1_169' title='bbox 602 2782 624 2843; x_wconf 86' lang='lat'>³.</span> 
     </span>
    </p>

    <p class='ocr_par' dir='ltr' id='par_1_7' title="bbox 237 2891 1467 3296">
     <span class='ocr_line' id='line_1_23' title="bbox 302 2891 1466 2972; baseline 0.002 -14"><span class='ocrx_word' id='word_1_170' title='bbox 302 2894 370 2958; x_wconf 85' lang='grc'><strong>147.</strong></span> <span class='ocrx_word' id='word_1_171' title='bbox 414 2892 622 2957; x_wconf 87' lang='lat' dir='ltr'>Dubitatum</span> <span class='ocrx_word' id='word_1_172' title='bbox 637 2900 691 2953; x_wconf 91' lang='lat' dir='ltr'>est</span> <span class='ocrx_word' id='word_1_173' title='bbox 706 2900 835 2969; x_wconf 86' lang='lat' dir='ltr'>autem,</span> <span class='ocrx_word' id='word_1_174' title='bbox 860 2908 906 2954; x_wconf 90' lang='lat' dir='ltr'>an</span> <span class='ocrx_word' id='word_1_175' title='bbox 926 2891 961 2953; x_wconf 93' lang='lat' dir='ltr'>hi</span> <span class='ocrx_word' id='word_1_176' title='bbox 981 2891 1027 2954; x_wconf 90' lang='lat' dir='ltr'>ad</span> <span class='ocrx_word' id='word_1_177' title='bbox 1048 2892 1303 2972; x_wconf 87' lang='lat' dir='ltr'>professionem</span> <span class='ocrx_word' id='word_1_178' title='bbox 1328 2896 1466 2960; x_wconf 88' lang='lat' dir='ltr'>admitti</span> 
     </span>
     <span class='ocr_line' id='line_1_24' title="bbox 238 2996 1467 3085; baseline 0.001 -20"><span class='ocrx_word' id='word_1_179' title='bbox 238 3011 384 3085; x_wconf 90' lang='lat' dir='ltr'>possent</span> <span class='ocrx_word' id='word_1_180' title='bbox 400 3012 558 3081; x_wconf 85' lang='lat' dir='ltr'>tempore</span> <span class='ocrx_word' id='word_1_181' title='bbox 574 2998 668 3062; x_wconf 90' lang='lat' dir='ltr'>sedis</span> <span class='ocrx_word' id='word_1_182' title='bbox 683 2996 880 3077; x_wconf 89' lang='lat' dir='ltr'>Praepositi</span> <span class='ocrx_word' id='word_1_183' title='bbox 895 3000 1069 3074; x_wconf 66' lang='lat' dir='ltr'>vacantis</span> <span class='ocrx_word' id='word_1_184' title='bbox 1083 3018 1128 3063; x_wconf 85' lang='lat' dir='ltr'>ex</span> <span class='ocrx_word' id='word_1_185' title='bbox 1140 3001 1206 3077; x_wconf 88' lang='lat' dir='ltr'>bis,</span> <span class='ocrx_word' id='word_1_186' title='bbox 1220 3019 1308 3081; x_wconf 88' lang='lat' dir='ltr'>quos</span> <span class='ocrx_word' id='word_1_187' title='bbox 1319 3002 1467 3083; x_wconf 89' lang='lat' dir='ltr'>ipsemet</span> 
     </span>
     <span class='ocr_line' id='line_1_25' title="bbox 240 3104 1467 3188; baseline 0 -14"><span class='ocrx_word' id='word_1_188' title='bbox 240 3110 279 3173; x_wconf 91' lang='lat' dir='ltr'>P.</span> <span class='ocrx_word' id='word_1_189' title='bbox 295 3109 454 3188; x_wconf 88' lang='lat' dir='ltr'>ignatius</span> <span class='ocrx_word' id='word_1_190' title='bbox 470 3106 732 3185; x_wconf 85' lang='lat' dir='ltr'>designaverat,</span> <span class='ocrx_word' id='word_1_191' title='bbox 749 3114 788 3169; x_wconf 91' lang='lat' dir='ltr'>ut</span> <span class='ocrx_word' id='word_1_192' title='bbox 803 3104 919 3185; x_wconf 85' lang='lat' dir='ltr'>justus</span> <span class='ocrx_word' id='word_1_193' title='bbox 937 3122 1106 3169; x_wconf 87' lang='lat' dir='ltr'>numerus</span> <span class='ocrx_word' id='word_1_194' title='bbox 1127 3125 1172 3169; x_wconf 82' lang='lat' dir='ltr'>ex</span> <span class='ocrx_word' id='word_1_195' title='bbox 1193 3106 1391 3173; x_wconf 87' lang='lat' dir='ltr'>Provinciis</span> <span class='ocrx_word' id='word_1_196' title='bbox 1409 3130 1467 3174; x_wconf 89' lang='lat' dir='ltr'>ve·</span> 
     </span>
     <span class='ocr_line' id='line_1_26' title="bbox 237 3211 1466 3296; baseline 0.002 -17"><span class='ocrx_word' id='word_1_197' title='bbox 237 3218 318 3281; x_wconf 91' lang='lat' dir='ltr'>nire</span> <span class='ocrx_word' id='word_1_198' title='bbox 333 3223 465 3296; x_wconf 87' lang='lat' dir='ltr'>posset;</span> <span class='ocrx_word' id='word_1_199' title='bbox 482 3213 544 3276; x_wconf 88' lang='lat' dir='ltr'>sed</span> <span class='ocrx_word' id='word_1_200' title='bbox 560 3212 704 3288; x_wconf 89' lang='lat' dir='ltr'>Romae,</span> <span class='ocrx_word' id='word_1_201' title='bbox 723 3229 760 3274; x_wconf 89' lang='lat' dir='ltr'>re</span> <span class='ocrx_word' id='word_1_202' title='bbox 776 3211 867 3274; x_wconf 91' lang='lat' dir='ltr'>inter</span> <span class='ocrx_word' id='word_1_203' title='bbox 887 3222 1029 3274; x_wconf 90' lang='lat' dir='ltr'>nostros</span> <span class='ocrx_word' id='word_1_204' title='bbox 1049 3221 1214 3293; x_wconf 89' lang='lat' dir='ltr'>tractata,</span> <span class='ocrx_word' id='word_1_205' title='bbox 1236 3216 1408 3281; x_wconf 91' lang='lat' dir='ltr'>sincerius</span> <span class='ocrx_word' id='word_1_206' title='bbox 1424 3236 1466 3282; x_wconf 92' lang='lat' dir='ltr'>ac</span> 
     </span>
    </p>
   </div>
   <div class='ocr_carea' id='block_1_4' title="bbox 237 3451 1476 4667">
    <p class='ocr_par' dir='ltr' id='par_1_8' title="bbox 237 3451 1473 4156">
     <span class='ocr_line' id='line_1_27' title="bbox 281 3451 1470 3515; baseline 0.004 -15"><span class='ocrx_word' id='word_1_207' title='bbox 281 3456 289 3490; x_wconf 85' lang='lat' dir='ltr'>t</span> <span class='ocrx_word' id='word_1_208' title='bbox 318 3456 393 3500; x_wconf 76' lang='lat' dir='ltr'>‘Cum</span> <span class='ocrx_word' id='word_1_209' title='bbox 407 3455 590 3499; x_wconf 81' lang='lat' dir='ltr'>exardesceret</span> <span class='ocrx_word' id='word_1_210' title='bbox 601 3454 697 3497; x_wconf 86' lang='lat' dir='ltr'>beilum</span> <span class='ocrx_word' id='word_1_211' title='bbox 708 3454 776 3497; x_wconf 90' lang='lat' dir='ltr'>inter</span> <span class='ocrx_word' id='word_1_212' title='bbox 793 3451 941 3497; x_wconf 81' lang='lat' dir='ltr'>Pontificem</span> <span class='ocrx_word' id='word_1_213' title='bbox 951 3464 1009 3497; x_wconf 84' lang='lat' dir='ltr'>ctam</span> <span class='ocrx_word' id='word_1_214' title='bbox 1020 3453 1091 3508; x_wconf 85' lang='lat' dir='ltr'>Rege</span> <span class='ocrx_word' id='word_1_215' title='bbox 1105 3454 1207 3499; x_wconf 88' lang='lat' dir='ltr'>Galliae</span> <span class='ocrx_word' id='word_1_216' title='bbox 1222 3464 1249 3500; x_wconf 91' lang='lat' dir='ltr'>et</span> <span class='ocrx_word' id='word_1_217' title='bbox 1263 3456 1409 3515; x_wconf 84' lang='lat' dir='ltr'>Philippum</span> <span class='ocrx_word' id='word_1_218' title='bbox 1421 3459 1470 3504; x_wconf 90' lang='lat' dir='ltr'>Re·</span> 
     </span>
     <span class='ocr_line' id='line_1_28' title="bbox 237 3524 1470 3584; baseline 0.002 -11"><span class='ocrx_word' id='word_1_219' title='bbox 237 3541 299 3583; x_wconf 80' lang='lat' dir='ltr'>gem</span> <span class='ocrx_word' id='word_1_220' title='bbox 311 3528 501 3583; x_wconf 81' lang='lat' dir='ltr'>Hispaniarum,</span> <span class='ocrx_word' id='word_1_221' title='bbox 510 3534 618 3580; x_wconf 86' lang='lat' dir='ltr'>propter</span> <span class='ocrx_word' id='word_1_222' title='bbox 627 3536 735 3579; x_wconf 85' lang='lat' dir='ltr'>reguum</span> <span class='ocrx_word' id='word_1_223' title='bbox 750 3524 959 3579; x_wconf 89' lang='lat' dir='ltr'>Neapolitanum,</span> <span class='ocrx_word' id='word_1_224' title='bbox 970 3526 996 3569; x_wconf 89' lang='lat' dir='ltr'>in</span> <span class='ocrx_word' id='word_1_225' title='bbox 1007 3526 1073 3579; x_wconf 85' lang='lat' dir='ltr'>quod</span> <span class='ocrx_word' id='word_1_226' title='bbox 1084 3526 1203 3572; x_wconf 78' lang='lat' dir='ltr'>Pontifex</span> <span class='ocrx_word' id='word_1_227' title='bbox 1214 3530 1257 3583; x_wconf 77' lang='lat' dir='ltr'>ius</span> <span class='ocrx_word' id='word_1_228' title='bbox 1271 3532 1470 3584; x_wconf 83' lang='lat' dir='ltr'>praetendebat,</span> 
     </span>
     <span class='ocr_line' id='line_1_29' title="bbox 239 3596 1470 3657; baseline 0.002 -12"><span class='ocrx_word' id='word_1_229' title='bbox 239 3613 268 3644; x_wconf 83' lang='lat' dir='ltr'>ct</span> <span class='ocrx_word' id='word_1_230' title='bbox 276 3612 325 3645; x_wconf 92' lang='lat' dir='ltr'>non</span> <span class='ocrx_word' id='word_1_231' title='bbox 334 3602 425 3644; x_wconf 89' lang='lat' dir='ltr'>liceret</span> <span class='ocrx_word' id='word_1_232' title='bbox 437 3597 560 3652; x_wconf 86' lang='lat' dir='ltr'>Hispanis</span> <span class='ocrx_word' id='word_1_233' title='bbox 570 3596 691 3641; x_wconf 80' lang='lat' dir='ltr'>Patribus</span> <span class='ocrx_word' id='word_1_234' title='bbox 702 3597 734 3639; x_wconf 90' lang='lat' dir='ltr'>ad</span> <span class='ocrx_word' id='word_1_235' title='bbox 743 3597 972 3650; x_wconf 81' lang='lat' dir='ltr'>congregationem</span> <span class='ocrx_word' id='word_1_236' title='bbox 983 3597 1107 3641; x_wconf 82' lang='lat' dir='ltr'>accedere</span> <span class='ocrx_word' id='word_1_237' title='bbox 1117 3599 1139 3641; x_wconf 90' lang='lat' dir='ltr'>si</span> <span class='ocrx_word' id='word_1_238' title='bbox 1153 3598 1178 3642; x_wconf 91' lang='lat' dir='ltr'>in</span> <span class='ocrx_word' id='word_1_239' title='bbox 1188 3599 1258 3644; x_wconf 86' lang='lat' dir='ltr'>Urbe</span> <span class='ocrx_word' id='word_1_240' title='bbox 1266 3601 1349 3657; x_wconf 84' lang='lat' dir='ltr'>fieret,</span> <span class='ocrx_word' id='word_1_241' title='bbox 1358 3602 1384 3647; x_wconf 87' lang='lat' dir='ltr'>P.</span> <span class='ocrx_word' id='word_1_242' title='bbox 1394 3603 1470 3656; x_wconf 85' lang='lat' dir='ltr'>Jaco-</span> 
     </span>
     <span class='ocr_line' id='line_1_30' title="bbox 240 3667 1470 3729; baseline 0.002 -12"><span class='ocrx_word' id='word_1_243' title='bbox 240 3676 290 3717; x_wconf 84' lang='lat' dir='ltr'>bus</span> <span class='ocrx_word' id='word_1_244' title='bbox 296 3672 401 3729; x_wconf 81' lang='lat' dir='ltr'>Laynez</span> <span class='ocrx_word' id='word_1_245' title='bbox 410 3670 532 3714; x_wconf 84' lang='lat' dir='ltr'>vicarius</span> <span class='ocrx_word' id='word_1_246' title='bbox 541 3669 671 3723; x_wconf 88' lang='lat' dir='ltr'>generalis</span> <span class='ocrx_word' id='word_1_247' title='bbox 679 3668 863 3722; x_wconf 85' lang='lat' dir='ltr'>assignaverat</span> <span class='ocrx_word' id='word_1_248' title='bbox 876 3667 992 3712; x_wconf 85' lang='lat' dir='ltr'>Genuam</span> <span class='ocrx_word' id='word_1_249' title='bbox 1003 3675 1031 3713; x_wconf 89' lang='lat' dir='ltr'>ut</span> <span class='ocrx_word' id='word_1_250' title='bbox 1041 3670 1123 3713; x_wconf 88' lang='lat' dir='ltr'>iocum</span> <span class='ocrx_word' id='word_1_251' title='bbox 1131 3672 1215 3725; x_wconf 86' lang='lat' dir='ltr'>magis</span> <span class='ocrx_word' id='word_1_252' title='bbox 1225 3678 1397 3728; x_wconf 86' lang='lat' dir='ltr'>opportunum</span> <span class='ocrx_word' id='word_1_253' title='bbox 1405 3675 1470 3719; x_wconf 86' lang='lat' dir='ltr'>Con·</span> 
     </span>
     <span class='ocr_line' id='line_1_31' title="bbox 242 3740 1470 3799; baseline 0.003 -11"><span class='ocrx_word' id='word_1_254' title='bbox 242 3744 390 3799; x_wconf 83' lang='lat' dir='ltr'>gregatioui</span> <span class='ocrx_word' id='word_1_255' title='bbox 406 3740 550 3786; x_wconf 87' lang='lat' dir='ltr'>habendae.</span> <span class='ocrx_word' id='word_1_256' title='bbox 567 3740 638 3792; x_wconf 90' lang='lat' dir='ltr'>Quod</span> <span class='ocrx_word' id='word_1_257' title='bbox 651 3752 709 3785; x_wconf 86' lang='lat' dir='ltr'>cam</span> <span class='ocrx_word' id='word_1_258' title='bbox 721 3750 738 3784; x_wconf 87' lang='lat' dir='ltr'>a</span> <span class='ocrx_word' id='word_1_259' title='bbox 749 3740 900 3795; x_wconf 89' lang='lat' dir='ltr'>quibusdam</span> <span class='ocrx_word' id='word_1_260' title='bbox 916 3752 966 3784; x_wconf 87' lang='lat' dir='ltr'>non</span> <span class='ocrx_word' id='word_1_261' title='bbox 981 3742 1047 3787; x_wconf 81' lang='lat' dir='ltr'>satis</span> <span class='ocrx_word' id='word_1_262' title='bbox 1060 3742 1200 3796; x_wconf 89' lang='lat' dir='ltr'>prudenter</span> <span class='ocrx_word' id='word_1_263' title='bbox 1212 3751 1238 3788; x_wconf 87' lang='lat' dir='ltr'>et</span> <span class='ocrx_word' id='word_1_264' title='bbox 1254 3743 1364 3791; x_wconf 84' lang='lat' dir='ltr'>fideliter</span> <span class='ocrx_word' id='word_1_265' title='bbox 1379 3747 1470 3792; x_wconf 83' lang='lat' dir='ltr'>inisset</span> 
     </span>
     <span class='ocr_line' id='line_1_32' title="bbox 240 3809 1470 3870; baseline 0.002 -9"><span class='ocrx_word' id='word_1_266' title='bbox 240 3818 353 3861; x_wconf 83' lang='lat' dir='ltr'>relatum</span> <span class='ocrx_word' id='word_1_267' title='bbox 364 3815 396 3858; x_wconf 91' lang='lat' dir='ltr'>ad</span> <span class='ocrx_word' id='word_1_268' title='bbox 407 3824 480 3858; x_wconf 85' lang='lat' dir='ltr'>auam</span> <span class='ocrx_word' id='word_1_269' title='bbox 491 3812 674 3865; x_wconf 84' lang='lat' dir='ltr'>sanctitatem,</span> <span class='ocrx_word' id='word_1_270' title='bbox 686 3823 734 3855; x_wconf 93' lang='lat' dir='ltr'>non</span> <span class='ocrx_word' id='word_1_271' title='bbox 746 3814 810 3855; x_wconf 88' lang='lat' dir='ltr'>bene</span> <span class='ocrx_word' id='word_1_272' title='bbox 821 3810 933 3856; x_wconf 88' lang='lat' dir='ltr'>Sanctus</span> <span class='ocrx_word' id='word_1_273' title='bbox 944 3810 1024 3856; x_wconf 90' lang='lat' dir='ltr'>Pater</span> <span class='ocrx_word' id='word_1_274' title='bbox 1040 3814 1101 3857; x_wconf 87' lang='lat' dir='ltr'>iliud</span> <span class='ocrx_word' id='word_1_275' title='bbox 1117 3822 1156 3857; x_wconf 91' lang='lat' dir='ltr'>est</span> <span class='ocrx_word' id='word_1_276' title='bbox 1172 3815 1370 3870; x_wconf 82' lang='lat' dir='ltr'>interpretatus,</span> <span class='ocrx_word' id='word_1_277' title='bbox 1381 3809 1470 3864; x_wconf 86' lang='lat' dir='ltr'>existi·</span> 
     </span>
     <span class='ocr_line' id='line_1_33' title="bbox 242 3884 1471 3946; baseline 0.003 -14"><span class='ocrx_word' id='word_1_278' title='bbox 242 3899 317 3933; x_wconf 84' lang='lat' dir='ltr'>mans</span> <span class='ocrx_word' id='word_1_279' title='bbox 326 3886 388 3930; x_wconf 90' lang='lat' dir='ltr'>iliud</span> <span class='ocrx_word' id='word_1_280' title='bbox 400 3887 424 3929; x_wconf 87' lang='lat' dir='ltr'>in</span> <span class='ocrx_word' id='word_1_281' title='bbox 435 3886 552 3928; x_wconf 79' lang='lat' dir='ltr'>fraudem</span> <span class='ocrx_word' id='word_1_282' title='bbox 561 3895 593 3927; x_wconf 88' lang='lat' dir='ltr'>ac</span> <span class='ocrx_word' id='word_1_283' title='bbox 601 3886 697 3927; x_wconf 88' lang='lat' dir='ltr'>maium</span> <span class='ocrx_word' id='word_1_284' title='bbox 706 3884 781 3926; x_wconf 87' lang='lat' dir='ltr'>linem</span> <span class='ocrx_word' id='word_1_285' title='bbox 792 3884 870 3927; x_wconf 82' lang='lat' dir='ltr'>luisse</span> <span class='ocrx_word' id='word_1_286' title='bbox 878 3890 1031 3937; x_wconf 87' lang='lat' dir='ltr'>conceptum</span> <span class='ocrx_word' id='word_1_287' title='bbox 1041 3894 1067 3928; x_wconf 90' lang='lat' dir='ltr'>et</span> <span class='ocrx_word' id='word_1_288' title='bbox 1079 3888 1253 3931; x_wconf 86' lang='lat' dir='ltr'>constitutum.</span> <span class='ocrx_word' id='word_1_289' title='bbox 1264 3888 1471 3946; x_wconf 86' lang='lat' dir='ltr'>Prohibuitergo</span> 
     </span>
     <span class='ocr_line' id='line_1_34' title="bbox 241 3955 1473 4013; baseline 0.002 -9"><span class='ocrx_word' id='word_1_290' title='bbox 241 3958 477 4013; x_wconf 84' lang='lat' dir='ltr'>congregationem</span> <span class='ocrx_word' id='word_1_291' title='bbox 487 3956 588 4008; x_wconf 87' lang='lat' dir='ltr'>habet·i;</span> <span class='ocrx_word' id='word_1_292' title='bbox 599 3963 625 3999; x_wconf 90' lang='lat' dir='ltr'>et</span> <span class='ocrx_word' id='word_1_293' title='bbox 636 3956 684 3998; x_wconf 89' lang='lat' dir='ltr'>hac</span> <span class='ocrx_word' id='word_1_294' title='bbox 696 3956 831 3999; x_wconf 85' lang='lat' dir='ltr'>occasione</span> <span class='ocrx_word' id='word_1_295' title='bbox 842 3961 943 4009; x_wconf 85' lang='lat' dir='ltr'>tempus</span> <span class='ocrx_word' id='word_1_296' title='bbox 955 3955 1170 4011; x_wconf 86' lang='lat' dir='ltr'>Congregatloais</span> <span class='ocrx_word' id='word_1_297' title='bbox 1183 3966 1330 4005; x_wconf 84' lang='lat' dir='ltr'>extractum</span> <span class='ocrx_word' id='word_1_298' title='bbox 1340 3969 1380 4005; x_wconf 89' lang='lat' dir='ltr'>eat</span> <span class='ocrx_word' id='word_1_299' title='bbox 1390 3964 1423 4006; x_wconf 89' lang='lat' dir='ltr'>ad</span> <span class='ocrx_word' id='word_1_300' title='bbox 1434 3966 1473 4007; x_wconf 84' lang='lat' dir='ltr'>ai·</span> 
     </span>
     <span class='ocr_line' id='line_1_35' title="bbox 242 4024 1472 4089; baseline 0.003 -14"><span class='ocrx_word' id='word_1_301' title='bbox 242 4039 328 4075; x_wconf 83' lang='lat' dir='ltr'>terum</span> <span class='ocrx_word' id='word_1_302' title='bbox 342 4041 442 4081; x_wconf 85' lang='lat' dir='ltr'>annum,</span> <span class='ocrx_word' id='word_1_303' title='bbox 454 4035 480 4071; x_wconf 89' lang='lat' dir='ltr'>et</span> <span class='ocrx_word' id='word_1_304' title='bbox 491 4028 584 4071; x_wconf 89' lang='lat' dir='ltr'>Patres</span> <span class='ocrx_word' id='word_1_305' title='bbox 594 4026 636 4080; x_wconf 89' lang='lat' dir='ltr'>qul</span> <span class='ocrx_word' id='word_1_306' title='bbox 647 4038 679 4069; x_wconf 86' lang='lat' dir='ltr'>ex</span> <span class='ocrx_word' id='word_1_307' title='bbox 693 4024 833 4070; x_wconf 87' lang='lat' dir='ltr'>Germania</span> <span class='ocrx_word' id='word_1_308' title='bbox 848 4032 873 4070; x_wconf 88' lang='lat' dir='ltr'>et</span> <span class='ocrx_word' id='word_1_309' title='bbox 888 4026 978 4081; x_wconf 87' lang='lat' dir='ltr'>Belgio</span> <span class='ocrx_word' id='word_1_310' title='bbox 990 4037 1124 4083; x_wconf 86' lang='lat' dir='ltr'>venerant,</span> <span class='ocrx_word' id='word_1_311' title='bbox 1138 4042 1167 4073; x_wconf 90' lang='lat' dir='ltr'>re</span> <span class='ocrx_word' id='word_1_312' title='bbox 1177 4030 1274 4076; x_wconf 84' lang='lat' dir='ltr'>iniecta</span> <span class='ocrx_word' id='word_1_313' title='bbox 1283 4040 1472 4089; x_wconf 73' lang='lat' dir='ltr'>reverterunt„</span> 
     </span>
     <span class='ocr_line' id='line_1_36' title="bbox 240 4096 1306 4156; baseline 0.001 -10"><span class='ocrx_word' id='word_1_314' title='bbox 240 4104 362 4147; x_wconf 81' lang='lat' dir='ltr'>Ouvsan</span> <span class='ocrx_word' id='word_1_315' title='bbox 373 4100 502 4153; x_wconf 75' lang='lat' dir='ltr'>linaaaat,</span> <span class='ocrx_word' id='word_1_316' title='bbox 514 4098 554 4142; x_wconf 79' lang='lat' dir='ltr'>De</span> <span class='ocrx_word' id='word_1_317' title='bbox 566 4098 645 4141; x_wconf 82' lang='lat' dir='ltr'>rebus</span> <span class='ocrx_word' id='word_1_318' title='bbox 656 4097 797 4141; x_wconf 79' lang='lat' dir='ltr'>Societatr‘s</span> <span class='ocrx_word' id='word_1_319' title='bbox 807 4096 874 4153; x_wconf 80' lang='lat' dir='ltr'>Jesu</span> <span class='ocrx_word' id='word_1_320' title='bbox 887 4096 1111 4148; x_wconf 80' lang='lat' dir='ltr'>Commentarius,</span> <span class='ocrx_word' id='word_1_321' title='bbox 1121 4112 1181 4155; x_wconf 89' lang='lat' dir='ltr'>pag.</span> <span class='ocrx_word' id='word_1_322' title='bbox 1191 4102 1237 4155; x_wconf 65' lang='lat'>121,</span> <span class='ocrx_word' id='word_1_323' title='bbox 1248 4101 1261 4156; x_wconf 71' lang='grc'><strong>5</strong></span> <span class='ocrx_word' id='word_1_324' title='bbox 1272 4102 1306 4147; x_wconf 89' lang='grc'>10.</span> 
     </span>
    </p>

    <p class='ocr_par' dir='ltr' id='par_1_9' title="bbox 238 4168 1475 4439">
     <span class='ocr_line' id='line_1_37' title="bbox 282 4168 1473 4227; baseline 0.006 -12"><span class='ocrx_word' id='word_1_325' title='bbox 282 4172 295 4205; x_wconf 81' lang='lat'>⁸</span> <span class='ocrx_word' id='word_1_326' title='bbox 321 4168 458 4215; x_wconf 81' lang='lat' dir='ltr'>“Vendrdn</span> <span class='ocrx_word' id='word_1_327' title='bbox 467 4170 496 4212; x_wconf 89' lang='lat' dir='ltr'>de</span> <span class='ocrx_word' id='word_1_328' title='bbox 508 4170 574 4212; x_wconf 87' lang='lat' dir='ltr'>cada</span> <span class='ocrx_word' id='word_1_329' title='bbox 587 4168 723 4213; x_wconf 87' lang='lat' dir='ltr'>Provincia</span> <span class='ocrx_word' id='word_1_330' title='bbox 734 4174 796 4217; x_wconf 89' lang='lat' dir='ltr'>tres,</span> <span class='ocrx_word' id='word_1_331' title='bbox 809 4168 908 4211; x_wconf 88' lang='lat' dir='ltr'>cuando</span> <span class='ocrx_word' id='word_1_332' title='bbox 918 4170 990 4212; x_wconf 84' lang='lat' dir='ltr'>inere</span> <span class='ocrx_word' id='word_1_333' title='bbox 999 4170 1023 4213; x_wconf 86' lang='lat' dir='ltr'>ei</span> <span class='ocrx_word' id='word_1_334' title='bbox 1032 4173 1228 4226; x_wconf 88' lang='lat' dir='ltr'>ayuntamiento</span> <span class='ocrx_word' id='word_1_335' title='bbox 1236 4184 1301 4227; x_wconf 87' lang='lat' dir='ltr'>para</span> <span class='ocrx_word' id='word_1_336' title='bbox 1311 4176 1424 4221; x_wconf 86' lang='lat' dir='ltr'>eleccion</span> <span class='ocrx_word' id='word_1_337' title='bbox 1432 4178 1473 4222; x_wconf 87' lang='lat' dir='ltr'>del</span> 
     </span>
     <span class='ocr_line' id='line_1_38' title="bbox 240 4239 1474 4299; baseline 0.005 -12"><span class='ocrx_word' id='word_1_338' title='bbox 240 4244 364 4295; x_wconf 88' lang='lat' dir='ltr'>Generai,</span> <span class='ocrx_word' id='word_1_339' title='bbox 376 4246 390 4285; x_wconf 87' lang='lat' dir='ltr'>o</span> <span class='ocrx_word' id='word_1_340' title='bbox 401 4242 476 4285; x_wconf 89' lang='lat' dir='ltr'>sobre</span> <span class='ocrx_word' id='word_1_341' title='bbox 486 4250 561 4284; x_wconf 83' lang='lat' dir='ltr'>cosas</span> <span class='ocrx_word' id='word_1_342' title='bbox 572 4252 619 4294; x_wconf 92' lang='lat' dir='ltr'>que</span> <span class='ocrx_word' id='word_1_343' title='bbox 631 4242 646 4282; x_wconf 77' lang='lat' dir='ltr'>a</span> <span class='ocrx_word' id='word_1_344' title='bbox 657 4241 681 4281; x_wconf 78' lang='lat' dir='ltr'>di</span> <span class='ocrx_word' id='word_1_345' title='bbox 690 4247 773 4291; x_wconf 87' lang='lat' dir='ltr'>toean,</span> <span class='ocrx_word' id='word_1_346' title='bbox 786 4240 809 4282; x_wconf 89' lang='lat' dir='ltr'>ei</span> <span class='ocrx_word' id='word_1_347' title='bbox 822 4239 969 4283; x_wconf 89' lang='lat' dir='ltr'>Provinciai</span> <span class='ocrx_word' id='word_1_348' title='bbox 979 4254 996 4296; x_wconf 90' lang='lat' dir='ltr'>y</span> <span class='ocrx_word' id='word_1_349' title='bbox 1007 4246 1079 4285; x_wconf 87' lang='lat' dir='ltr'>otros</span> <span class='ocrx_word' id='word_1_350' title='bbox 1090 4242 1135 4286; x_wconf 93' lang='lat' dir='ltr'>dos</span> <span class='ocrx_word' id='word_1_351' title='bbox 1143 4245 1276 4298; x_wconf 87' lang='lat' dir='ltr'>escogidos</span> <span class='ocrx_word' id='word_1_352' title='bbox 1283 4257 1331 4299; x_wconf 90' lang='lat' dir='ltr'>por</span> <span class='ocrx_word' id='word_1_353' title='bbox 1337 4248 1474 4293; x_wconf 76' lang='lat' dir='ltr'>losdemas</span> 
     </span>
     <span class='ocr_line' id='line_1_39' title="bbox 238 4310 1475 4375; baseline 0.004 -16"><span class='ocrx_word' id='word_1_354' title='bbox 238 4326 275 4359; x_wconf 83' lang='lat' dir='ltr'>ea</span> <span class='ocrx_word' id='word_1_355' title='bbox 290 4312 485 4368; x_wconf 81' lang='lat' dir='ltr'>Congregacion</span> <span class='ocrx_word' id='word_1_356' title='bbox 501 4310 654 4365; x_wconf 87' lang='lat' dir='ltr'>provincial,</span> <span class='ocrx_word' id='word_1_357' title='bbox 671 4322 719 4365; x_wconf 88' lang='lat' dir='ltr'>qne</span> <span class='ocrx_word' id='word_1_358' title='bbox 729 4322 757 4354; x_wconf 88' lang='lat' dir='ltr'>se</span> <span class='ocrx_word' id='word_1_359' title='bbox 768 4310 834 4355; x_wconf 80' lang='lat' dir='ltr'>hara</span> <span class='ocrx_word' id='word_1_360' title='bbox 845 4318 920 4356; x_wconf 86' lang='lat' dir='ltr'>antes</span> <span class='ocrx_word' id='word_1_361' title='bbox 931 4312 961 4356; x_wconf 86' lang='lat' dir='ltr'>de</span> <span class='ocrx_word' id='word_1_362' title='bbox 972 4314 997 4356; x_wconf 90' lang='lat' dir='ltr'>ia</span> <span class='ocrx_word' id='word_1_363' title='bbox 1006 4315 1114 4367; x_wconf 84' lang='lat' dir='ltr'>general</span> <span class='ocrx_word' id='word_1_364' title='bbox 1124 4325 1189 4369; x_wconf 88' lang='lat' dir='ltr'>para</span> <span class='ocrx_word' id='word_1_365' title='bbox 1199 4324 1254 4359; x_wconf 86' lang='lat' dir='ltr'>este</span> <span class='ocrx_word' id='word_1_366' title='bbox 1265 4318 1370 4374; x_wconf 77' lang='lat' dir='ltr'>eiecto„</span> <span class='ocrx_word' id='word_1_367' title='bbox 1379 4320 1475 4375; x_wconf 66' lang='lat' dir='ltr'>Conse,</span> 
     </span>
     <span class='ocr_line' id='line_1_40' title="bbox 241 4383 777 4439; baseline -0.007 -9"><span class='ocrx_word' id='word_1_368' title='bbox 241 4386 292 4439; x_wconf 84' lang='lat' dir='ltr'>(ed.</span> <span class='ocrx_word' id='word_1_369' title='bbox 304 4385 402 4430; x_wconf 81' lang='lat' dir='ltr'>biatrit.</span> <span class='ocrx_word' id='word_1_370' title='bbox 414 4384 485 4435; x_wconf 74' lang='lat'>1892).</span> <span class='ocrx_word' id='word_1_371' title='bbox 496 4397 520 4439; x_wconf 89' lang='lat' dir='ltr'>p.</span> <span class='ocrx_word' id='word_1_372' title='bbox 531 4394 587 4436; x_wconf 74' lang='lat' dir='ltr'>rut,</span> <span class='ocrx_word' id='word_1_373' title='bbox 597 4396 653 4439; x_wconf 89' lang='lat' dir='ltr'>cap.</span> <span class='ocrx_word' id='word_1_374' title='bbox 666 4394 702 4435; x_wconf 91' lang='grc' dir='ltr'>ιιι,</span> <span class='ocrx_word' id='word_1_375' title='bbox 715 4386 734 4427; x_wconf 88' lang='lat' dir='ltr'>i.</span> <span class='ocrx_word' id='word_1_376' title='bbox 745 4383 777 4427; x_wconf 86' lang='lat' dir='ltr'>B.</span> 
     </span>
    </p>

    <p class='ocr_par' dir='ltr' id='par_1_10' title="bbox 244 4456 1475 4584">
     <span class='ocr_line' id='line_1_41' title="bbox 283 4456 1475 4517; baseline 0.008 -16"><span class='ocrx_word' id='word_1_377' title='bbox 283 4456 296 4489; x_wconf 87' lang='lat'>⁸</span> <span class='ocrx_word' id='word_1_378' title='bbox 322 4458 453 4502; x_wconf 77' lang='lat' dir='ltr'>Adrianus</span> <span class='ocrx_word' id='word_1_379' title='bbox 465 4457 652 4500; x_wconf 77' lang='lat' dir='ltr'>Adriadnsaens</span> <span class='ocrx_word' id='word_1_380' title='bbox 663 4462 688 4500; x_wconf 94' lang='lat' dir='ltr'>et</span> <span class='ocrx_word' id='word_1_381' title='bbox 697 4456 847 4501; x_wconf 86' lang='lat' dir='ltr'>Leonardus</span> <span class='ocrx_word' id='word_1_382' title='bbox 858 4456 957 4503; x_wconf 84' lang='lat' dir='ltr'>Rcssei:</span> <span class='ocrx_word' id='word_1_383' title='bbox 968 4458 1010 4503; x_wconf 90' lang='lat' dir='ltr'>hic</span> <span class='ocrx_word' id='word_1_384' title='bbox 1022 4459 1181 4505; x_wconf 87' lang='lat' dir='ltr'>Coloniensis</span> <span class='ocrx_word' id='word_1_385' title='bbox 1197 4460 1314 4517; x_wconf 88' lang='lat' dir='ltr'>collegii,</span> <span class='ocrx_word' id='word_1_386' title='bbox 1330 4463 1375 4509; x_wconf 90' lang='lat' dir='ltr'>iile</span> <span class='ocrx_word' id='word_1_387' title='bbox 1389 4464 1475 4510; x_wconf 81' lang='lat' dir='ltr'>Lava·</span> 
     </span>
     <span class='ocr_line' id='line_1_42' title="bbox 244 4528 885 4584; baseline -0.002 -9"><span class='ocrx_word' id='word_1_388' title='bbox 244 4530 344 4575; x_wconf 79' lang='lat' dir='ltr'>niensis</span> <span class='ocrx_word' id='word_1_389' title='bbox 354 4529 458 4576; x_wconf 82' lang='lat' dir='ltr'>Rectot.</span> <span class='ocrx_word' id='word_1_390' title='bbox 470 4528 500 4571; x_wconf 88' lang='lat' dir='ltr'>de</span> <span class='ocrx_word' id='word_1_391' title='bbox 511 4528 601 4583; x_wconf 83' lang='lat' dir='ltr'>quibus</span> <span class='ocrx_word' id='word_1_392' title='bbox 611 4539 689 4584; x_wconf 87' lang='lat' dir='ltr'>saepe</span> <span class='ocrx_word' id='word_1_393' title='bbox 700 4528 771 4573; x_wconf 86' lang='lat' dir='ltr'>iacta</span> <span class='ocrx_word' id='word_1_394' title='bbox 782 4530 885 4575; x_wconf 86' lang='lat' dir='ltr'>mentio.</span> 
     </span>
    </p>

    <p class='ocr_par' dir='ltr' id='par_1_11' title="bbox 284 4598 1476 4667">
     <span class='ocr_line' id='line_1_43' title="bbox 284 4598 1476 4667; baseline 0.009 -21"><span class='ocrx_word' id='word_1_395' title='bbox 284 4602 298 4636; x_wconf 76' lang='lat'><strong>⁴</strong></span> <span class='ocrx_word' id='word_1_396' title='bbox 324 4600 431 4647; x_wconf 81' lang='lat' dir='ltr'>Addidit</span> <span class='ocrx_word' id='word_1_397' title='bbox 442 4598 567 4644; x_wconf 90' lang='lat' dir='ltr'>Poiancus</span> <span class='ocrx_word' id='word_1_398' title='bbox 577 4600 610 4643; x_wconf 89' lang='lat' dir='ltr'>ad</span> <span class='ocrx_word' id='word_1_399' title='bbox 620 4611 692 4645; x_wconf 89' lang='lat' dir='ltr'>oram</span> <span class='ocrx_word' id='word_1_400' title='bbox 705 4602 814 4655; x_wconf 82' lang='lat' dir='ltr'>paginae</span> <span class='ocrx_word' id='word_1_401' title='bbox 825 4605 905 4649; x_wconf 85' lang='lat' dir='ltr'>verba</span> <span class='ocrx_word' id='word_1_402' title='bbox 916 4606 961 4648; x_wconf 82' lang='lat' dir='ltr'>“ac</span> <span class='ocrx_word' id='word_1_403' title='bbox 972 4604 1000 4651; x_wconf 90' lang='lat' dir='ltr'>P.</span> <span class='ocrx_word' id='word_1_404' title='bbox 1011 4605 1185 4659; x_wconf 83' lang='lat' dir='ltr'>Ludovicum,</span> <span class='ocrx_word' id='word_1_405' title='bbox 1193 4618 1273 4661; x_wconf 86' lang='lat' dir='ltr'>usque</span> <span class='ocrx_word' id='word_1_406' title='bbox 1281 4608 1476 4667; x_wconf 74' lang='lat' dir='ltr'>“Provinciaii.,</span> 
     </span>
    </p>
   </div>
   <div class='ocr_carea' id='block_1_5' title="bbox 243 4672 1478 4803">
    <p class='ocr_par' dir='ltr' id='par_1_12' title="bbox 243 4672 1478 4803">
     <span class='ocr_line' id='line_1_44' title="bbox 287 4672 1478 4787; baseline 0.011 -71"><span class='ocrx_word' id='word_1_407' title='bbox 287 4672 299 4707; x_wconf 81' lang='grc' dir='ltr'>Ι</span> <span class='ocrx_word' id='word_1_408' title='bbox 324 4672 470 4787; x_wconf 48' lang='lat' dir='ltr'>ExscripsQiat</span> <span class='ocrx_word' id='word_1_409' title='bbox 481 4672 546 4715; x_wconf 90' lang='lat' dir='ltr'>haec</span> <span class='ocrx_word' id='word_1_410' title='bbox 557 4672 610 4715; x_wconf 86' lang='lat' dir='ltr'>iere</span> <span class='ocrx_word' id='word_1_411' title='bbox 622 4672 654 4717; x_wconf 90' lang='lat' dir='ltr'>ad</span> <span class='ocrx_word' id='word_1_412' title='bbox 666 4675 773 4719; x_wconf 85' lang='lat' dir='ltr'>verbum</span> <span class='ocrx_word' id='word_1_413' title='bbox 786 4674 812 4719; x_wconf 82' lang='grc' dir='ltr'>Ρ.</span> <span class='ocrx_word' id='word_1_414' title='bbox 826 4672 947 4721; x_wconf 87' lang='lat' dir='ltr'>Sacchlni</span> <span class='ocrx_word' id='word_1_415' title='bbox 958 4685 983 4721; x_wconf 85' lang='lat' dir='ltr'>et</span> <span class='ocrx_word' id='word_1_416' title='bbox 992 4678 1018 4721; x_wconf 87' lang='lat' dir='ltr'>in</span> <span class='ocrx_word' id='word_1_417' title='bbox 1026 4689 1099 4723; x_wconf 86' lang='lat' dir='ltr'>suana</span> <span class='ocrx_word' id='word_1_418' title='bbox 1110 4680 1245 4723; x_wconf 87' lang='lat' dir='ltr'>transtullt</span> <span class='ocrx_word' id='word_1_419' title='bbox 1257 4678 1328 4725; x_wconf 84' lang='lat' dir='ltr'>Hist.</span> <span class='ocrx_word' id='word_1_420' title='bbox 1340 4680 1396 4729; x_wconf 85' lang='lat' dir='ltr'>Soc.</span> <span class='ocrx_word' id='word_1_421' title='bbox 1407 4683 1478 4739; x_wconf 72' lang='lat' dir='ltr'>ses..</span> 
     </span>
     <span class='ocr_line' id='line_1_45' title="bbox 243 4746 474 4803; baseline -0.004 -15"><span class='ocrx_word' id='word_1_422' title='bbox 243 4758 271 4803; x_wconf 80' lang='lat' dir='ltr'>p.</span> <span class='ocrx_word' id='word_1_423' title='bbox 285 4746 366 4798; x_wconf 87' lang='lat' dir='ltr'>u,iib.</span> <span class='ocrx_word' id='word_1_424' title='bbox 376 4756 393 4801; x_wconf 91' lang='lat'>1,</span> <span class='ocrx_word' id='word_1_425' title='bbox 405 4756 429 4788; x_wconf 90' lang='lat' dir='ltr'>n.</span> <span class='ocrx_word' id='word_1_426' title='bbox 468 4775 474 4787; x_wconf 95' lang='lat'>.</span> 
     </span>
    </p>
   </div>
   <div class='ocr_carea' id='block_1_6' title="bbox 0 0 1844 5348">
    <p class='ocr_par' dir='ltr' id='par_1_13' title="bbox 0 0 1844 5348">
     <span class='ocr_line' id='line_1_46' title="bbox 0 0 1844 5348; baseline 0 0"><span class='ocrx_word' id='word_1_427' title='bbox 0 0 1844 5348; x_wconf 95' lang='lat' dir='ltr'> </span> 
     </span>
    </p>
   </div>
  </div>
 </body>
</html>
