3642 5350
775 469 840 531 Aa.
861 468 933 531 1556
1420 466 1487 529 aot*

306 631 393 699 1024.
437 630 563 699 Statim
577 630 636 699 illa
652 652 780 716 urgere
795 636 912 718 coepit
928 634 1125 714 Rectorem;
1142 618 1299 697 sedtum
1319 648 1391 696 non
1411 631 1474 695 ha·

244 741 343 805 beret
367 757 472 822 quem
496 742 541 806 ad
566 741 766 824 huJusmodi
791 744 889 824 pium
914 759 1002 824 opus
1027 742 1192 807 idoneum
1214 739 1379 819 mitteret,
1402 754 1473 820 quo

246 846 394 929 Neapoli
408 865 532 914 carere
550 860 688 931 posset,
709 852 884 915 convertit
903 868 983 915 sese
1002 858 1164 915 matrona
1189 848 1248 911 illa
1267 844 1474 925 (Dominam

246 955 450 1021 Lucretiam
468 955 624 1021 Storenti
642 958 837 1036 vocabant)
862 956 907 1021 ad
932 958 1106 1021 rationem
1125 954 1314 1020 ineundam
1333 952 1474 1034 collegii

246 1064 283 1126 in
298 1062 484 1127 sufficienti
497 1080 645 1129 numero
660 1064 876 1145 instituendi,
893 1074 927 1129 et
945 1064 1029 1147 quia
1043 1064 1207 1145 locuplex
1221 1070 1315 1141 erat,
1331 1068 1474 1142 praeter

247 1169 391 1235 domum
404 1171 628 1236 commodam
642 1189 724 1236 cum
738 1172 854 1252 borto,
870 1181 904 1237 et
920 1172 1069 1250 reditus,
1087 1188 1176 1251 quos
1190 1169 1267 1252 ipsa
1289 1169 1475 1249 assignare

247 1286 396 1359 poterat,
417 1278 625 1345 beneficium
645 1278 823 1361 quoddam
842 1280 992 1361 simplex
1009 1277 1098 1359 J'urls
1119 1284 1329 1360 patronatus
1348 1274 1475 1340 domus

247 1401 333 1450 suae
347 1385 597 1467 applicandum
615 1399 800 1466 curatura,
823 1396 859 1451 et
878 1387 1076 1468 oppidanos
1097 1394 1136 1450 ut
1155 1385 1223 1466 ipsi
1241 1382 1373 1465 aliquid
1392 1400 1476 1449 con·

248 1489 381 1557 ferrent
395 1510 557 1574 suasura,
574 1494 620 1558 ad
636 1494 855 1575 praedictum
869 1492 1037 1575 oppidum
1052 1510 1091 1557 se
1105 1492 1182 1574 ipsa
1193 1491 1351 1555 contulit.

313 1599 400 1665 1025.
443 1600 589 1683 Majoris
609 1605 777 1665 momenti
797 1601 862 1666 suit
882 1601 953 1664 alia
973 1599 1121 1681 Collegii
1142 1598 1331 1677 institutio,
1348 1596 1392 1661 de
1406 1614 1483 1679 qua·

251 1723 371 1771 mense
394 1707 488 1791 Julio
507 1707 675 1773 Vicarius
696 1708 951 1788 Neapolitanus
977 1706 1052 1787 (qui
1074 1706 1254 1771 Vestanus
1279 1704 1477 1786 Episcopus

251 1823 328 1877 erat
343 1815 369 1893 ¹)
383 1813 481 1879 Patri
495 1814 634 1895 ignatio
649 1816 807 1895 scripsit,
820 1816 985 1898 quamvis
999 1822 1081 1896 post
1091 1812 1167 1895 ejus
1182 1814 1315 1878 obitum
1327 1810 1475 1876 Romam

251 1921 390 1986 litterae
404 1931 654 2003 pervenerunt.
762 1928 770 2000 ,’

313 2027 401 2094 1026.
444 2030 509 2094 Est
533 2028 681 2112 Neapoli
701 2031 840 2111 insigne
854 2030 1041 2111 hospitale,
1065 2030 1130 2093 sub
1150 2028 1392 2094 Annuntiatae
1416 2044 1477 2091 no·

253 2138 349 2202 mine
375 2135 398 2215 ¹,
424 2138 461 2201 in
485 2154 554 2219 quo
576 2138 725 2219 singulis
744 2139 848 2204 annis
871 2139 1018 2218 triginta
1039 2137 1148 2201 millia
1175 2146 1355 2201 scutorum
1376 2144 1411 2199 et
1435 2152 1477 2199 eo

252 2245 403 2327 amplius
424 2247 624 2328 inpietatis
647 2264 756 2329 opera
778 2247 1048 2327 expenduntur,
1069 2256 1107 2311 ut
1127 2254 1245 2310 autem
1264 2260 1355 2326 quae
1378 2243 1477 2324 spiri·

252 2353 361 2417 tualia
377 2362 475 2432 sunt,
491 2362 529 2417 ut
545 2354 746 2435 oportebat,
764 2364 1014 2434 tractarentur,
1030 2352 1203 2434 agebatur
1217 2352 1261 2416 de
1276 2348 1477 2431 hujusmodi

256 2477 375 2524 rerum
389 2461 626 2540 spiritualium
639 2478 726 2526 cura
742 2460 913 2526 Societati
929 2470 1071 2526 nostrae
1086 2459 1350 2525 committenda.

315 2566 404 2632 1027.
446 2568 690 2648 Assignabant
714 2578 833 2633 autem
854 2570 971 2633 locum
991 2566 1160 2633 Societati
1179 2564 1415 2645 commodum,
1443 2576 1479 2631 et

252 2675 386 2740 nullum
397 2662 929 2757 Superioremnisiasocietate
940 2676 1181 2755 constitutum,
1194 2675 1325 2739 habere
1335 2683 1478 2738 nostros

253 2783 430 2863 volebant,
444 2792 477 2847 et
489 2783 623 2848 reditus
636 2783 788 2849 duorum
799 2786 947 2849 millium
959 2783 1169 2849 ducatorum
1181 2792 1215 2846 et
1226 2782 1378 2863 amplius
1392 2781 1479 2846 assi·

253 2907 366 2970 gnare
380 2892 498 2972 parati
512 2900 630 2970 erant;
646 2909 729 2957 nam
744 2892 832 2956 hacc
846 2909 985 2956 summa
1005 2891 1040 2954 ln
1060 2890 1296 2955 saecularium
1316 2889 1478 2954 sacerdo·

254 3007 328 3061 tum
341 2997 516 3078 stipendia
531 2997 682 3078 singulis
696 2999 800 3063 annis
814 2999 1101 3078 distribuebatur,
1118 2997 1177 3079 qui
1193 3007 1311 3062 tamen
1326 2996 1362 3061 in
1373 2996 1480 3062 rebus

253 3105 495 3187 spiritualibus
509 3106 583 3171 iere
597 3107 684 3170 nihil
698 3107 929 3188 praestabant
943 3105 965 3166 ³.

257 3214 261 3220 '
316 3211 405 3277 1028.
446 3211 698 3292 Proponcbant
716 3224 835 3276 autem
855 3223 892 3277 ut
908 3211 1106 3293 Collegium
1128 3221 1288 3276 nostrum
1308 3209 1478 3276 venderet

255 3319 399 3384 domum
423 3319 535 3399 illam,
563 3337 670 3401 quam
694 3329 854 3384 emerant
878 3337 972 3384 anno
997 3319 1160 3400 proximo
1179 3315 1202 3398 ⁴,
1223 3327 1262 3382 ut
1282 3317 1480 3382 aedificium

254 3427 455 3491 absolveret
469 3426 596 3491 domus
609 3427 677 3509 ipsi
692 3427 947 3508 assignandae,
970 3427 1006 3490 in
1021 3443 1090 3508 qua
1107 3425 1233 3506 viginti
1247 3426 1401 3508 quinque
1423 3442 1479 3489 cu·

254 3534 373 3598 bicula
384 3532 459 3617 jam
473 3533 569 3599 lacta
584 3545 687 3600 erant
708 3535 892 3616 etreliqua
908 3534 1011 3599 facile
1034 3531 1161 3598 confici
1175 3542 1356 3615 poterant;
1377 3531 1479 3596 habe·

254 3642 314 3706 bat
328 3642 423 3706 enim
437 3641 527 3706 duas
537 3659 642 3706 areas
653 3659 734 3706 cum
745 3641 903 3708 fontibus
916 3643 952 3706 in
967 3640 1082 3707 medio
1096 3641 1253 3723 ipsarum
1268 3649 1302 3704 et
1317 3641 1423 3704 situm
1435 3639 1481 3704 ad

254 3748 511 3814 aedificandum
523 3748 700 3814 idoneum.

254 4011 302 4055 che
312 4009 497 4065 quattuordlcl,
505 4020 577 4054 corne
584 4010 631 4054 dee
640 4021 733 4065 sapere
743 4010 777 4054 V.
787 4009 829 4066 R.;
839 4021 881 4055 mn
891 4011 913 4054 si
921 4009 1008 4066 potrla
1016 4008 1057 4054 lar
1064 4013 1155 4064 questo
1165 4007 1190 4052 dl
1201 4006 1325 4053 mandare
1332 4008 1425 4052 alcuna
1435 4015 1480 4062 pcr

254 4093 288 4126 un
299 4087 549 4137 trentaoqnaraota
562 4082 647 4137 glomi
662 4083 733 4137 epol
748 4090 909 4135 tornarsene,
925 4093 939 4126 e
954 4087 1045 4138 questo
1060 4080 1162 4136 quando
1178 4079 1204 4124 ln
1222 4077 1315 4134 anoll
1331 4079 1451 4123 nvesslno
1464 4079 1481 4124 ll

253 4155 337 4209 modo,
347 4155 365 4198 ll
374 4155 422 4199 ebe
432 4163 483 4198 non
492 4154 559 4199 redo
569 4155 609 4199 sla
619 4165 666 4208 per
675 4154 776 4209 adesso,
788 4155 895 4199 essendo
904 4155 953 4198 ebe
963 4156 987 4198 ci
995 4152 1157 4198 domaudnno
1166 4163 1217 4207 qun
1224 4149 1296 4196 eluto
1306 4150 1332 4195 dl
1342 4151 1481 4203 sacerdotl,

252 4229 332 4271 etlam
345 4237 393 4282 per
406 4225 499 4280 anoll
514 4226 665 4271 necessarii·
679 4225 719 4272 La
732 4238 833 4271 summa
848 4227 873 4270 di
883 4233 975 4282 questo
985 4226 1007 4270 sl
1018 4225 1171 4280 rispoodera
1181 4235 1197 4268 a
1208 4223 1282 4269 detta
1290 4221 1426 4278 signorm,
1438 4221 1482 4268 l’o·

252 4299 352 4352 uncus,
362 4309 396 4343 ex
406 4309 482 4350 com„
491 4297 564 4362 Pptrl
574 4297 762 4354 christophoro
773 4299 805 4344 de
814 4298 948 4353 Menum,
959 4298 985 4342 19
994 4297 1102 4353 Aprilis.

293 4371 303 4404 ί
332 4369 400 4416 Vide
409 4381 498 4426 supra,
506 4380 567 4425 pag.
579 4371 628 4426 ²52,
639 4383 663 4415 a.
673 4371 725 4416 971.
775 4398 779 4411 .

292 4444 304 4478 ¹
330 4441 397 4488 Vide
406 4442 447 4487 D!
457 4441 602 4498 Summo,
613 4443 780 4488 Decrittione
791 4443 836 4487 dei
844 4442 937 4496 luoglti
946 4443 1021 4487 sacri
1035 4441 1108 4488 della
1118 4441 1184 4485 citld
1195 4441 1226 4486 ai
1234 4440 1343 4498 Napoli,
1357 4441 1400 4485 iol.
1410 4439 1481 4488 tona.

291 4514 304 4548 ⁸
330 4513 383 4560 ⁸10⁸
392 4515 466 4560 detta
474 4512 569 4560 Cillan
579 4514 639 4560 dell'
648 4515 813 4560 Annunzlata
823 4519 837 4559 c
847 4516 961 4560 nillclata
972 4515 1004 4559 da
1015 4513 1087 4559 Pretl
1101 4519 1231 4569 quaranta
1242 4524 1256 4557 e
1268 4513 1376 4558 Dlaconi
1386 4520 1481 4564 trenta,

253 4598 267 4631 e
283 4589 344 4633 tutti
358 4589 407 4632 ben
421 4587 519 4643 pagati,
532 4587 580 4632 clue
590 4586 669 4641 boggl
681 4587 706 4631 in
720 4587 814 4642 Napoll
827 4598 877 4632 non
892 4588 916 4631 ci
932 4587 1045 4636 tcutesa
1058 4587 1105 4638 ebe
1121 4587 1160 4635 sla
1171 4587 1225 4637 cosl
1237 4587 1285 4632 bea
1300 4585 1483 4637 servitutum

254 4670 336 4714 eus„
343 4659 391 4714 In..
401 4659 477 4708 told..
487 4659 531 4704 iol.
540 4659 577 4704 to.

295 4732 307 4768 t
333 4729 401 4782 Vide
408 4741 495 4794 nupta,
506 4737 526 4777 t.
537 4743 564 4787 v,
572 4741 633 4793 pag.
645 4730 693 4790 lffl,
704 4743 728 4776 n.
738 4731 787 4786 518.
