3642 5350
714 427 986 489 Arium
1405 417 1464 483 ’813

236 573 514 659 &membrum
519 576 728 655 lethargum
733 574 868 655 incidit,
881 582 917 639 et
927 574 1035 641 Extr
1024 570 1283 647 naailnctroue
1291 570 1462 651 accepta,

237 682 414 767 postridie·
421 682 585 763 decessit,
592 682 687 749 nibil
700 682 902 749 sentiensr·
1192 701 1247 735 ··
1292 710 1296 727 =
1360 716 1368 737 2
1417 713 1432 725 -
1450 697 1460 736 l

256 790 410 875 Ι.;,,·1279
431 788 630 877 Singularis
658 790 821 871 puritatis
850 788 905 855 vir
933 739 1011 853 erat
1040 736 1092 853 et
1077 727 1272 865 eruditus,
1297 726 1463 865 quamvls

239 898 478 969 conscientiae
492 898 668 978 scrupulis
682 913 753 963 non
768 897 992 961 mediocriter
1007 895 1222 976 agitabatur

254 1003 391 1083 -21cl280.
433 1004 586 1072 Ducissa
600 1004 768 1083 Bibonae,
786 1022 877 1086 quae
888 1004 924 1068 ei
939 1002 1099 1070 confiteri
1110 1002 1331 1079 decreverat,
1343 997 1462 1080 gravi.

240 1122 296 1182 ter
306 1110 499 1181 admodum
514 1112 558 1177 de
572 1110 647 1193 eius
661 1112 810 1179 decessu
825 1112 947 1177 doluit.
1048 1132 1052 1171 ;
1456 1135 1460 1140 -

245 1252 248 1258 ·
268 1236 272 1277 τ
305 1218 393 1299 1281.
436 1218 485 1285 At
496 1218 622 1285 Petrus
636 1218 860 1299 Laurentius,
876 1216 1168 1296 Pisisoriundus,
1181 1214 1323 1296 juvenis
1337 1210 1464 1295 viginti

241 1307 428 1405 annorum,
454 1325 496 1391 in.
514 1326 657 1405 graecis
681 1336 716 1389 et
743 1326 862 1390 latinis
890 1324 1024 1390 litteris
1044 1321 1366 1389 non‘mediocriter
1386 1336 1466 1401 pro.-

242 1444 377 1511 rectus,
392 1432 429 1499 in
442 1444 634 1513 progressu
648 1432 757 1499 lebris
775 1433 812 1497 iu
826 1432 1016 1514 phrenesin
1028 1431 1171 1510 incidit,
1191 1439 1227 1494 et
1245 1446 1317 1494 non
1338 1443 1465 1509 pamm

241 1550 445 1605 nostrorum
469 1540 676 1620 patientiam
700 1539 875 1619 exercuit,
892 1548 928 1605 et
946 1538 1084 1604 decima
1102 1546 1232 1602 octava
1249 1534 1465 1619 Septembris

242 1647 289 1713 ad
303 1645 495 1714 Dominum
509 1646 690 1726 migravit.

245 1816 250 1833 ‚
308 1752 395 1819 1282.
438 1752 639 1819 inciderant
654 1770 697 1819 eo
718 1763 876 1835 tempore
895 1753 931 1817 in
951 1753 1116 1817 morbum
1132 1753 1288 1836 Joannes
1307 1748 1468 1833 Baptista

244 1858 434 1942 Gayanus,
446 1861 714 1941 neapolitanus,
731 1868 766 1925 et
777 1860 932 1944 Jacobus
946 1858 1195 1925 messanensis:
1212 1858 1309 1940 prior
1322 1856 1469 1939 egregio

246 1967 386 2049 iugenio
401 1977 437 2035 et
451 1967 649 2037 eruditione
664 1977 698 2032 et
712 1966 963 2049 placidissimis
981 1966 1138 2031 moribus
1151 1975 1247 2046 erat,
1266 1973 1303 2030 et
1322 1979 1470 2047 prorsus

243 2090 400 2155 magnae
421 2074 679 2155 expectationis
694 2072 851 2155 iuvenis,
877 2074 938 2155 qui
958 2090 1145 2155 supremae
1165 2071 1271 2137 classi
1291 2071 1467 2153 praeerat:

247 2181 309 2245 sed
324 2192 398 2245 tam
414 2182 488 2262 ipse
508 2197 613 2261 quam
627 2178 782 2263 Jacobus
800 2181 1004 2263 praedictus
1025 2179 1171 2245 Octobri
1192 2196 1313 2245 mense
1334 2178 1380 2243 ad
1398 2176 1470 2242 Do·

245 2288 380 2355 minum
399 2286 608 2367 migrarunt.

311 2394 398 2461 1283.
442 2393 564 2475 Itaque
578 2395 691 2475 primo
706 2412 812 2474 anno,
828 2396 937 2461 immo
951 2398 1045 2461 intra
1060 2405 1132 2460 tres
1146 2411 1287 2461 menses
1301 2393 1409 2472 iilius,
1425 2410 1472 2459 ex

248 2502 434 2568 duodecim
459 2502 612 2583 quinque
634 2519 656 2566 a
674 2503 864 2569 Bibonensi
884 2503 930 2568 ad
952 2505 1106 2568 coeleste
1129 2502 1319 2585 collegium
1341 2500 1473 2582 migra·

245 2620 332 2676 runt
351 2606 370 2669 ¹.

313 2715 400 2782 1284.
443 2717 522 2798 Ipse
537 2717 644 2782 etiam
658 2718 697 2784 P.
716 2720 951 2799 Eleutherius,
977 2718 1120 2799 Rector,
1137 2719 1268 2800 aliquid
1287 2716 1472 2798 sanguinis

249 2841 377 2906 spuere
392 2825 525 2906 coepit,
545 2825 608 2890 sed
628 2842 698 2889 non
713 2843 759 2890 ex
778 2836 939 2908 pectore,
955 2836 993 2890 ut
1011 2827 1148 2891 medico
1163 2837 1198 2890 et
1216 2826 1357 2906 ipsimet
1376 2823 1472 2888 vide·

249 2932 365 3012 batur,
392 2932 540 3011 sanguis
561 2931 637 3012 ille,
657 2933 742 3013 quin
760 2934 877 3014 potius
898 2952 946 2998 ex
966 2933 1101 3016 capite,
1122 2933 1369 2998 descendebat.
1393 2931 1472 2996 Non

249 3047 369 3103 tamen
394 3047 583 3120 propterea
603 3049 664 3104 aut
682 3039 852 3104 lectiones
877 3051 939 3104 aut
959 3041 1216 3120 consessiones
1239 3035 1329 3121 qu‘as
1349 3038 1472 3104 audire

251 3145 376 3210 solitus
390 3154 484 3225 erat,
500 3146 681 3211 hominum
697 3148 976 3228 aegrotantium,
996 3148 1199 3222 intermlsit,
1215 3157 1253 3211 ut
1267 3163 1333 3211 nec
1355 3143 1474 3226 pacili-

252 3253 410 3318 cationes
425 3251 642 3319 discordium
655 3263 691 3318 et
704 3253 903 3335 hujusmodi
919 3256 1106 3320 charitatis
1121 3273 1243 3336 opera.

250 3409 257 3425 ,
314 3357 402 3422 1285.
446 3359 537 3424 Aliis
558 3370 687 3437 autern,
708 3363 787 3426 loco
802 3362 1059 3441 defunctorum,
1075 3380 1096 3426 a
1112 3361 1150 3426 P.
1165 3361 1380 3426 Provinciali
1394 3361 1476 3426 sub·

253 3467 382 3545 missis,
399 3467 521 3531 decem
536 3485 682 3532 numero
697 3485 775 3534 esse
791 3478 996 3550 coeperunt;
1011 3480 1046 3535 et
1061 3479 1134 3534 tam
1150 3470 1319 3534 lectiones
1336 3469 1476 3534 schola·

254 3591 331 3639 rum
346 3589 453 3654 quam
467 3575 537 3638 alia
557 3575 766 3654 ministeria,
789 3585 970 3658 resumpta
983 3576 1135 3641 fuerunt.
1344 3559 1352 3570 ’

273 3719 289 3740 ι,
308 3679 405 3746 1286.
446 3681 596 3746 Scholae
611 3691 728 3747 autem
744 3683 789 3746 ob
809 3692 881 3747 tarn
897 3686 1087 3749 multorum
1102 3693 1370 3766 praeceptorum
1385 3700 1476 3749 mor·

254 3799 341 3864 tem,
359 3805 439 3854 cum
454 3799 620 3870 parentes
638 3799 867 3869 terrerentur,
883 3792 989 3857 vaide
1009 3792 1214 3857 imminutae
1233 3791 1392 3869 fuerunt;
1415 3789 1478 3854 sed

250 3895 424 3977 paulatim
445 3895 623 3976 redibant,
639 3907 674 3961 et
688 3914 808 3962 mense
823 3897 1017 3963 Novembri
1037 3899 1263 3980 septuaginta
1280 3897 1355 3978 jam
1376 3897 1476 3962 sciro·

254 4004 308 4067 ias
322 4003 589 4069 continuabant.
1440 4026 1442 4029 ·

316 4135 404 4202 1287.
447 4137 544 4204 Loco
558 4137 673 4204 Patris
684 4139 812 4204 Marini
827 4140 955 4205 missus
968 4152 1022 4204 est
1037 4139 1075 4204 P.
1092 4139 1297 4222 Alphonsus
1312 4142 1354 4206 de
1365 4140 1478 4206 Vilia·

253 4246 363 4326 loboS,
376 4256 423 4326 et,
440 4255 477 4310 ut
491 4246 624 4346 scholis
634 4257 850 4344 praeessent,
864 4247 1073 4313 Vincentius
1083 4247 1253 4347 Romena,
1268 4247 1477 4330 Dominicus

297 4556 306 4591 ¹
333 4557 477 4603 Memorant
491 4569 580 4605 eorum
592 4561 683 4606 lunera
697 4561 819 4606 Litterae
834 4561 1067 4628 Quadrimestres,
1078 4566 1097 4605 t
1112 4573 1141 4605 rr
1142 4572 1241 4623 ,Μ
1215 4561 1286 4618 oli:
1296 4560 1485 4621 “Qpatrodelli

252 4614 459 4675 instillarent
458 4616 529 4676 intr'a
540 4622 630 4687 'questo
640 4633 726 4689 spatio
736 4621 762 4677 se
774 4645 804 4677 ne
815 4642 876 4678 sono
887 4633 975 4678 nudati
987 4633 1013 4677 11
1024 4617 1155 4688 signore,
1167 4615 1258 4706 quibus
1269 4634 1424 4692 praeiverat
1431 4633 1487 4693 1111·

258 4701 443 4758 toniurGuido,
454 4714 540 4760 supra,
551 4717 576 4750 n.
588 4705 647 4750 1277.
