3642 5350
803 481 869 540 Au.
891 481 960 540 1³56
1460 479 1494 540 19

266 624 355 688 chae
369 623 405 688 in
419 623 488 688 hac
502 633 603 704 parte
619 625 946 689 communicaverat
964 623 985 686 ⁸.
1001 623 1211 706 Scrupulum
1227 635 1345 689 autem
1364 624 1494 690 ademit

267 731 444 813 Episcopo
469 730 689 813 Hierapolis,
715 731 813 796 Patri
837 730 1020 809 Andreae,
1043 729 1088 794 de
1112 731 1172 795 illa
1196 732 1341 796 civitate
1366 732 1493 797 adeun·

268 839 315 902 da
330 837 358 918 ¹3
375 839 459 920 quia
475 839 563 902 haec
580 857 678 902 mens
693 836 809 902 suerat
831 837 967 903 Summi
987 837 1177 918 PontificiS,
1200 848 1238 902 ut
1257 839 1338 902 inde
1356 839 1494 902 titulum

228 972 234 981 ·
268 957 436 1024 sumeret,
452 945 564 1009 sedin
579 937 684 1009 vinea
698 943 910 1026 Aethiopiae
924 944 1108 1024 latissima,
1125 954 1163 1008 ut
1174 945 1358 1026 coadjutor
1373 955 1407 1010 et
1418 963 1494 1011 suc·

268 1068 390 1117 cessor
404 1051 648 1130 Patriarchae,
665 1054 836 1116 talentum
851 1070 871 1116 a
887 1051 1040 1116 Domino
1055 1062 1240 1132 acceptum
1254 1063 1448 1116 exerceret.

327 1159 379 1224 45.
422 1158 526 1240 Quod
550 1159 676 1222 attinet
700 1159 746 1222 ad
772 1159 923 1222 officium
940 1159 1025 1222 illud
1048 1158 1302 1240 InquisitioniS,
1330 1159 1423 1238 quod
1456 1160 1493 1224 in

264 1267 484 1346 Portugallia
499 1265 631 1329 nostris
646 1266 864 1330 committere
878 1263 957 1328 Rex
967 1266 1121 1343 volebat,
1135 1266 1272 1330 censuit
1281 1266 1321 1330 Ρ.
1334 1263 1493 1346 ignatius

266 1374 405 1438 admitti
419 1391 492 1437 non
513 1373 653 1446 debere,
676 1373 960 1454 quandoquidem
976 1371 1199 1437 Praefectum
1214 1373 1308 1436 hunc
1328 1373 1435 1437 eximi
1450 1375 1494 1436 ab

265 1473 468 1546 obedientia
485 1479 716 1561 Superiorum
726 1479 920 1545 ¹Societatis
935 1480 1103 1544 volebant
1117 1477 1140 1543 ⁸.

326 1587 376 1651 46.
422 1586 524 1668 Quod
544 1586 589 1650 ad
611 1603 733 1650 curam
759 1587 883 1651 attinet
909 1587 1156 1650 convictorum
1181 1587 1443 1667 suscipiendam
1459 1587 1495 1649 in

266 1694 429 1774 Collegio
445 1693 741 1773 Conimbricensi,
765 1694 814 1757 ita
833 1711 913 1757 eam
934 1694 1067 1757 assumi
1088 1710 1192 1774 posse
1208 1693 1390 1772 sentiebat,
1407 1703 1445 1757 ut
1459 1694 1496 1756 in

265 1811 435 1883 separata
462 1801 567 1865 domo
593 1801 643 1864 illi
667 1800 880 1879 habitarent,
904 1810 939 1863 et
960 1810 1146 1863 externum
1169 1801 1322 1880 aliquem
1347 1817 1496 1864 oecono-

267 1927 365 1974 mum
385 1908 567 1986 haberent,
589 1909 649 1988 qui
670 1907 878 1988 temporalia
897 1917 1051 1984 curaret,
1080 1907 1316 1986 spiritualium
1334 1925 1421 1971 cura
1436 1925 1496 1970 no·

266 2016 353 2080 stris
374 2016 510 2085 relicta.
527 2013 653 2095 quibus
667 2011 846 2078 ‘ministri
868 2013 975 2076 etiam
990 2014 1127 2076 externi
1139 2023 1315 2094 parerent,
1342 2015 1436 2093 quod
1450 2013 1496 2077 ad

266 2123 428 2204 ipsorum
442 2121 733 2202 gubernationem
749 2120 873 2184 attinet
885 2118 907 2183 ⁸.
921 2119 1070 2183 Nostros
1082 2129 1211 2198 autem,
1225 2119 1286 2201 qui
1300 2119 1495 2184 residerent

265 2230 305 2293 in
319 2228 478 2309 Collegio
500 2228 756 2305 convictorum,
781 2227 827 2289 ali
849 2244 955 2307 posse
974 2227 1011 2290 in
1029 2225 1154 2290 eodem
1172 2225 1369 2307 iudicabat,
1386 2225 1496 2290 nam‘

268 2352 423 2416 aequum
435 2351 513 2398 esse
526 2343 564 2396 ut
576 2333 689 2397 nostri
701 2332 849 2412 Collegii
861 2332 1027 2412 expensis
1037 2333 1212 2412 viverent,
1227 2333 1322 2413 quod
1334 2335 1496 2414 exemplo

268 2442 516 2507 convictorum
531 2440 678 2521 Collegii
700 2439 904 2505 Germanici
921 2440 1166 2521 comprobavit
1181 2438 1203 2499 ⁷.

329 2549 380 2612 47.
423 2547 572 2612 Doctori
585 2547 772 2627 Vergarae
787 2556 937 2628 quatuor
953 2546 1140 2628 privilegia
1155 2547 1223 2610 hoc
1236 2564 1329 2610 anno
1340 2547 1378 2611 Ρ.
1395 2546 1496 2627 Igna·

268 2657 341 2721 tius
354 2655 541 2721 concessit.
571 2653 736 2733 Primum,
752 2664 791 2717 ut
806 2655 923 2718 nullus
948 2654 1192 2719 admitteretur
1210 2654 1287 2718 sine
1306 2653 1418 2736 ipsius
1436 2672 1495 2719 vo-

268 2767 403 2830 luntate
419 2762 465 2828 ad
479 2762 676 2843 Collegium
695 2760 956 2841 Complutense,
974 2762 1030 2825 cui
1049 2761 1141 2825 bona
1162 2781 1207 2826 ex
1221 2773 1322 2843 parte
1335 2778 1496 2826 necessa·

270 2872 324 2935 ria
340 2872 414 2952 ipse
429 2869 729 2935 subministrabat.
750 2868 963 2947 Secundum,
983 2887 1028 2932 ne
1047 2888 1092 2932 ex
1111 2869 1365 2949 collegialibus,
1387 2870 1498 2949 quiin

271 2979 396 3043 eodem
410 2986 538 3055 essent,
561 2977 747 3059 quisquam
763 2978 839 3040 sine
865 2976 940 3056 ejus
965 2993 1138 3040 consensu
1157 2987 1191 3041 et
1207 2977 1413 3057 probatione
1429 2978 1498 3041 alio

272 3086 478 3149 mitteretur.
510 3084 680 3165 Tertium,
714 3085 749 3148 in
779 3083 940 3148 aedificio
965 3082 1122 3163 ejusdem
1147 3083 1311 3164 Collegii,
1341 3096 1380 3148 ut
1407 3086 1499 3149 ratio

272 3193 461 3256 haberetur
476 3192 599 3273 ipsiuS,
616 3208 681 3255 nec
697 3202 822 3255 contra
837 3191 949 3271 ipsius
968 3192 1179 3254 sententiam
1199 3191 1390 3272 quidquam
1404 3210 1446 3255 ea
1462 3193 1498 3255 in

272 3308 374 3381 parte
388 3298 498 3363 fieret.
514 3297 698 3378 Quartum,
715 3308 753 3361 ut
768 3316 813 3361 ex
828 3298 990 3379 pecunia,
1007 3316 1096 3379 quae
1116 3298 1358 3377 collegialibus
1372 3299 1499 3363 submi·

270 3406 505 3484 nistrabatur,
524 3405 569 3469 ad
594 3405 750 3485 ipsorum
774 3404 1065 3468 sustentationem
1085 3404 1270 3483 (siquidem
1297 3405 1501 3470 scholastici

273 3512 449 3593 Compluti
467 3513 504 3577 in
518 3511 712 3591 Collegium
733 3511 878 3575 admissi
903 3511 1032 3589 essent)
1055 3529 1126 3575 non
1152 3512 1412 3592 disponeretur,
1432 3513 1500 3577 nisi

270 3618 373 3700 juxta
392 3619 550 3701 ejusdem
571 3619 739 3683 Doctoris
757 3620 993 3697 voluntatem;
1020 3628 1056 3682 et
1077 3619 1206 3700 siquis
1229 3637 1351 3682 eorum
1366 3617 1501 3683 Siman-

275 3744 337 3791 cas
362 3728 408 3791 ad
434 3726 678 3807 probationem
698 3727 907 3804 mitteretur,
929 3724 1024 3806 quod
1038 3733 1251 3805 superesset,
1268 3725 1427 3790 deductis
1442 3745 1501 3790 ne-

315 3928 325 3963 Ι
351 3929 418 3975 Vide
428 3929 524 3974 Canas
532 3932 566 3976 de
577 3930 632 3975 San
643 3930 760 3986 Ignacr'o,
772 3936 790 3976 t.
799 3943 825 3987 v,
834 3943 894 3987 pag.
904 3930 940 3976 82.

314 4001 327 4034 ⁸
353 4001 419 4046 Vide
430 4014 517 4057 supra,
528 4010 547 4047 t.
559 4016 584 4055 v,
594 4014 654 4058 pag.
665 4002 713 4057 610,
723 4016 745 4047 n.
757 4003 817 4047 1678.

313 4073 327 4105 ³
353 4072 420 4118 Vide
435 4085 524 4129 snpra,
538 4080 557 4119 t.
573 4086 599 4127 v,
612 4086 672 4130 pag.
689 4074 735 4125 603,
752 4087 777 4119 n.
795 4074 853 4129 1662,
870 4081 896 4119 et
910 4076 1008 4119 cltatas
1022 4076 1057 4119 ibi
1076 4076 1172 4120 cartas
1186 4076 1219 4118 de
1234 4073 1290 4117 San
1308 4073 1425 4128 rgnacto,
1441 4082 1460 4119 t.
1477 4088 1503 4129 v,

274 4156 334 4199 pag.
345 4144 446 4197 aet-2⁵9,
456 4158 488 4190 ex
499 4146 590 4201 qulbus
600 4148 716 4191 omnibus
726 4149 782 4191 luce
793 4148 937 4192 meridiana
946 4148 1043 4193 elarius
1058 4154 1169 4203 apparet
1184 4146 1314 4201 Ioeuatium
1329 4146 1456 4201 refugisse
1467 4148 1505 4191 ln·

273 4217 405 4271 qulsltorls
415 4217 532 4269 officinm,
544 4218 662 4273 idemque
672 4230 688 4263 a
699 4218 800 4263 Nostris
811 4220 962 4272 removisse,
973 4220 1092 4275 nunquia
1103 4219 1166 4263 lllud
1175 4226 1267 4272 suapte
1275 4224 1371 4262 natura
1382 4218 1505 4263 Instituta

274 4287 412 4333 Societstis
422 4289 586 4343 adversetur,
597 4290 642 4334 sed
653 4290 712 4346 qula
722 4290 905 4345 Inquisitorem
921 4292 1007 4335 eximi
1020 4292 1054 4334 ab
1069 4291 1220 4335 ohedientia
1231 4290 1407 4345 Superiorum
1418 4290 1503 4336 Socie-

272 4361 339 4403 taus
350 4360 558 4406 uolebant-Um
570 4372 616 4407 nos
624 4362 732 4417 legimus
744 4360 927 4418 Praefectum,
937 4374 981 4406 ms.
990 4363 1127 4417 perspicue
1138 4363 1218 4406 habet
1224 4362 1390 4416 profectum.

316 4432 329 4465 ⁴
353 4430 465 4477 his-cui.

314 4503 326 4536 ⁵
353 4502 422 4548 Vide
432 4513 519 4558 snprs.
531 4510 551 4547 t.
559 4515 585 4557 v,
593 4514 652 4560 pag.
663 4504 711 4559 693,
722 4517 747 4552 n.
759 4504 821 4550 1633.

313 4572 327 4610 ⁸
353 4574 404 4621 Ubl
412 4586 458 4619 nos
467 4576 603 4620 scrlbintns
611 4588 684 4628 narn,
694 4588 740 4623 ms.
752 4578 830 4622 habet
842 4579 950 4623 obscure
961 4578 1027 4623 satis
1035 4589 1095 4633 neq·
1103 4580 1249 4625 verumhoc
1260 4581 1384 4633 excludit,
1394 4579 1459 4625 illud
1469 4592 1508 4626 re·

274 4648 355 4705 quirit
366 4647 446 4692 totlus
458 4648 602 4692 sententiae
613 4658 701 4693 nexus.

315 4719 326 4750 ²
353 4718 421 4764 Vlde
432 4724 581 4775 asprata,
594 4730 652 4775 pag.
663 4720 684 4775 9,
695 4732 720 4766 n.
734 4720 766 4765 to.
