3642 5350
346 430 380 489 lt
796 393 926 490 Cannu.
945 428 1022 490 Soc.
1046 428 1118 503 Jns.

344 576 517 640 litteraria
533 575 704 640 exercitia
719 577 995 657 frequentarent,
1009 575 1056 639 ad
1066 575 1203 656 gradus
1213 593 1455 658 quoscumque
1467 578 1574 644 etiam

344 683 547 763 theologiae
569 683 772 764 promoveri
790 693 947 763 possent,
971 692 1005 745 et
1024 681 1060 744 id
1079 681 1232 762 benigne
1254 685 1440 748 concessit.
1467 683 1574 748 Primi

346 799 475 868 autem,
498 789 558 870 qui
579 789 673 852 hunc
698 788 850 868 gradum
875 799 1108 869 susceperunt
1132 806 1154 851 a
1184 788 1222 853 P.
1239 790 1317 854 Ι).η
1332 790 1460 870 Olave,
1477 802 1572 872 post·

345 914 451 977 quam
465 896 656 976 positiones
681 896 797 959 triduo
813 913 857 958 ex
873 895 975 959 Novo
990 905 1025 958 et
1040 895 1164 959 Veteri
1182 897 1410 961 Testamento
1425 908 1460 962 et
1475 899 1572 962 theo·

344 1005 460 1084 logiae
485 1002 721 1067 scholasticae
740 1003 947 1088 tenuissent,
969 1020 1012 1065 ac
1031 1003 1199 1066 lectiones
1219 1004 1255 1067 in
1275 1003 1407 1068 eisdem
1424 1005 1570 1070 faculta-

345 1111 437 1174 tibus
471 1110 744 1191 praelegissent,
779 1109 919 1172 fuerunt
950 1107 1046 1189 Mag.
1080 1109 1256 1173 Henricus
1290 1111 1494 1174 Blissemius
1528 1130 1571 1176 ac

344 1217 440 1298 Mag.
456 1217 611 1301 Joannes
626 1217 669 1280 de
688 1216 790 1292 Thia,
818 1219 906 1280 alter
920 1233 1123 1296 germanus
1145 1219 1235 1281 alter
1250 1236 1294 1281 ex
1314 1217 1495 1297 Gheldria,
1512 1219 1573 1299 qui

345 1325 381 1388 in
395 1324 560 1388 doctores
574 1323 775 1403 theologiae
790 1326 942 1405 promoti
956 1333 1039 1386 sunt
1054 1332 1087 1387 et
1103 1322 1258 1404 Pragam
1278 1326 1377 1388 missi
1397 1323 1419 1386 ¹.
1436 1325 1572 1390 Deinde

345 1433 405 1496 alii
424 1441 498 1495 tam
519 1433 555 1494 in
574 1431 752 1510 theologia
773 1447 879 1511 quam
898 1430 934 1493 in
953 1430 1188 1511 philosophia,
1213 1441 1318 1513 prout
1337 1433 1480 1496 occasio
1494 1450 1572 1496 sese

345 1538 526 1615 offerebat,
543 1539 697 1619 promoti
711 1537 852 1601 luerunt
867 1535 889 1601 ¹.

403 1645 455 1710 32.
498 1645 586 1709 Cum
602 1645 889 1726 quinquennium,
906 1643 951 1708 ad
967 1645 1062 1726 quod
1076 1648 1194 1709 locata
1216 1645 1332 1710 suerat
1355 1646 1478 1710 domus
1492 1646 1572 1710 Col-

344 1753 439 1832 legii,
452 1749 526 1834 jam
546 1753 591 1816 ad
610 1750 714 1815 finem
738 1761 916 1830 vergeret,
942 1752 1066 1816 obtulit
1091 1753 1316 1817 occasionem
1342 1753 1410 1816 loci
1435 1754 1570 1833 proprii

345 1859 497 1924 habendi
512 1859 663 1922 Domina
676 1859 768 1940 Julia
780 1858 965 1933 Columna,
981 1876 1072 1939 quae
1087 1858 1229 1922 domum
1248 1860 1400 1923 habebat
1414 1861 1569 1923 vicinam

345 1978 499 2045 nostrae,
516 1983 626 2047 prope
639 1967 758 2043 aliam,
775 1982 882 2046 quam
897 1965 1062 2043 Margani
1072 1976 1205 2029 vocant
1216 1964 1239 2044 ³,
1253 1976 1287 2029 et
1299 1977 1439 2030 centum
1451 1967 1570 2030 aureis

346 2074 453 2138 annui
468 2090 605 2149 census,
623 2089 711 2152 quos
725 2072 899 2136 redimere
915 2072 1042 2137 licebat
1064 2073 1202 2136 duobus
1221 2073 1386 2152 millibus,
1402 2071 1570 2137 Societati

345 2198 424 2245 cam
439 2180 593 2244 vendere
607 2180 730 2243 voluit.

404 2287 455 2352 33.
498 2287 609 2350 Erant
629 2296 748 2350 autem
767 2286 858 2350 aliae
878 2285 1004 2350 domus
1022 2285 1175 2366 vicinae,
1192 2305 1283 2369 quae
1304 2287 1472 2367 temporis
1487 2303 1570 2350 suc-

345 2412 447 2460 cessu
463 2404 564 2458 erant
577 2393 759 2473 emendae,
776 2404 814 2457 ut
828 2393 917 2457 situs
932 2393 1108 2456 sufficiens
1120 2393 1166 2457 ad
1177 2394 1374 2474 Collegium
1386 2404 1420 2457 et
1430 2394 1573 2457 scholas

345 2503 567 2578 haberemus,
595 2511 630 2564 et
654 2500 817 2564 fortassis
842 2510 977 2581 septem
1000 2501 1059 2563 vel
1080 2503 1160 2563 octo
1185 2501 1337 2564 millibus
1362 2501 1571 2565 ducatorum

345 2611 408 2675 vix
429 2609 498 2672 emi
519 2607 725 2690 potuissent;
748 2607 810 2671 sed
831 2608 973 2671 interim
993 2607 1144 2671 conduci
1166 2607 1339 2689 quaedam
1359 2607 1491 2670 exiliis
1512 2607 1571 2670 do-

345 2718 459 2781 mibus
474 2726 652 2797 poterant,
670 2725 704 2779 et
720 2716 769 2779 ita
785 2714 945 2780 Societas
960 2716 1125 2779 convenit
1141 2733 1221 2779 cum
1235 2715 1389 2779 Domina
1402 2715 1494 2798 Julia
1506 2714 1569 2778 Co-

345 2827 464 2889 lumna
477 2821 500 2904 ⁴;
516 2834 551 2887 et
564 2824 740 2904 emptione
757 2830 950 2900 transacta,
960 2820 1034 2901 jam
1049 2823 1252 2886 necessaria
1263 2822 1479 2903 comportari
1493 2840 1571 2887 coe·

345 2940 488 3013 perant,
515 2930 561 2993 ad
586 2930 692 2993 aedes
715 2929 795 2993 illas
822 2929 955 2992 nostris
982 2929 1103 2993 usibus
1130 2928 1467 3005 accommodandas;
1495 2930 1570 3005 sed,

345 3038 423 3102 Deo
449 3038 581 3117 aliquid
606 3038 729 3100 melius
755 3035 976 3117 providente,
1002 3036 1146 3116 quidam
1172 3037 1267 3100 litem
1292 3038 1453 3117 intendit,
1475 3049 1510 3102 et
1528 3056 1573 3101 ne

346 3144 471 3209 domus
480 3145 572 3207 illius
584 3144 748 3207 dominae
758 3141 871 3225 Juliae
882 3144 1014 3223 emptio
1025 3143 1145 3207 valida
1156 3151 1249 3207 esset
1261 3141 1285 3222 ⁸,
1299 3160 1430 3223 magno
1442 3156 1572 3209 conatu

269 3304 271 3309 .
346 3252 539 3333 impedivit,
556 3252 650 3314 etita
663 3250 708 3314 ad
720 3250 874 3353 domum,
891 3267 998 3332 quam
1013 3250 1252 3331 praediximus
1267 3248 1410 3315 Domini
1425 3252 1574 3333 Joannis
1628 3230 1634 3245 ’

348 3359 528 3440 Baptistae
548 3356 697 3422 Salviati
711 3354 734 3436 ⁰,
755 3358 863 3421 etiam
888 3358 1152 3435 conductitiam,
1176 3359 1365 3438 collegium
1390 3359 1572 3439 migravit,

347 3475 381 3531 ct
396 3466 520 3547 paucis
535 3475 614 3546 post
629 3465 731 3527 annis
753 3464 858 3528 situm
873 3465 1054 3529 meliorem
1074 3477 1180 3546 atque
1202 3467 1410 3547 ampliorem
1425 3465 1572 3529 donavit

347 3680 559 3690 ...μ-...ι-

387 3812 397 3847 ¹
425 3812 513 3857 “Fecit
527 3812 633 3863 (Paulus
645 3809 691 3863 lv)
706 3816 862 3866 potestatem
876 3812 901 3855 ln
918 3811 1033 3865 collegio
1048 3810 1164 3856 Romano
1178 3818 1234 3856 tum
1248 3811 1387 3857 Societatle
1403 3812 1575 3857 scholasticos

347 3892 402 3929 tum
418 3884 580 3939 germanicos
595 3884 712 3927 alumnos
729 3883 761 3927 ad
779 3892 951 3938 quoscumque
967 3883 1111 3928 litterario·
1130 3884 1229 3937 gradus
1250 3884 1427 3939 promovendi.
1443 3884 1572 3939 Prlmlque

347 3956 459 3999 omnium
469 3956 494 3999 ln
504 3967 535 3999 eo
545 3954 686 4012 Gymnasio
696 3966 754 3999 eum
762 3956 811 3999 rite
822 3956 907 3999 triduo
918 3955 1117 4010 disputassscut,
1127 3956 1280 4011 scholasque
1300 3956 1460 4010 theologicas
1469 3956 1573 4001 habuis·

346 4032 413 4079 sent,
430 4038 522 4071 sacrae
539 4028 686 4080 theologiae
703 4025 829 4070 Doctores
844 4038 860 4071 a
876 4026 990 4070 Doctore
1004 4026 1097 4071 Olavlo
1113 4026 1242 4072 Heurleus
1255 4028 1405 4071 Blissemlus
1421 4034 1447 4072 et
1461 4027 1574 4081 Joannes

347 4094 414 4145 ‘illia
426 4096 507 4140 creati
518 4104 600 4149 sunt„
611 4096 763 4149 Octauium,
775 4095 914 4139 Historiae
924 4094 981 4142 Soc.
991 4094 1068 4151 Jesu,
1077 4108 1103 4153 p.
1114 4108 1130 4153 1,
1140 4098 1185 4141 lib.
1196 4106 1251 4150 xvr,
1261 4108 1286 4140 u.
1296 4097 1317 4142 2.

387 4167 399 4201 ἱ
426 4166 659 4215 vinciensem.

387 4237 399 4270 ⁸
426 4236 477 4292 Sim
488 4239 665 4283 existimamus
676 4244 762 4284 tamen
771 4240 935 4285 scribendum
944 4250 999 4285 esse
1013 4245 1099 4296 prope
1113 4252 1217 4295 aream,
1226 4252 1309 4296 quam
1324 4241 1455 4297 Margaret
1467 4245 1576 4297 vocam

347 4309 402 4353 scil.
413 4307 514 4353 Pium
524 4310 667 4363 Margana.

387 4382 399 4416 ⁴
427 4380 497 4433 Quae
506 4392 648 4436 sequuntur
657 4394 736 4437 usque
747 4383 781 4427 ad
792 4384 899 4429 verbum
910 4386 1153 4430 accornmodandus
1168 4386 1264 4441 adjecit
1281 4387 1315 4431 ad
1326 4398 1400 4431 oram
1410 4388 1521 4442 paginae
1530 4386 1576 4430 Po·

346 4454 446 4498 laneus.

387 4524 399 4558 Ι
427 4524 490 4569 Cum
501 4526 624 4580 seriptum
635 4528 706 4581 prius
716 4534 784 4573 esset
796 4531 940 4581 errrer'elur,
950 4528 1079 4574 Poiancus
1092 4531 1199 4575 verbum
1211 4531 1307 4575 delerit
1322 4533 1485 4587 correxitque
1498 4540 1575 4573 mauu

345 4608 395 4642 cue
404 4596 520 4641 scribens
530 4600 630 4651 emptio
640 4600 734 4643 valido
746 4605 823 4644 esset.

385 4664 399 4702 ⁸
426 4666 518 4723 Supra,
530 4679 590 4723 pag.
604 4670 635 4725 10,
646 4682 671 4714 n.
682 4670 716 4716 ll.
