3642 5350
347 411 400 477 128
801 416 930 479 Canon.
949 415 1028 479 Soc.
1046 414 1118 492 Jss.

306 642 308 649 Ι
343 566 474 628 tiarum
493 563 811 643 extinguendarum
832 576 975 630 nostros
994 566 1151 645 adibant,
1172 574 1209 629 et
1233 582 1295 629 eos
1317 565 1571 630 intercessores

342 670 598 752 efflagitabant.

401 778 474 843 466.
516 779 727 845 Sacerdotes
741 782 849 845 etiam
864 782 899 844 in
919 781 992 845 suis
1007 781 1121 845 dubiis
1141 779 1187 844 ad
1206 798 1313 845 casus
1332 780 1572 845 conscientiae

342 886 597 967 pertinentibus
611 898 752 953 nostros
763 890 1006 953 consulebant.
1019 888 1088 953 Sed
1099 898 1136 953 et
1151 888 1354 953 Cardinalis
1366 888 1570 968 Burgensis,

342 994 499 1059 civitatis
513 1012 700 1078 supremus
719 995 957 1077 Gubernator,
978 1005 1013 1060 et
1027 996 1188 1060 Marchio
1210 994 1366 1074 Sarriae,
1382 998 1571 1077 Imperato-

341 1102 392 1165 ris
406 1119 448 1167 ac
463 1101 572 1182 Regis
587 1101 737 1185 Philippi
757 1104 802 1168 ad
821 1103 1005 1170 Summum
1023 1102 1229 1168 Pontificem
1244 1104 1402 1183 Legatos
1418 1102 1440 1180 ¹,
1456 1086 1571 1183 siquo

341 1208 537 1273 ministerio
557 1211 731 1291 spirituali
750 1212 968 1292 indigebant,
990 1212 1072 1276 licet
1091 1228 1174 1275 suos
1194 1210 1342 1292 quisque
1363 1210 1572 1273 sacerdotes

341 1316 499 1397 haberet,
521 1318 653 1382 nostris
672 1328 792 1383 tamen
811 1320 928 1399 magis
944 1320 1121 1383 utebatur.
1143 1316 1203 1381 Sic
1221 1326 1256 1382 et
1277 1334 1388 1398 nepos
1403 1316 1568 1380 Cardina-

341 1422 409 1487 lis'
425 1434 459 1487 et
473 1424 693 1490 Secretarius
709 1425 926 1491 Marchionis
940 1426 1125 1507 praedicti,
1147 1443 1228 1489 cum
1251 1423 1348 1488 Patri
1362 1423 1571 1503 Hieronymi

341 1531 604 1612 confiterentur,
621 1550 753 1614 magna
763 1532 1005 1598 familiaritate
1017 1532 1149 1597 nostris
1164 1532 1320 1596 devincti
1336 1541 1450 1595 erant.

400 1640 471 1702 467.
514 1640 569 1705 Ex
593 1640 761 1705 militibus
786 1650 905 1705 autem
930 1658 973 1705 ea
997 1649 1132 1704 aestate
1157 1639 1231 1704 fere
1254 1638 1513 1720 quinquaginta
1535 1645 1570 1700 et

340 1756 482 1811 centum
496 1747 608 1812 eidem
624 1745 721 1811 Patri
735 1748 888 1812 confessi
910 1758 1002 1827 sunt,
1025 1765 1177 1828 quorum
1191 1747 1252 1810 alii
1271 1748 1384 1825 ludos,
1409 1744 1469 1808 alii
1488 1761 1570 1807 con-

340 1854 488 1919 cubinas
502 1864 536 1918 et
550 1850 621 1921 alia
635 1855 776 1936 publica
792 1864 940 1937 peccata
954 1857 1181 1936 reliquerunt.
1203 1854 1284 1919 Fuit
1306 1839 1479 1917 internos
1494 1851 1568 1932 qui,

341 1979 422 2026 cum
438 1961 584 2041 triginta
598 1962 673 2026 fere
688 1980 800 2027 annos
824 1972 930 2026 natus
950 1972 1055 2042 esset,
1078 1963 1261 2026 confessus
1285 1976 1478 2041 numquam
1498 1958 1569 2022 fue·

340 2079 408 2149 rat;
428 2079 464 2133 et
483 2078 601 2133 tamen
621 2079 720 2134 tanto
739 2070 861 2134 ordine
883 2079 918 2134 et
939 2078 1039 2134 tanta
1054 2087 1134 2134 cnm
1155 2068 1365 2133 contritione
1385 2066 1571 2131 confessus

341 2178 405 2252 est,
423 2186 461 2239 ut
476 2176 733 2241 confessarium
746 2178 782 2241 in
797 2193 965 2258 magnam
980 2178 1250 2242 admirationem
1264 2175 1466 2240 adduxerit.

400 2281 471 2346 468.
514 2282 593 2347 Non
613 2284 718 2367 pauci
742 2303 787 2348 ex
811 2285 867 2349 his
886 2285 1067 2364 militibus,
1089 2286 1149 2366 qui
1171 2285 1284 2348 sacris
1304 2282 1433 2347 initiati
1454 2288 1568 2359 erant,

341 2390 485 2455 militari
505 2400 600 2455 statu
627 2402 707 2474 post
735 2392 995 2457 confessionem
1020 2392 1162 2472 relicto,
1188 2393 1254 2455 sub
1279 2390 1411 2455 Christi
1436 2388 1570 2452 vexillo

343 2500 468 2563 melius
492 2499 644 2563 militare
664 2510 872 2581 coeperunt.
898 2500 985 2565 Illud
1011 2510 1130 2565 autem
1154 2500 1258 2564 facile
1284 2497 1412 2579 conjici
1436 2504 1569 2577 posset,

340 2608 421 2671 licet
436 2624 508 2671 non
518 2608 766 2689 explicaretur,
789 2608 883 2690 quod
902 2608 1002 2673 multi
1024 2627 1070 2673 ex
1090 2610 1146 2672 his
1165 2606 1286 2671 multis
1307 2604 1410 2670 annis
1434 2603 1570 2668 confes·

340 2715 475 2779 sionem
490 2715 764 2780 intermiserant.
780 2716 985 2782 Invisebant
996 2733 1083 2796 ergo
1099 2717 1243 2780 domum
1256 2723 1430 2790 nostram,
1445 2723 1481 2777 et
1496 2721 1568 2776 tam

341 2821 409 2903 ipsi
419 2822 548 2886 milites
563 2840 669 2904 quam
681 2824 789 2888 duces
801 2841 923 2888 eorum
937 2840 1068 2904 magna
1080 2823 1325 2887 benevolentia
1335 2811 1481 2886 nostros
1491 2837 1569 2902 pro·

340 2929 589 3010 sequebantur.
602 2929 647 2993 Et
662 2930 824 3010 quamvis
840 2931 876 2994 in
891 2929 996 3011 hujus
1011 2932 1095 2995 anni
1106 2932 1257 2995 decursu
1272 2931 1420 2993 crebrae
1434 2926 1569 2992 confes·

340 3037 458 3100 siones
472 3036 625 3116 fuerunt,
642 3038 678 3100 in
689 3036 842 3116 jubilaeo
857 3040 993 3118 ultimo,
1010 3039 1103 3120 quod
1118 3038 1282 3103 Summus
1301 3036 1464 3100 Pontifex
1482 3033 1570 3098 Pau·

340 3145 394 3206 lus
405 3141 456 3206 IV
468 3154 703 3223 concesserat,
717 3156 752 3208 et
763 3145 799 3208 in
810 3145 909 3209 festis
921 3145 1090 3210 natalitiis
1102 3145 1246 3209 Domini
1257 3155 1357 3207 tanta
1369 3143 1414 3206 ad
1426 3150 1570 3205 nostros

341 3249 527 3313 multitudo
553 3251 747 3330 concurrit,
774 3261 812 3314 ut
837 3249 914 3316 dies
939 3270 981 3317 ac
1007 3261 1131 3316 noctes
1151 3252 1203 3315 sic
1228 3253 1263 3315 in
1289 3249 1571 3315 confessionibus

340 3355 524 3420 audiendis
538 3366 808 3438 occuparentur,
825 3367 863 3422 ut
878 3358 941 3423 vix
956 3359 1035 3424 cibo
1056 3359 1228 3424 sumendo
1243 3367 1278 3422 et
1292 3357 1458 3440 precibus
1481 3356 1571 3419 reci·

340 3462 459 3527 tandis
475 3463 586 3527 otium
600 3473 706 3528 esset.

400 3569 471 3635 469.
513 3571 557 3634 Et
582 3571 674 3634 inter
698 3573 839 3652 multos,
865 3574 925 3654 qui
940 3574 999 3638 diu
1023 3575 1092 3638 hoc
1115 3582 1340 3638 sacramento
1366 3580 1569 3649 caruerant,

340 3679 482 3743 fuerunt
500 3675 586 3758 ‘qui
610 3678 737 3758 viginti
758 3688 793 3742 et
817 3679 965 3759 triginta
987 3681 1090 3745 annis
1113 3698 1218 3745 usum
1241 3680 1316 3762 ejus
1340 3679 1568 3760 reliquerant.

339 3785 421 3850 Fuit
435 3786 527 3850 inter
547 3785 636 3848 alios
659 3787 828 3851 meretrix
852 3788 1028 3868 quaedam
1051 3805 1142 3869 quae
1164 3789 1282 3870 palam
1301 3787 1488 3851 dictitabat
1502 3782 1514 3815 ⁴
1530 3801 1569 3847 se

340 3892 468 3973 viginti
492 3893 595 3956 annis
609 3892 678 3957 hoc
697 3895 843 3958 salutari
864 3895 1024 3959 antidoto
1038 3896 1207 3976 caruisse,
1225 3905 1260 3959 et
1274 3904 1374 3958 tanta
1394 3895 1569 3974 lacryma·

341 4017 419 4064 rum
434 4000 594 4064 ubertate
609 4001 704 4064 vitae
725 4019 810 4066 suae
830 4003 1082 4083 turpitudinem
1099 4003 1260 4082 deflebat,
1277 4012 1317 4066 ut
1331 4003 1370 4066 Β.
1391 3999 1569 4080 Magdale·

340 4125 423 4171 nam
438 4107 567 4171 imitari
587 4109 800 4188 poenitentia
821 4109 1013 4174 videretur.
1035 4110 1197 4192 Suscepit
1218 4111 1324 4187 etiarn
1339 4125 1462 4172 curam
1477 4108 1570 4171 alias

340 4213 537 4295 impudicas
558 4215 722 4279 mulieres
745 4216 791 4280 ad
812 4218 981 4298 templum
1003 4216 1213 4296 adducendi,
1234 4227 1271 4280 ut
1290 4217 1335 4280 ab
1358 4215 1488 4279 infelici
1509 4214 1571 4276 illo

382 4455 390 4489 Ι
420 4455 486 4500 Vide
497 4466 587 4510 supra.
595 4460 614 4499 t.
625 4469 650 4510 v,
661 4467 721 4512 pag.
731 4457 779 4512 tlt,
790 4464 878 4504 annot.
888 4459 913 4502 t.

381 4528 393 4559 ²
419 4525 512 4580 Nepos,
523 4527 632 4584 scillcet,
643 4528 790 4574 cardinalis
801 4529 950 4585 Burgensls.

380 4598 392 4631 ⁸
419 4597 465 4642 Ma.
478 4597 540 4646 suit.

379 4671 392 4706 ⁴
418 4669 463 4716 Ma.
476 4671 625 4718 victitabat.
