3642 5350
375 474 429 545 tlt
831 473 961 545 Chaos.
980 480 1057 545 Soc.
1078 478 1149 557 Jss

373 640 483 710 cerat,
499 640 534 695 et
548 640 750 696 nostrorum
775 632 932 696 consiliis
956 632 1120 695 utebatur
1135 632 1172 695 in
1185 630 1243 694 his
1262 648 1352 713 quae
1372 631 1419 696 ad
1440 632 1604 713 spiritum

375 737 609 817 pertinebant,
627 737 696 803 illis
710 738 910 821 praefectus
931 748 984 803 est
1001 738 1022 802 ¹.

431 846 503 911 422.
547 845 839 911 Commendatum
859 846 976 912 iuerat
996 846 1034 911 P.
1055 846 1240 911 Everardo
1260 856 1299 911 ut
1321 846 1511 927 juvenibus
1531 856 1602 910 stu-

374 954 484 1018 diosis
502 953 548 1018 ad
562 952 747 1018 Societatis
762 952 963 1018 Institutum
978 955 1186 1019 sectandum
1201 954 1417 1018 adducendis
1439 954 1476 1018 in
1495 954 1601 1018 Peru-

372 1060 451 1125 sina
472 1062 617 1126 civitate
641 1060 742 1125 daret
764 1078 920 1142 operam,
948 1062 1042 1144 quod
1066 1063 1123 1125 ille
1148 1062 1334 1141 diligenter
1360 1081 1399 1127 se
1422 1063 1600 1126 facturum

371 1168 542 1248 scribens,
558 1168 724 1238 admonet
738 1168 966 1233 nihilominus
978 1178 1114 1232 tantam
1130 1170 1423 1249 inconstantiam,
1439 1170 1533 1249 quod
1556 1167 1601 1232 ad

372 1272 570 1340 institutum
595 1276 801 1356 religiosum
827 1276 968 1355 attinet,
991 1276 1051 1339 illa
1068 1277 1105 1339 in
1129 1277 1275 1340 civitate
1299 1276 1468 1355 inveniri,
1496 1287 1534 1340 ut
1555 1294 1601 1340 ex

371 1391 525 1464 quatuor
550 1383 795 1448 sacerdotibus
821 1385 1064 1448 saecularibus
1088 1395 1163 1447 tres
1188 1384 1345 1447 habitum
1365 1384 1601 1447 monasticum

371 1491 560 1555 induisse·
583 1499 773 1555 constaret.
795 1491 878 1554 Ideo
902 1490 1106 1572 probandos
1127 1508 1218 1570 esse,
1241 1491 1301 1570 qui
1321 1490 1367 1554 ad
1386 1490 1601 1554 Societatem

369 1598 507 1663 admitti
521 1599 663 1678 vellent,
679 1598 774 1680 quod
792 1598 839 1663 ad
859 1599 1164 1677 perseverantiam
1180 1600 1317 1677 attinet,
1334 1606 1368 1661 et
1390 1598 1529 1662 iuterim
1554 1598 1600 1663 ad

368 1722 599 1787 progressum
613 1706 649 1770 in
665 1706 789 1769 litteris
805 1705 1007 1769 faciendum
1021 1706 1243 1769 hortabatur.
1259 1704 1329 1769 Sed
1345 1706 1380 1769 in
1400 1714 1522 1769 nostra
1537 1704 1598 1770 So·

368 1812 496 1878 cietate
511 1830 657 1895 prorsus
672 1812 891 1894 experientia
905 1812 1025 1876 docuit
1039 1811 1229 1876 Perusinos
1243 1812 1330 1876 satis
1345 1821 1551 1876 constantes
1562 1814 1598 1877 in

367 1937 434 1984 sua
449 1937 527 1984 esse
542 1920 744 2001 vocatione3
760 1920 848 1984 adeo
864 1929 903 1983 ut
917 1920 1036 1983 multis
1051 1922 1154 1983 annis
1168 1920 1397 1984 observatum
1416 1919 1461 1983 sit
1476 1939 1521 1984 ex
1536 1920 1597 1984 Pe·

369 2028 510 2105 rusiniS,
537 2028 598 2109 qui
622 2046 766 2092 manum
786 2028 832 2091 ad
852 2037 1013 2093 aratrum
1033 2028 1282 2106 admoverant,
1304 2028 1481 2093 neminem
1500 2037 1596 2092 retro

368 2136 564 2217 aspexisse.

427 2241 499 2306 423.
542 2240 637 2307 Inter
652 2242 844 2324 discipulos
859 2251 978 2305 autem
993 2252 1207 2321 nostrorum,
1224 2243 1284 2323 qui
1299 2260 1450 2323 graecas
1464 2253 1500 2307 et
1520 2245 1596 2308 lati·

367 2364 434 2414 nas
449 2350 587 2413 litteras
604 2350 742 2431 publice
757 2350 793 2413 in
808 2349 968 2429 Collegio
986 2349 1163 2413 docebant
1177 2348 1210 2428 ¹,
1230 2350 1390 2413 delectus
1405 2352 1595 2415 multorum

366 2456 491 2522 haberi
505 2467 656 2539 poterat3
673 2475 754 2522 cum
769 2467 888 2522 tamen
902 2459 1000 2521 solus
1014 2466 1108 2521 esset
1123 2457 1302 2536 sacerdos
1315 2467 1458 2538 praeter
1469 2458 1595 2522 Recto·

365 2580 453 2643 rem,
470 2562 508 2628 P.
525 2564 690 2629 Andreas
704 2564 727 2644 ⁴,
744 2566 871 2628 merito
886 2565 1057 2629 auxilium
1072 2564 1178 2643 tertii,
1195 2572 1267 2627 tum
1285 2565 1329 2627 ad
1345 2564 1476 2628 Missae
1487 2566 1596 2629 sacri·

365 2671 464 2750 ficia,
489 2684 564 2737 tum
585 2672 631 2736 ad
650 2673 809 2737 scholam
823 2672 979 2737 infimam
998 2671 1207 2754 regendam,
1228 2683 1301 2736 tum
1321 2673 1429 2737 etiam
1447 2673 1493 2737 ad
1511 2690 1595 2737 con·

364 2779 537 2844 sessiones
558 2781 757 2862 expetebat.

423 2885 496 2950 424.
539 2886 648 2951 Pauci
675 2895 793 2951 tamen
818 2887 867 2950 illi
896 2888 1102 2952 sacerdotes
1130 2905 1202 2952 non
1230 2905 1346 2968 pauca
1374 2889 1411 2951 in
1439 2888 1592 2952 Domino
1664 2939 1667 2946 .

364 2994 613 3076 praestabant,
633 3012 700 3058 nec
719 2995 834 3057 solum
855 2993 890 3056 in
910 2995 1040 3075 templo
1061 3004 1201 3074 nostro,
1218 2996 1281 3059 sed
1300 2996 1406 3059 etiam
1428 2997 1463 3058 in
1483 2995 1594 3059 variis

363 3101 537 3182 ecclesiis,
553 3101 599 3166 ad
613 3119 703 3182 quas
717 3101 889 3180 homines,
903 3102 1074 3166 orationis
1088 3102 1218 3183 gratia,
1236 3102 1505 3179 conveniebant,
1523 3101 1592 3182 spi·

365 3208 510 3272 rituales
529 3209 794 3274 exhortationes
813 3209 1007 3288 habebant,
1025 3217 1060 3272 et
1081 3209 1247 3289 operibus
1267 3210 1375 3272 etiam
1389 3208 1532 3289 pietatis
1554 3208 1590 3271 in

362 3316 552 3380 multorum
566 3316 737 3380 auxilium
753 3317 1030 3396 occupabantur.

421 3421 492 3486 425.
536 3421 857 3487 commendaverat
879 3440 943 3503 per
964 3423 1101 3488 litteras
1121 3423 1321 3488 Cardinalis
1341 3422 1533 3488 Perusinus
1554 3431 1593 3485 ut

365 3527 549 3612 cujusdam
573 3530 711 3611 nepotis
730 3529 785 3593 sui
808 3530 919 3593 nostri
939 3531 1113 3595 rationem
1133 3531 1316 3610 haberent,
1343 3531 1404 3611 qui
1428 3529 1593 3611 quamvis

361 3637 574 3718 paedagogo
589 3653 654 3700 suo
671 3635 765 3699 domi
780 3646 948 3716 uteretur,
966 3635 1040 3716 ejus
1056 3647 1174 3701 tamen
1194 3637 1402 3702 lectionibus
1425 3655 1496 3700 non
1510 3654 1592 3700 con·

361 3751 490 3822 tentuS,
516 3741 673 3824 praelegi
699 3741 766 3808 sibi
790 3743 925 3824 aliquid
949 3745 1117 3825 privatim
1143 3745 1276 3825 aMag.
1302 3744 1459 3808 Antonio
1485 3743 1592 3823 Vipe-

360 3867 449 3914 rano
475 3850 657 3931 cupiebat,
679 3848 742 3913 sed
763 3849 913 3914 honesta
932 3851 1163 3915 excusatione
1187 3852 1356 3915 utendum
1378 3868 1456 3915 esse
1474 3851 1591 3914 visum

358 3966 416 4022 est
429 3967 464 4022 et
479 3956 698 4021 suadendum
713 3957 932 4037 parentibus
948 3959 1009 4038 qui
1022 3957 1248 4023 Cardinalem
1267 3959 1453 4038 urgebant,
1470 3967 1509 4021 ut
1533 3975 1590 4020 ne-

400 4161 408 4196 t
438 4161 505 4206 Tota
516 4161 581 4206 haec
592 4161 711 4216 periodus
721 4161 888 4215 praecedenti
900 4163 989 4208 addita
997 4169 1045 4218 est,
1057 4165 1154 4218 elapso,
1167 4171 1194 4208 ut
1207 4164 1321 4217 videtur,
1331 4163 1416 4218 aliquo
1432 4167 1556 4218 tempore,
1564 4170 1591 4206 et

360 4231 393 4278 ad
404 4243 478 4277 oram
487 4232 598 4287 paginae
609 4231 705 4286 partlm
714 4231 820 4287 rejecta.

399 4303 411 4336 ⁸
437 4303 554 4347 Exuisse
565 4304 661 4347 rectius
671 4303 809 4347 diceretur.
821 4302 901 4348 Secua
915 4303 1092 4348 inconstantia
1107 4315 1156 4348 non
1171 4306 1254 4360 primo
1269 4307 1361 4349 obtutu
1377 4311 1486 4360 apparet
1502 4311 1591 4359 eatque

358 4375 461 4420 subtllls
471 4375 604 4430 cognatim
616 4374 721 4429 perinde
733 4385 764 4420 ac
777 4375 798 4418 si
817 4375 924 4419 diceret:
939 4387 972 4418 ex
987 4383 1098 4430 quatuor
1113 4377 1293 4420 sacerdotibus
1307 4379 1493 4431 saecularibus,
1509 4377 1550 4432 qul
1566 4377 1591 4420 ln

356 4445 483 4492 Perusina
498 4445 608 4492 clvltate
626 4453 782 4500 versantur,
801 4452 855 4490 tres
871 4447 988 4492 habitum
1007 4448 1177 4492 monastlcum
1194 4455 1325 4502 gestasse,
1343 4456 1369 4493 et
1389 4460 1419 4492 eo
1437 4450 1542 4503 rellcto,
1557 4448 1590 4491 ad

354 4520 394 4564 cle
399 4529 455 4563 rum
466 4519 627 4562 saecularem
638 4517 782 4562 transiisse.

396 4590 408 4624 ⁸
435 4589 488 4645 δίας
499 4590 679 4634 exlstimamus
689 4595 776 4634 tamen
786 4589 950 4634 scrlbendum
959 4601 1015 4634 esse
1029 4591 1195 4635 docebantur
1209 4599 1254 4636 aut
1266 4593 1414 4636 discebant.
1432 4590 1505 4636 Unus
1522 4591 1589 4637 enlm

353 4667 510 4714 boemorum,
520 4661 633 4714 Joannes
642 4661 771 4705 Antonlus
781 4659 938 4716 Vipstanus,
949 4663 1053 4706 litteras
1064 4663 1165 4717 publice
1174 4663 1297 4707 docebat.

393 4735 406 4770 ⁸
431 4733 552 4780 Andreas
562 4731 742 4779 Galvauellns.
754 4731 819 4777 Vide
832 4745 923 4789 supra,
933 4739 953 4780 t.
961 4747 988 4790 v,
997 4745 1059 4790 paz.
1068 4734 1104 4790 62,
1114 4746 1139 4779 n.
1151 4735 1198 4780 las.
