3642 5350
370 341 408 400 48
818 341 947 402 Canon.
968 341 1045 400 Soc.
1066 343 1136 414 Jas.

371 486 481 549 luisse
496 485 542 548 ad
557 485 649 548 arcis
665 503 750 548 suae
765 503 888 550 curam
902 496 936 550 et
948 487 1019 550 alia
1028 487 1227 551 saecularia
1239 488 1479 568 relinquenda,
1493 490 1600 553 etiam

372 611 443 656 non
459 603 645 672 expectato
661 610 835 656 consensu
851 592 971 673 Regis,
988 603 1026 657 ut
1039 611 1078 657 se
1093 595 1139 658 ad
1154 595 1342 659 transitum
1357 595 1402 658 ad
1417 597 1599 660 meliorem

371 700 483 762 vitam
499 700 536 763 in
550 699 727 763 Societate
742 710 979 780 compararet.
996 699 1099 765 Prius
1113 710 1233 764 tamen
1252 710 1502 766 testamentum
1518 720 1599 766 con·

369 805 470 884 didit,
488 823 557 887 quo
573 807 667 870 bona
683 824 746 870 sua
763 807 881 871 omnia
897 807 1024 887 inpios
1039 799 1386 888 usus-dispensanda,
1400 808 1504 889 juxta
1516 827 1599 891 quo·

371 913 535 976 rumdam
550 913 651 993 (quos
665 914 708 977 de
723 911 899 978 Societate
915 914 1125 994 nominavit)
1141 915 1343 994 arbitrium,
1359 916 1500 996 reliquit
1517 914 1538 978 ¹.
1554 915 1600 980 Et

368 1037 451 1082 cum
466 1017 652 1100 Neapolim
666 1020 893 1084 deducendus
908 1030 1078 1102 tanquam
1092 1022 1138 1088 ad
1153 1022 1313 1085 nativum
1328 1030 1458 1101 aerem,
1472 1040 1598 1103 appro-

372 1127 536 1190 bantibus
554 1127 718 1204 mediciS,
740 1128 937 1206 videretur,
959 1138 994 1192 et
1012 1145 1032 1190 a
1053 1130 1186 1192 nostris
1206 1129 1397 1193 comitatus
1417 1130 1452 1193 in
1473 1131 1599 1194 lectica

368 1233 415 1297 ad
431 1233 563 1297 Villam
582 1233 697 1312 Marii,
719 1233 903 1298 duodecim
922 1235 1076 1298 millibus
1095 1235 1139 1297 ab
1161 1236 1257 1299 Urbe
1278 1236 1468 1299 distantem
1489 1238 1600 1316 passi·

369 1341 445 1416 buS,
467 1341 699 1421 pervenisset,
717 1343 775 1404 illa
790 1342 867 1421 ipsa
888 1351 991 1404 nocte
1010 1342 1046 1405 in
1065 1342 1218 1423 bospitio
1234 1362 1282 1406 ex
1302 1342 1371 1406 hac
1392 1345 1466 1406 vita
1482 1344 1600 1406 deces-

368 1449 432 1525 sit,
450 1456 483 1510 et
499 1445 574 1527 ejus
590 1465 719 1529 corpus
735 1447 905 1528 postridie
920 1447 1071 1512 Romam
1086 1467 1108 1510 a
1123 1450 1314 1512 comitibus
1325 1448 1482 1513 delatum
1497 1449 1562 1513 luit
1576 1448 1598 1509 ¹.

430 1553 497 1616 138.
542 1553 650 1618 Paulo
664 1565 742 1635 post
754 1553 859 1618 Pater
871 1555 1035 1630 Andreas
1047 1555 1205 1634 FrusiuS,
1219 1557 1279 1637 qui
1290 1568 1365 1618 tota
1377 1556 1450 1619 lere
1463 1567 1599 1620 aestate

365 1661 486 1725 ethica
500 1662 588 1724 febri
602 1663 842 1739 laboraverat,
864 1673 898 1725 et
915 1661 959 1724 ad
975 1662 1101 1742 pellem
1115 1673 1149 1725 et
1168 1680 1250 1725 ossa
1268 1662 1528 1744 quodammodo
1544 1681 1598 1726 re·

366 1769 495 1831 dactus
509 1769 636 1846 iuerat,
655 1767 801 1832 Octobri
815 1785 936 1831 mense
951 1769 996 1832 ad
1010 1768 1202 1832 Dominum
1223 1769 1403 1848 migravit:
1426 1770 1479 1833 vir
1494 1770 1598 1850 plane

368 1875 509 1953 ingenio
525 1885 559 1938 et
574 1876 726 1956 puritate
741 1877 916 1956 angelica,
932 1875 1079 1939 inomni
1094 1875 1360 1956 disciplinarum
1374 1893 1505 1956 genere
1519 1895 1597 1940 ver·

367 1992 478 2060 sntuS,
496 1992 529 2045 et
544 1983 581 2044 in
595 1982 707 2045 tribus
722 1983 932 2062 praesertim
950 1981 1107 2062 linguis³
1128 2000 1170 2046 ac
1189 1983 1288 2063 poesi
1308 1984 1469 2063 insignis.
1494 1983 1598 2048 Prae·

368 2091 483 2152 iuerat
498 2098 616 2152 autem
631 2087 844 2152 Germanico
861 2087 1019 2169 Collegio
1032 2086 1055 2150 ⁴.
1072 2088 1116 2152 Et
1126 2089 1176 2152 ita
1191 2090 1421 2153 observatum
1436 2090 1598 2171 estquod

368 2197 461 2260 intra
476 2196 649 2276 pauculos
663 2212 803 2258 menses
814 2195 931 2276 capita
943 2194 1057 2258 nostri
1067 2195 1217 2275 Collegii
1228 2207 1262 2258 et
1276 2195 1480 2259 Germanici
1492 2196 1597 2260 simul

366 2320 449 2366 cum
464 2303 501 2366 Ρ.
518 2301 667 2382 ignatio,
687 2303 833 2383 quinon
857 2305 971 2366 solum
990 2301 1128 2365 Domus
1146 2303 1329 2366 Romanae
1348 2312 1456 2384 caput
1470 2313 1559 2380 erat,
1576 2322 1598 2367 a

368 2409 521 2473 Domino
546 2410 582 2472 in
607 2410 787 2472 meliorem
808 2409 1015 2473 societatem
1041 2410 1230 2473 coelestem
1252 2410 1415 2473 translati
1440 2411 1594 2474 suerunt.

367 2515 440 2581 Nec
455 2533 582 2597 parum
606 2517 705 2580 auxit
725 2515 974 2580 confidentiam
998 2516 1104 2580 trium
1128 2516 1256 2579 harum
1281 2517 1479 2595 domorum,
1503 2517 1598 2598 quod

364 2641 450 2688 suos
465 2622 691 2704 Praepositos
706 2623 800 2705 apud
815 2622 930 2687 Deum
946 2623 1199 2687 intercessores
1214 2633 1316 2687 erant
1330 2623 1497 2689 habituri.

429 2731 497 2795 139.
541 2729 790 2794 Praecesserat
811 2739 929 2794 autem
953 2729 992 2793 Ρ.
1014 2730 1191 2809 ignatium
1213 2732 1380 2812 antiquus
1404 2732 1515 2811 ipsius
1536 2750 1593 2796 co·

366 2855 442 2901 mes
457 2848 491 2901 et
517 2837 766 2917 confessarius
790 2836 829 2902 P.
853 2836 1013 2901 Didacus
1029 2838 1072 2901 de
1096 2837 1223 2916 Eguia‚
1246 2838 1307 2918 qui
1332 2838 1470 2902 decima
1489 2849 1590 2903 sexta

408 3080 416 3113 ¹
445 3078 511 3123 Vide
522 3090 589 3135 quae
599 3080 669 3123 circa
679 3080 744 3123 haec
752 3080 818 3123 bona
830 3078 961 3123 scribebat
972 3077 1100 3123 Polaacus
1115 3089 1148 3123 ex
1162 3079 1349 3123 commissione
1358 3078 1407 3123 Sti.
1415 3079 1510 3134 Ignatii
1521 3079 1560 3123 dle
1574 3078 1598 3121 13

369 3151 440 3204 julii,
452 3150 547 3195 Carras
556 3152 590 3194 de
600 3152 626 3195 S.
636 3152 755 3204 Ignacio,
764 3158 783 3195 t.
793 3162 829 3205 rr,
840 3162 900 3205 pag.
908 3150 957 3194 338.

408 3223 420 3254 ²
448 3220 521 3267 Duae
537 3229 642 3267 exstant
656 3223 781 3277 epistolae
795 3221 822 3266 P.
839 3221 925 3266 Lainii
935 3222 993 3266 Vic.
1008 3221 1072 3266 Gen.
1087 3220 1222 3276 Neapolim
1237 3222 1270 3266 ad
1286 3222 1350 3266 osu
1365 3222 1518 3275 Leouoram,
1529 3221 1597 3266 Mar·

366 3294 524 3337 chionissam
537 3294 609 3337 della
631 3293 713 3347 Valle,
725 3292 830 3345 Joannla
845 3294 876 3336 de
890 3292 1013 3337 Mendoza
1028 3302 1146 3344 matrem,
1161 3295 1285 3347 scriptae.
1299 3294 1394 3337 Altera
1405 3294 1539 3348 quidem,9
1554 3291 1598 3336 Se·

364 3366 459 3420 prcmb.
470 3366 529 3417 155⁶,
537 3364 644 3418 Joannis
653 3368 769 3409 morbum
778 3374 804 3407 et
811 3364 978 3419 profectionis
986 3366 1416 3419 consilinmexplicanaireravero,
1425 3365 1449 3407 13
1457 3364 1595 3419 Septemb..

363 3444 484 3480 sanciam
494 3436 562 3480 illius
572 3444 683 3480 mortem
697 3447 839 3489 causasque
850 3436 884 3479 ad
894 3436 1077 3479 consolandum
1091 3436 1196 3479 idoneas
1211 3437 1319 3491 profert.
1334 3434 1411 3479 Libet
1426 3436 1491 3480 baec
1507 3447 1596 3480 excer-

364 3519 434 3562 pere:
444 3508 500 3551 “Vu
510 3509 553 3551 dia
563 3517 638 3553 antes
648 3520 696 3563 que
708 3519 736 3551 ae
746 3510 833 3551 ubiese
843 3508 874 3550 de
884 3517 943 3561 part
948 3508 978 3562 ir,
986 3519 1014 3551 se
1025 3509 1106 3551 haria
1120 3508 1287 3551 comunicado
1302 3508 1481 3562 (comulgado),
1492 3521 1509 3564 y
1519 3509 1543 3551 el
1556 3519 1595 3551 ea·

363 3582 427 3623 taba
437 3586 483 3623 tan
493 3582 552 3623 bien
562 3580 702 3635 dispucsto,
713 3592 730 3635 y
741 3587 786 3623 tan
799 3579 918 3623 desseoao
929 3579 960 3622 de
971 3589 1113 3623 conservat
1127 3581 1238 3633 aiempre
1253 3581 1280 3623 la
1295 3579 1404 3634 paridad
1416 3580 1447 3623 de
1458 3590 1488 3623 su
1499 3580 1594 3633 aalma,

363 3662 413 3705 que
427 3662 474 3695 con
485 3662 527 3694 ser
536 3654 685 3696 costumbre
700 3652 731 3694 de
747 3659 853 3694 nuesrra
864 3648 1006 3705 Campania
1017 3661 1065 3704 que
1076 3652 1142 3695 cada
1152 3652 1217 3695 ocho
1227 3652 1284 3694 dias
1295 3662 1322 3693 se
1333 3650 1461 3694 confiesen
1473 3662 1491 3707 y
1503 3652 1595 3694 comul-

361 3734 432 3776 guen
442 3723 480 3766 los
490 3734 538 3776 que
550 3734 582 3765 no
592 3734 637 3767 son
648 3723 806 3775 sacerdotes,
817 3723 842 3764 el
856 3722 936 3765 haria
947 3723 1089 3775 alcaucado
1099 3730 1157 3766 esta
1170 3723 1262 3776 gracia
1271 3722 1302 3765 de
1313 3723 1419 3776 poderlo
1437 3723 1518 3767 baaer
1526 3722 1594 3765 cada

364 3801 457 3848 quatro
467 3794 549 3839 dias...
559 3794 661 3838 Estaba
670 3806 701 3838 en
712 3804 777 3847 gran
788 3804 894 3838 manera
909 3794 997 3849 quieto
1012 3805 1044 3837 en
1059 3805 1089 3837 su
1103 3795 1291 3848 consciencia...
1307 3806 1355 3849 por
1368 3795 1452 3837 havet
1465 3795 1595 3838 ordeuado

362 3878 407 3910 sus
422 3877 497 3910 cosas
512 3877 585 3910 como
601 3868 625 3910 el
639 3868 723 3909 sentia
738 3873 888 3919 puramente
909 3876 951 3909 aer
965 3877 1032 3920 para
1046 3877 1138 3918 mayor
1153 3867 1240 3920 gloria
1257 3868 1288 3910 de
1305 3866 1393 3910 Dios...
1412 3866 1550 3911 Traximus
1564 3878 1594 3911 su

363 3947 459 3993 cuerpo
469 3939 547 3983 deade
556 3938 682 3983 Marinoa
693 3938 782 3991 Roma,
792 3950 809 3993 y
820 3940 844 3982 le
855 3937 944 3981 bemus
953 3937 1103 3982 sotterrado
1117 3949 1149 3981 en
1165 3945 1271 3981 nuestra
1285 3938 1378 3991 ialesia
1396 3946 1469 3982 entre
1485 3940 1524 3982 los
1538 3940 1596 3982 reli-

360 4010 449 4062 giosos
460 4009 490 4053 de
501 4017 607 4055 uuestra
623 4010 773 4066 Campania.
788 4020 862 4053 como
878 4020 923 4054 era
939 4020 1027 4063 razon,
1041 4010 1151 4053 abiendo
1166 4011 1190 4053 oi
1205 4010 1354 4062 olfrceidoae
1365 4008 1455 4055 aoros
1467 4010 1498 4054 N.
1511 4010 1536 4055 S.
1547 4022 1595 4055 con

362 4090 446 4133 votos,
456 4092 556 4137 aurique
568 4094 599 4126 no
610 4084 745 4130 solemnes.
754 4093 786 4125 en
795 4083 822 4125 la
832 4081 982 4133 obediencia
991 4088 1119 4135 perpetua
1128 4082 1237 4135 della...„

402 4152 413 4183 ὅ
441 4152 482 4195 Se.
501 4154 596 4205 latina,
615 4154 752 4202 hebraica.
767 4152 1034 4206 graeca-“Mortuus
1053 4162 1093 4197 est
1109 4154 1187 4207 longa
1205 4158 1265 4197 tabe
1284 4155 1417 4199 coniectus
1433 4155 1467 4198 ad
1485 4165 1524 4198 νη
1544 4153 1595 4197 Ka-

362 4224 430 4267 lend.
440 4223 600 4269 Novembris.
612 4224 697 4269 Pridie
708 4226 763 4280 ejus
774 4224 833 4275 diei,
845 4234 902 4267 curu
914 4223 1022 4267 Sacrum
1032 4233 1164 4279 spectaret
1175 4231 1201 4267 et
1216 4236 1248 4269 ea
1259 4228 1340 4271 verba
1350 4238 1382 4269 ex
1397 4226 1542 4279 Evangelio
1551 4237 1591 4269 re·

361 4296 515 4339 citarentur:
535 4295 618 4340 Omna
633 4297 753 4341 debitum
768 4296 863 4338 dimisi
878 4295 940 4348 riba·
954 4306 1031 4339 sensu
1046 4296 1158 4350 quodam
1176 4296 1266 4341 intimo
1287 4299 1458 4341 suavissimae
1475 4297 1597 4346 fiduciae,

363 4371 534 4420 tamquamea
541 4367 589 4411 sibi
600 4379 659 4411 mox
666 4365 810 4420 migraturo
818 4366 926 4409 dixisset
936 4366 1066 4418 Dominus,
1075 4366 1193 4421 perfusus
1202 4376 1263 4421 ean„
1272 4366 1445 4423 Oacaunrsus,
1453 4369 1518 4411 ibid.
1526 4380 1551 4411 u.
1559 4367 1593 4411 90.

403 4437 414 4470 ⁴
440 4436 525 4481 Breve
535 4445 628 4481 nactas
637 4445 677 4482 est
692 4437 812 4491 elogium,
826 4437 937 4490 longiori
951 4437 1124 4492 dignissimus.
1137 4440 1162 4480 in
1173 4438 1343 4493 Parnasum,
1357 4439 1590 4493 Menotogto,t.1v,

362 4520 421 4563 pag.
431 4509 477 4563 187;
495 4509 596 4560 Daaws,
606 4509 684 4553 Fasti
694 4510 750 4553 Soc.
761 4508 817 4563 Jea.
827 4510 861 4552 ad
871 4508 941 4553 26.==
955 4508 1082 4563 Octobrla;
1100 4509 1262 4564 Gutcnaaur,
1278 4511 1415 4565 Manange
1430 4512 1463 4555 de
1478 4512 1506 4554 ia
1524 4510 1593 4555 Corra

360 4582 461 4635 pognia
472 4580 505 4624 de
514 4580 604 4637 Jerus,
616 4589 685 4637 part.
696 4594 722 4637 n,
733 4594 793 4638 pag.
801 4584 848 4627 m
