3642 5350
341 396 394 456 794
798 396 926 457 Cuaorr.
947 395 1023 456 Soc.
1043 394 1114 471 Jus.
1173 352 1178 361 ἱ

400 542 491 609 3409.
536 542 610 610 Nec
624 545 700 610 sine
715 562 827 611 causa
840 545 1081 611 cunctandum
1094 562 1173 611 esse
1188 545 1224 610 in
1240 544 1470 610 Patriarchae
1489 544 1571 619 mis·

342 652 441 717 sione
457 650 707 736 [censebaturJ.

401 758 525 840 Pruuo,
543 760 626 842 quia
640 759 808 843 expedire
822 760 1025 841 videbatur,
1041 778 1123 827 cum
1137 768 1232 825 esset
1245 761 1351 842 longe
1366 760 1437 825 alia
1451 777 1570 825 rerum

332 866 525 949 ,dispositio
540 867 576 932 in
590 866 781 949 Aethiopia
801 885 907 951 quam
927 866 1093 933 Summus
1112 867 1275 934 Pontifex
1296 878 1331 935 et
1350 869 1429 934 Rex
1447 867 1569 933 Portu·

340 975 471 1057 galliae
486 975 745 1057 intellexeraut;
761 984 986 1057 praesentem
1005 984 1137 1041 statum
1157 977 1405 1059 intelligerent,
1430 985 1468 1041 ut
1487 976 1572 1059 quid

342 1082 439 1147 lacto
454 1100 543 1164 opus
558 1092 663 1163 esset,
679 1084 923 1149 decernerent.

400 1188 554 1271 Damna,
570 1192 653 1272 quia
667 1192 698 1255 si
716 1208 797 1256 cum
817 1191 985 1257 militibus
1002 1208 1045 1258 eo
1066 1192 1196 1257 missus
1217 1192 1354 1272 luisset,
1375 1192 1569 1275 periculum

248 1288 250 1295 ’
341 1298 423 1363 belli
438 1298 554 1364 timeri
568 1307 721 1381 poterat:
737 1298 813 1364 sine
828 1298 997 1364 militibus
1012 1308 1132 1365 antem
1145 1317 1217 1364 non
1226 1316 1305 1365 esse
1316 1297 1572 1365 admittendum

342 1405 543 1471 constabat.
1362 1478 1365 1481 q

402 1512 549 1591 Taarro,
566 1514 649 1596 quia
664 1513 759 1595 apud
772 1512 908 1595 Regem
924 1513 1134 1597 Aethiopiae
1148 1515 1404 1581 irreverentiae
1418 1514 1572 1579 adscribi

343 1620 444 1703 solet,
461 1610 567 1686 immo
587 1630 622 1685 et
638 1620 768 1704 puniri,
784 1621 815 1687 si
834 1624 914 1703 quis
935 1621 982 1687 ad
1002 1622 1139 1688 curiam
1157 1620 1243 1704 ejus,
1261 1640 1332 1687 non
1352 1622 1574 1704 praemonito

306 1814 309 1825 1
342 1728 452 1811 Rege,
469 1729 630 1809 accedat,
646 1730 756 1794 multo
770 1729 887 1810 magis
906 1745 993 1809 ergo
1012 1728 1157 1811 indigne
1176 1731 1312 1796 laturus
1326 1694 1527 1812 videbatur,
1543 1729 1574 1792 si

342 1852 385 1902 eo
400 1852 438 1901 se
453 1835 664 1903 Patriarcha
679 1834 869 1914 conferret,
885 1853 968 1902 cum
985 1835 1064 1902 Rex
1077 1836 1225 1903 dixisset
1239 1855 1311 1902 non
1325 1854 1416 1920 opus
1429 1854 1519 1917 esse,
1535 1846 1574 1901 ut

342 1945 401 2008 vel
415 1944 473 2008 ille
487 1944 545 2008 vel
560 1944 621 2008 alii
635 1944 840 2009 sacerdotes
851 1943 898 2009 ad
909 1962 948 2009 se
958 1944 1194 2027 mitterentur,
1208 1954 1243 2010 et
1254 1943 1370 2011 Deum
1385 1944 1481 2027 apud
1495 1945 1574 2010 illos

342 2059 377 2116 et
392 2052 530 2116 coelum
545 2068 635 2117 esse.

404 2157 564 2240 Quaero,
587 2159 672 2241 quia
693 2159 725 2224 si
748 2159 960 2224 Patriarcha
981 2158 1220 2241 rejiciebatur,
1243 2159 1356 2242 major
1377 2158 1506 2242 injuria
1529 2176 1576 2224 ex

343 2266 406 2331 tali
420 2268 560 2348 repulsa
577 2252 759 2333 Ecclesiae
778 2283 948 2331 romanae
962 2266 1080 2347 fiebat,
1097 2268 1193 2331 etad
1212 2266 1287 2349 eius
1307 2267 1477 2333 ultionem
1497 2266 1575 2333 Rex

344 2374 584 2455 Portugalliae
600 2375 715 2456 magis
730 2374 928 2440 tenebatur.

403 2482 550 2564 Qunam,
567 2480 693 2562 maiori
708 2498 788 2546 cum
804 2482 1015 2548 auctoritate
1027 2497 1239 2548 accessurus
1254 2480 1464 2548 Patriarcha
1479 2482 1574 2547 vide·

343 2591 460 2670 batur,
481 2590 512 2655 si
536 2598 654 2655 tamen
672 2590 913 2655 accedendum
934 2599 1040 2670 esset,
1063 2586 1298 2673 praecedente
1318 2588 1510 2671 Episcopo,
1537 2600 1576 2654 ut

342 2697 417 2780 ejus
442 2701 571 2780 legato,
593 2699 654 2781 qui
672 2699 768 2763 vitae
788 2716 875 2763 suae
895 2700 1132 2766 sanctimonia
1156 2709 1192 2764 et
1216 2698 1414 2764 eruditione
1437 2698 1577 2764 animos

343 2807 484 2872 illorum
505 2807 687 2872 hominum
712 2807 916 2888 disponeret
937 2807 984 2872 ad
1004 2806 1121 2890 ipsum
1142 2807 1400 2890 excipiendum.
1418 2804 1577 2871 Accede·

342 2916 402 2980 bat
418 2914 525 2980 etiam
539 2916 634 2997 quod
648 2915 800 2996 interim,
826 2915 912 2981 dum
931 2917 1020 2980 haec
1040 2916 1249 2996 agebantur,
1273 2915 1406 2979 utiliter
1420 2915 1576 2980 Patriar·

343 3023 411 3088 cha
426 3031 462 3088 et
476 3023 566 3087 socii
580 3040 683 3088 suam
696 3039 842 3106 operam
863 3023 899 3088 in
920 3023 1138 3105 amplissima
1157 3021 1278 3088 Indiae
1293 3023 1399 3088 vinea
1424 3023 1573 3088 colloca·

342 3130 442 3198 bant.

401 3237 494 3304 3410.
537 3238 627 3304 Cum
645 3235 765 3302 aut'em
784 3237 1019 3303 Prouincialis
1038 3257 1060 3304 a
1081 3239 1252 3321 Pro-rege
1271 3239 1435 3304 discessit
1454 3246 1492 3302 ut
1510 3236 1576 3303 Co·

247 3329 250 3335 ¹
344 3347 486 3413 chinum
514 3347 661 3427 veniret,
685 3343 758 3426 jam
783 3345 933 3410 Pro-rex
952 3345 1157 3427 expedierat
1181 3363 1273 3428 quae
1297 3345 1344 3411 ad
1370 3346 1576 3412 missionem

342 3453 579 3536 aethiopicam
597 3462 700 3518 erant
719 3453 939 3530 necessaria;
957 3462 992 3517 et
1010 3452 1137 3519 ducem
1157 3452 1348 3535 quemdam
1366 3453 1575 3535 designare·

342 3572 414 3641 rat,
440 3561 499 3643 qui
522 3577 601 3625 eam
621 3560 667 3625 ad
686 3568 827 3641 portum
848 3559 1039 3625 deduceret
1058 3560 1158 3624 initio
1184 3557 1364 3642 sequentis
1386 3561 1472 3625 anni
1494 3577 1575 3626 cum

342 3679 495 3752 quatuor
511 3669 568 3734 vel
582 3668 736 3750 quinque
755 3667 913 3748 navigiis
926 3667 1068 3746 (fustus
1082 3667 1237 3747 vocant).
1258 3667 1314 3732 Ex
1332 3677 1438 3749 portu
1453 3677 1572 3733 autern

342 3795 405 3861 per
428 3776 688 3842 mediterranea
709 3791 821 3858 usque
843 3775 890 3839 ad
912 3776 1048 3840 curiam
1070 3773 1180 3856 Regis
1201 3773 1414 3858 Aethiopiae
1438 3777 1577 3857 legatus

341 3883 523 3964 Pro-regis
537 3899 600 3948 seu
620 3880 880 3948 Gubernatoris
899 3899 982 3946 cum
996 3891 1147 3963 quatuor
1161 3883 1219 3946 vel
1235 3881 1393 3965 quinque
1406 3883 1487 3948 aliis
1501 3901 1576 3961 sae·

343 3992 522 4057 culatibus
536 3990 751 4074 Episcopum
765 3989 1001 4054 comitaturus
1014 3986 1128 4071 [erat].
1142 3986 1270 4054 Omnia
1283 3999 1403 4055 autem
1413 4006 1576 4057 necessa·

343 4101 397 4165 ria
409 4098 602 4164 liberaliter
613 4097 773 4176 Pro-rex,
787 4114 860 4161 non
871 4098 984 4161 solum
995 4097 1041 4160 ad
1052 4097 1120 4160 iter
1130 4107 1376 4179 prospexerat,
1389 4097 1452 4163 sed
1466 4098 1575 4162 etiam

344 4217 383 4272 ut
398 4205 487 4271 duos
502 4223 615 4270 annos
629 4205 665 4268 in
681 4205 780 4270 curia
800 4203 908 4286 Regis
930 4203 1153 4286 Aethiopiae,
1174 4203 1262 4269 nihil
1282 4205 1327 4270 ab
1348 4223 1391 4270 eo
1411 4206 1576 4288 petendo,

345 4331 490 4378 manere
505 4321 639 4395 posset.

403 4421 496 4486 3411.
540 4419 689 4486 Curavit
705 4421 813 4484 etiam
829 4429 865 4484 ut
879 4418 1024 4506 quidam
1038 4419 1215 4501 saraceni,
1228 4421 1289 4503 qui
1301 4419 1525 4486 familiariter
1541 4420 1578 4484 in

343 4537 448 4613 portu
459 4528 670 4611 Aethiopiae
678 4527 818 4592 versari
829 4527 1002 4608 solebant,
1012 4527 1212 4593 litterarum
1222 4530 1316 4593 ultra
1326 4527 1577 4594 mittendarum

342 4635 564 4724 provinciam
590 4635 823 4719 susciperent,
851 4643 886 4700 et
910 4651 975 4719 per
1000 4633 1144 4702 eosdem
1169 4651 1362 4703 saracenos
1386 4635 1578 4719 pecuniam
