3642 5350
363 426 418 490 332
591 410 597 423 ’
822 428 950 493 Cnaou.
970 430 1047 493 Soc.
1067 430 1136 507 Jns

365 594 408 641 ac
422 577 559 657 vineas,
575 584 610 641 et
625 585 777 658 quatuor
791 578 946 645 millibus
965 597 1136 663 passuum
1150 596 1172 643 a
1186 578 1332 644 civitate
1350 575 1466 643 Politii
1482 575 1504 659 ⁸,
1520 596 1591 659 qua

365 686 432 750 iter
451 694 529 750 erat
549 685 777 765 Panormum,
793 686 959 752 distabat.
984 686 1041 753 Ad
1062 687 1261 770 spiritualia
1276 686 1447 751 exercitia
1461 695 1497 750 et
1510 703 1593 751 con·

365 794 630 876 templationem
643 794 744 860 locus
758 806 1046 878 peropportunus
1065 806 1154 861 erat.

407 900 515 976 „latu
560 902 651 968 Cum
669 902 782 968 Roma
798 905 946 985 penuria
962 905 1014 969 rei
1027 905 1282 970 frumentariae
1295 904 1488 984 laboraret,
1505 905 1591 969 scri·

364 1018 464 1094 ptum
479 1019 532 1076 est
544 1012 580 1075 in
591 1010 759 1092 Siciliam,
773 1029 853 1077 cum
865 1012 983 1078 adbuc
994 1013 1132 1079 viveret
1143 1012 1181 1077 P.
1195 1012 1365 1093 Ignatius,
1378 1021 1417 1102 ut
1429 1011 1591 1077 viderent

365 1136 412 1184 an
431 1119 584 1185 facultas
602 1119 817 1185 frumentum
835 1122 1045 1186 extrahendi
1065 1122 1103 1186 in
1123 1120 1312 1187 Societatis
1326 1137 1429 1185 usum
1451 1120 1593 1185 extrahi

365 1236 496 1308 posset.
523 1224 672 1292 Prorex
694 1236 811 1293 autem
833 1230 942 1294 ea'de
963 1248 1002 1293 re
1024 1229 1070 1293 ad
1090 1229 1201 1310 Regis
1222 1228 1359 1293 curiam
1374 1227 1527 1310 scripsit,
1554 1237 1593 1292 ut

364 1332 572 1399 facultatem
586 1335 631 1401 ad
643 1345 784 1400 centum
797 1336 1055 1418 quinquaginta
1067 1338 1126 1400 vel
1137 1337 1311 1401 ducentas
1322 1341 1334 1373 ¹
1344 1334 1484 1399 salmas
1495 1333 1507 1365 ⁸
1518 1336 1594 1399 sive

317 1446 320 1453 '
365 1441 484 1508 modia
498 1443 730 1525 extrahenda,
747 1438 965 1527 impetraret.
982 1445 1073 1526 Quia
1087 1454 1207 1510 tamen
1221 1462 1286 1526 pro
1302 1444 1452 1525 singulis
1467 1442 1594 1508 modiis

364 1570 436 1618 non
455 1550 646 1617 mediocris
664 1553 815 1632 pecunia
832 1552 923 1633 Regi
941 1552 1113 1618 solvenda
1128 1562 1206 1617 erat
1220 1552 1371 1633 (novum
1385 1550 1595 1633 impositum

365 1669 520 1742 vocant),
536 1660 726 1742 impetrata
745 1659 927 1742 praedicta
946 1659 1100 1726 facultas
1119 1660 1236 1742 potius
1249 1657 1357 1725 vendi
1371 1660 1500 1724 debere
1514 1658 1593 1725 visa

367 1778 432 1849 cst,
448 1776 487 1835 ut
501 1768 642 1836 cederet
658 1768 694 1834 in
709 1768 897 1834 utilitatem
912 1766 1101 1834 societatis
1116 1766 1309 1834 Romanae.

431 2414 518 2482 1357.
561 2416 639 2483 Hoc
664 2434 758 2482 anno
784 2417 984 2483 Catanense
998 2417 1196 2499 Collegium
1219 2417 1257 2483 P.
1284 2416 1520 2481 provincialis
1545 2415 1594 2480 in·

368 2523 570 2589 choandum
582 2525 734 2603 curavit,
749 2524 849 2606 cujus
861 2528 963 2607 origo
974 2526 1064 2591 haec
1074 2525 1151 2591 fuit.
1165 2524 1340 2588 Dominus
1348 2523 1595 2589 Ferdinandus

367 2632 411 2698 de
431 2632 552 2714 Vega,
575 2632 833 2715 primogenitus
853 2634 946 2700 filius
964 2633 1145 2715 Pro-regis
1160 2632 1183 2714 ‘,
1199 2633 1249 2698 illi
1264 2632 1402 2698 civitati
1417 2639 1593 2715 praeerat,

368 2741 663 2824 quemadmodum
677 2740 851 2806 Dominus
863 2741 1006 2824 SueruS,
1023 2743 1138 2808 minor
1153 2751 1239 2806 natu
1252 2740 1376 2818 frater,
1393 2739 1593 2823 Syracusis.

367 2849 456 2913 Tam
466 2866 553 2930 ergo
563 2849 811 2915 Ferdinandus
822 2850 1025 2932 praedictus
1037 2867 1144 2933 quam
1152 2850 1350 2931 Episcopus
1359 2846 1593 2914 Catanensis⁸

367 2956 466 3020 initio
481 2955 584 3038 hujus
599 2957 682 3022 anni
697 2957 959 3024 Provincialem
978 2959 1164 3047 urgebant,
1181 2967 1221 3022 ut
1235 2958 1388 3039 aliquem
1403 2973 1449 3022 ex
1464 2959 1595 3021 nostris

367 3080 410 3127 eo
424 3065 590 3144 mitteret,
607 3082 688 3128 cum
702 3082 771 3146 quo
785 3066 829 3130 de
843 3066 1003 3147 Collegio
1023 3065 1181 3131 Catanae
1202 3064 1419 3130 instituendo
1433 3073 1593 3144 agerent.

431 3169 518 3235 1358.
561 3171 692 3236 Missus
703 3189 790 3253 ergo
804 3173 870 3237 fuit
884 3173 1056 3257 Januario
1068 3190 1188 3237 mense
1199 3173 1239 3236 Ρ.
1251 3171 1431 3236 Antonius
1441 3170 1560 3236 Vinch
1570 3171 1594 3252 ⁶,

367 3279 512 3361 quinon
527 3280 641 3343 solum
656 3279 849 3344 Dominum
869 3278 1145 3361 Ferdinandum,
1167 3281 1230 3345 sed
1251 3280 1467 3362 Episcopum
1489 3280 1597 3344 etiam

367 3387 471 3452 valde
487 3385 655 3451 affectum
672 3386 754 3451 huic
770 3387 868 3467 operi
878 3387 1025 3464 invenit;
1041 3397 1075 3452 et
1087 3399 1285 3469 opportune
1298 3387 1486 3469 collegium
1497 3387 1594 3451 insti·

369 3495 420 3559 tui
444 3511 549 3577 posse
573 3495 775 3574 videbatur,
803 3504 886 3558 tunc
912 3495 1007 3576 quod
1032 3503 1125 3558 esset
1150 3495 1186 3559 in
1214 3496 1340 3559 itinere
1366 3495 1595 3577 pergentibus

368 3601 578 3685 Syracusas
595 3612 679 3666 tunc
698 3601 792 3684 quod
811 3602 979 3684 generale
1004 3602 1159 3667 studium
1183 3612 1217 3668 et
1241 3605 1428 3685 praeclara
1452 3603 1595 3684 ingenia

368 3711 527 3778 Catanae
537 3711 820 3776 inveniebantur.

429 3819 517 3884 1359.
561 3818 650 3884 Cum
661 3818 768 3883 etiam
780 3834 823 3882 eo
836 3827 994 3900 tempore
1006 3819 1049 3882 de
1060 3820 1180 3882 multis
1190 3829 1294 3883 extra
1305 3818 1460 3884 Domum
1470 3829 1506 3883 et
1518 3816 1596 3884 Col·

366 3927 498 4008 legium
518 3935 678 3992 nostrum
692 3925 891 3992 Romanum
905 3926 1085 3993 mittendis
1099 3925 1137 3992 P.
1153 3925 1313 4009 ignatius
1328 3926 1501 4009 cogitaret
1515 3944 1592 4010 pro·

412 4132 421 4168 Ι
449 4132 553 4180 Polfzzf.

406 4205 419 4239 ¹
446 4205 534 4251 Habes
544 4207 587 4251 bic
600 4217 742 4263 numerum,
754 4219 828 4263 quem
839 4209 864 4252 fu
875 4208 993 4262 exemplo
1009 4208 1158 4254 litterarum
1173 4207 1269 4265 Ignatii
1280 4207 1387 4265 (Curios
1400 4207 1435 4253 de
1449 4206 1505 4252 Son
1519 4206 1597 4263 Igno·

369 4279 419 4329 rlo,
428 4284 446 4322 t.
457 4287 493 4334 vr,
503 4288 563 4332 pag.
573 4277 631 4334 ³4⁶),
642 4280 730 4333 legere
740 4290 792 4324 non
808 4281 946 4326 valuimue.

409 4347 420 4380 ⁸
451 4347 514 4392 vide
525 4357 614 4404 supra,
624 4359 685 4403 pag.
695 4348 742 4402 288,
753 4360 777 4393 n.
788 4349 849 4394 tila.

408 4420 421 4454 ⁴
448 4418 653 4474 Primogenitum
667 4421 784 4477 intellige
800 4420 868 4467 inter
882 4435 939 4478 eon,
953 4425 997 4480 qul
1012 4425 1060 4469 boc
1076 4433 1191 4480 tempore
1208 4427 1363 4482 superstites
1377 4430 1467 4475 erant:
1481 4435 1541 4469 nem
1555 4424 1598 4479 qul

372 4491 483 4608 οιυιιέίὲω
502 4493 690 4549 primogenitus
706 4501 777 4551 eret,
795 4495 896 4540 obierat
911 4497 966 4552 lam
988 4495 1134 4553 Septembri
1153 4509 1242 4543 menne
1261 4499 1321 4544 enni
1342 4497 1401 4543 15⁵0.
1422 4495 1490 4543 Vide
1509 4507 1596 4553 supra,

370 4577 394 4608 n·
460 4594 466 4607 .

410 4633 423 4668 ⁸
449 4633 572 4681 Nicolaum
581 4635 664 4682 bieria
675 4637 944 4684 Carambim—Vide
954 4649 1043 4694 supra,
1054 4645 1072 4684 t.
1080 4651 1107 4693 v,
1115 4651 1176 4696 pag.
1187 4641 1236 4695 218,
1246 4650 1270 4685 n.
1278 4639 1327 4684 631.

411 4705 423 4739 ⁸
451 4705 519 4752 Vide
529 4718 616 4765 snpra,
627 4721 686 4766 pag.
694 4711 742 4765 2⁶7,
753 4723 777 4754 n.
791 4711 849 4766 1031,
859 4722 921 4766 pag.
930 4713 979 4766 275,
990 4723 1014 4756 n.
1026 4710 1086 4768 1071,
1096 4719 1122 4758 et
1133 4720 1221 4767 nuper,
1231 4722 1255 4754 n.
1268 4710 1327 4756 1322.
