3642 5350
801 449 865 508 ΑΝ.
887 449 958 510 1556
1461 451 1498 510 15

260 593 438 657 Dominus
462 593 507 657 ad
530 610 632 658 usum
654 594 806 674 collegii,
834 603 867 658 et
888 595 1030 676 quidem
1051 595 1177 676 gratis,
1199 603 1237 658 ut
1257 611 1321 659 suo
1334 603 1495 675 tempore

261 699 452 764 videbitur.

321 805 373 871 34.
418 806 522 886 Quod
536 807 582 871 ad
596 807 731 871 reditus
745 807 882 886 attinet,
900 808 1015 871 nullos
1029 807 1183 871 habebat
1203 807 1411 887 Collegium3
1429 807 1492 871 sed

264 912 301 978 P.
318 913 534 977 Franciscus
557 911 566 944 ¹
591 930 672 976 cum
692 912 731 977 P.
748 912 867 978 Natali
893 913 931 977 id
955 914 1096 993 agebat,
1119 923 1158 977 ut
1180 932 1225 978 ex
1249 913 1423 994 Hispania
1448 913 1494 976 ad

263 1021 447 1100 octoginta
474 1021 677 1100 collegiales
702 1019 836 1084 Rornae
862 1021 1112 1084 sustentandos
1144 1017 1493 1102 [suppeditarentur],

259 1145 329 1192 nec
347 1127 555 1208 displicebat
581 1136 619 1191 ut
644 1145 686 1191 eo
711 1127 748 1191 in
768 1143 881 1207 regno
905 1128 1039 1191 reditus
1065 1127 1340 1208 applicarentur,
1368 1129 1496 1209 inquo

261 1231 360 1316 [non]
381 1235 498 1298 minus
523 1233 678 1316 stabiles,
701 1234 808 1298 immo
834 1235 950 1314 magis
974 1252 1079 1315 quam
1103 1233 1249 1312 Romae,
1271 1235 1380 1298 futuri
1396 1234 1494 1298 vide·

259 1343 404 1406 bantur.

321 1447 372 1512 35.
416 1447 520 1528 Quod
535 1448 581 1512 ad
602 1448 799 1528 Collegium
825 1447 1078 1513 Germanicum
1103 1449 1240 1524 attinet,
1266 1448 1350 1530 quia
1370 1450 1495 1529 paula·

260 1556 326 1618 tim
351 1573 373 1618 a
397 1554 646 1619 Cardinalibus
670 1553 708 1618 id
731 1556 899 1636 temporis
926 1555 1181 1619 destituebatur
1203 1565 1237 1619 et
1262 1564 1377 1619 totum
1403 1571 1496 1618 onus

260 1662 518 1744 propemodum
543 1660 713 1726 Societati
737 1661 956 1726 subeundum
982 1672 1069 1737 erat,
1096 1662 1254 1726 imminui
1279 1662 1394 1742 eoepit
1414 1677 1494 1741 ger-

261 1787 450 1833 manorum
473 1785 653 1844 numerus,
682 1775 717 1832 et
742 1768 952 1849 quibusdam
982 1767 1230 1833 Cardinalibus
1255 1777 1289 1832 et
1314 1768 1495 1850 primariis

261 1877 351 1940 viris
370 1875 406 1940 id
430 1876 705 1955 postulantibus,
726 1875 865 1940 admitti
883 1875 1108 1940 convictores
1133 1876 1284 1939 aliarum
1309 1875 1494 1942 nationum

262 1992 467 2064 coeperunt,
485 1982 544 2063 qui
568 1982 642 2045 suis
666 1981 864 2063 sumptibus
884 1999 956 2046 non
974 1983 1089 2046 solum
1104 1983 1171 2064 ipsi
1190 1982 1492 2059 sustentabantur,

261 2090 446 2154 sedetiam
462 2089 508 2153 ad
522 2089 720 2153 conductae
734 2089 859 2152 domus
878 2089 1031 2169 pretium
1045 2091 1255 2154 solvendum
1272 2098 1308 2153 et
1326 2096 1495 2152 externos

262 2197 413 2260 famulos
426 2195 678 2260 sustentandos
693 2193 826 2277 aliquid
841 2205 1036 2277 supererat,
1050 2207 1089 2260 ut
1101 2196 1152 2260 sie
1164 2197 1270 2278 paulo
1282 2197 1400 2277 plures
1412 2211 1496 2274 ger·

263 2305 361 2368 mani
381 2313 526 2385 possent
551 2303 742 2366 sustentari
767 2320 813 2366 ex
838 2301 1081 2368 Cardiualium
1097 2303 1331 2385 quorumdam
1346 2303 1496 2366 eleemo-

264 2411 364 2492 synis
377 2413 399 2475 ¹.

306 2690 316 2724 Ι
345 2688 449 2745 aerata.
459 2689 526 2734 Vide
538 2701 603 2744 quae
614 2690 694 2734 surius
703 2689 771 2733 inira
781 2688 908 2743 dicentur,
919 2700 961 2733 nn.
972 2688 1027 2732 27³7
1036 2694 1063 2731 et
1073 2700 1144 2743 seqq.

305 2762 317 2795 ¹
342 2761 409 2807 Vide
419 2773 506 2817 supra,
518 2766 537 2805 t.
547 2775 573 2817 v,
582 2772 644 2817 pag.
656 2760 688 2814 ta,
699 2773 724 2806 n.
735 2761 769 2816 it;
779 2767 805 2805 et
815 2772 875 2815 pag.
887 2761 922 2817 ³6,
933 2772 975 2804 nn.
985 2761 1012 2805 64
1022 2768 1048 2804 et
1057 2760 1092 2804 (5.
