3642 5350
350 418 407 483 348
816 418 944 482 ennon.
965 416 1043 481 Soc.
1064 419 1135 496 Jus.

355 597 358 605 ·
417 564 504 657 1438.
546 568 626 651 Jam
647 577 766 633 autem
780 586 802 631 a
818 585 939 632 mense
953 566 1149 632 Februario
1163 567 1268 648 hujus
1282 568 1379 650 anni,
1394 586 1475 634 cum
1489 568 1589 634 intel·

354 656 481 757 ligeret
491 674 569 741 Rex
579 674 822 740 Romanorum
837 674 1085 740 Fetdinandus
1095 677 1192 740 nulla
1203 676 1343 740 ratione
1353 676 1474 741 induci
1483 693 1589 758 posse

353 782 395 848 P.
416 784 612 863 Caninium,
630 793 668 847 ut
687 784 933 865 episcopatum
952 782 1193 848 Viennensem
1212 785 1434 865 susciperet,
1446 783 1589 865 scripsit

356 892 514 957 Domino
529 890 780 956 DidacoLaxo
795 892 839 955 de
859 891 1032 971 Castigla,
1057 892 1116 974 qui
1136 891 1248 971 ipsius
1266 892 1411 971 negotia
1432 892 1468 955 in
1490 892 1590 956 curia

359 1015 507 1063 romana
522 998 663 1079 agebat,
689 1016 734 1063 ne
748 1000 896 1062 ulterius
919 1008 1063 1079 urgeret
1087 1000 1156 1063 hoc
1171 999 1353 1078 negotium
1375 997 1588 1063 obtinendae

359 1104 637 1170 confirmationis
653 1106 825 1187 praedicti
840 1106 1079 1187 episcopatus,
1096 1106 1159 1170 sed
1174 1107 1318 1171 omnino
1340 1105 1589 1188 supersederet

357 1212 402 1277 ab
416 1230 459 1277 ea
475 1213 638 1293 petenda,
655 1222 692 1276 ut
707 1231 753 1276 ex
767 1211 842 1292 eJus
860 1214 989 1279 litteris
1003 1222 1144 1277 constat
1159 1212 1181 1278 ¹.
1507 1222 1509 1230 '

421 1318 508 1384 1439.
552 1318 649 1383 Idem
662 1318 905 1384 Romanorum
920 1320 998 1386 Rex
1013 1323 1110 1385 circa
1125 1321 1231 1401 huJus
1246 1322 1330 1385 anni
1346 1320 1485 1385 initium
1500 1321 1589 1385 litte·

353 1444 415 1491 ras
424 1427 577 1508 scripsit,
587 1436 691 1508 prout
701 1428 745 1491 ab
754 1445 796 1491 eo
805 1428 1089 1508 postulabantur,
1099 1429 1146 1492 ad
1157 1428 1340 1508 negotium
1355 1429 1587 1507 collegiorum

353 1534 545 1600 Societatis
560 1534 860 1599 admittendorum
875 1536 910 1600 in
923 1535 1083 1600 inferiori
1098 1535 1303 1611 Germania,
1320 1532 1411 1614 Regi
1425 1534 1587 1618 Philippo

305 1640 313 1659 ‘
356 1642 527 1725 subjecta.
1562 1637 1567 1645 ’

418 1750 505 1816 1440.
550 1751 716 1815 Urbanus
735 1750 960 1816 Pataviensis
979 1761 1064 1816 vota
1079 1769 1156 1831 sua,
1173 1768 1263 1833 quae
1278 1752 1356 1832 ipso
1378 1751 1435 1815 die
1449 1750 1587 1816 Natalis

355 1860 533 1939 emiserat,
547 1856 585 1923 P.
602 1858 740 1938 ignatio
756 1860 963 1924 transmisit.

417 1966 504 2030 1441.
548 1965 747 2031 Postulavit
773 1964 903 2031 Rector
926 1986 947 2031 a
970 1966 1211 2031 Romanorum
1232 1966 1331 2048 Rege
1351 1967 1587 2033 confirmatio·

354 2092 436 2139 nem
451 2074 628 2139 redituum
647 2075 740 2139 mille
755 2084 790 2137 et
805 2074 1038 2139 ducentorum
1048 2074 1276 2154 florenorum,
1288 2086 1323 2139 et
1334 2074 1530 2156 respondit,
1549 2084 1587 2139 ut

353 2183 535 2248 videretur
549 2199 634 2246 num
648 2181 732 2263 quid
747 2182 886 2247 deesset
905 2183 951 2246 ad
965 2182 1169 2246 firmitatem
1183 2182 1406 2247 concessioni
1421 2183 1521 2263 prius
1535 2183 1582 2246 fa-

353 2299 444 2369 ctae,
467 2307 551 2353 nam
571 2289 720 2354 libenter
746 2289 916 2371 quidquid
934 2290 1075 2354 roboris
1094 2307 1184 2371 opus
1204 2300 1300 2353 esset
1318 2308 1357 2353 se
1383 2289 1586 2354 additurum

353 2394 624 2480 [pollicebatur]
784 2479 791 2491 ·

414 2505 501 2570 1442.
544 2505 634 2569 Tam
648 2506 862 2586 peculiarem
882 2514 1002 2570 autem
1020 2523 1145 2570 curam
1164 2523 1284 2570 rerum
1298 2514 1334 2569 et
1349 2522 1585 2587 personarum

352 2622 556 2680 nostratum
577 2613 655 2679 Rex
677 2612 841 2692 habebat,
865 2624 903 2679 ut
924 2615 1031 2678 vellet
1052 2630 1174 2680 coram
1199 2614 1277 2695 ipso
1303 2624 1446 2678 nostros
1469 2614 1587 2680 minus

351 2723 565 2787 exercitatos
590 2721 807 2802 concionari,
828 2731 866 2786 ut
887 2739 1010 2786 eorum
1035 2723 1207 2785 talentum
1231 2731 1522 2800 cognosceretur;
1548 2732 1585 2786 et

349 2829 400 2894 ita
415 2826 571 2893 secundo
584 2829 639 2892 die
655 2827 840 2893 Pascbatis
855 2828 892 2893 P.
908 2830 1066 2914 Joannes
1077 2828 1232 2910 Dyrsius
1243 2829 1352 2894 etiam
1363 2847 1408 2892 ex
1418 2839 1585 2910 tempore

351 2953 473 3001 eoram
489 2936 586 3016 Rege
601 2935 833 3000 concionatus
852 2947 920 3017 est,
938 2947 973 3000 et
992 2935 1130 3000 abunde
1150 2936 1218 3015 ipsi
1237 2945 1273 3000 et
1288 2936 1510 3001 auditoribus
1531 2955 1583 3000 sa-

352 3043 494 3109 tisfecit.

381 3177 383 3180 ·
414 3150 501 3214 1443.
544 3151 672 3234 Jonam
688 3151 795 3215 etiam
810 3151 983 3217 Adlerum
998 3153 1168 3233 postridie
1183 3150 1331 3232 audivit;
1350 3151 1527 3232 (quamvis
1549 3152 1584 3216 id

350 3257 451 3322 initio
466 3268 660 3339 recusaret,
674 3259 758 3341 quia
769 3267 908 3324 tantum
919 3260 1092 3324 diaconus
1103 3269 1138 3324 et
1149 3277 1222 3322 non
1232 3259 1404 3322 sacerdos
1415 3258 1534 3338 esset),
1548 3268 1582 3322 et

336 3381 437 3446 prae
456 3365 607 3429 caeteris
626 3374 700 3428 tarn
719 3365 809 3444 Regi
829 3383 936 3448 quam
955 3367 1107 3431 caeteris
1127 3365 1311 3430 satisfecit.
1334 3365 1378 3429 Et
1399 3367 1457 3429 hic
1472 3365 1584 3430 movit

350 3471 595 3537 Labacensem
610 3473 827 3554 Episcopum
841 3485 879 3536 ut
890 3491 971 3538 eum
983 3473 1050 3538 sibi
1062 3473 1139 3538 dati
1151 3483 1288 3554 peteret
1299 3490 1381 3537 cum
1392 3473 1437 3537 ad
1449 3475 1583 3554 episco-

351 3591 472 3662 patum
487 3597 589 3644 suum
604 3579 887 3661 proficisceretur
902 3579 925 3643 ¹.

412 3687 500 3752 1444.
543 3685 799 3752 Prohibebatur
813 3705 855 3752 eo
867 3697 1026 3768 tempore
1041 3706 1061 3751 a
1077 3686 1175 3768 Rege
1191 3687 1393 3752 communio
1408 3688 1473 3751 sub
1487 3697 1582 3752 utra-

350 3812 418 3877 que
432 3794 549 3876 specie
565 3796 629 3858 sub
644 3811 758 3874 poena
774 3795 929 3875 capitali,
946 3805 1089 3876 praeter
1104 3796 1261 3860 omnium
1273 3795 1447 3859 bonorum
1463 3795 1580 3876 priva·

350 3903 497 3983 tionem;
520 3902 582 3966 sed
604 3903 640 3966 in
661 3903 792 3967 ultimis
812 3902 966 3967 comitiis
986 3901 1090 3985 hujus
1111 3904 1196 3967 anni
1211 3903 1460 3968 executionem
1478 3902 1583 3984 hujus

351 4081 549 4090 -—-—

349 4180 461 4229 Christo.
470 4181 603 4236 pregando
613 4192 661 4235 que
676 4191 754 4236 possa
769 4191 856 4226 essere
872 4183 973 4228 ulutatu
988 4195 1035 4239 per
1050 4195 1120 4229 meso
1135 4184 1203 4229 delle
1218 4196 1300 4229 messe
1311 4192 1337 4229 et
1353 4185 1471 4229 oratione
1482 4185 1524 4240 pol
1533 4197 1582 4241 que

353 4251 421 4297 V.R.
432 4251 553 4306 [jacobus
570 4251 676 4304 Lainez,
685 4250 815 4298 ,Vlcarlns
829 4256 960 4308 generatis
974 4254 1124 4310 Societatls]
1142 4257 1227 4301 iudica
1243 4259 1298 4301 cosi
1315 4257 1474 4312 espedlente3
1488 4267 1537 4312 pur
1547 4257 1581 4302 ml

348 4325 481 4379 gundaro
491 4325 602 4379 siempre
613 4325 644 4368 de
655 4324 715 4378 ogni
725 4325 910 4380 immodestia„
921 4327 1134 4384 Buruxssrnosa,
1145 4329 1162 4374 1.
1173 4340 1206 4380 c.,
1217 4335 1236 4372 t.
1247 4339 1273 4378 11.
1286 4339 1345 4384 pag.
1355 4328 1390 4373 47.

391 4395 400 4429 Ι
430 4393 497 4440 Vlde
509 4406 635 4440 summam
646 4403 877 4450 rerumgestarum
888 4398 915 4442 lu
924 4398 973 4442 hoc
987 4401 1092 4454 negotio
1102 4400 1170 4454 apud
1181 4401 1259 4444 toties
1274 4400 1408 4445 laudatum
1417 4399 1582 4445 Bnauttsnsn·

349 4477 408 4522 osu,
419 4466 437 4510 l.
449 4478 479 4520 c.,
488 4474 507 4511 t.
518 4475 536 4520 1,
546 4478 606 4522 pag.
617 4466 715 4511 tto-7⁶0.
726 4465 764 4510 De
776 4466 887 4512 Oratore
897 4481 962 4514 vero
971 4471 1028 4514 slve
1038 4471 1140 4522 Legata
1151 4471 1229 4524 Regis
1238 4469 1259 4514 F
1261 4483 1285 4514 er
1291 4471 1397 4516 dinundi
1412 4470 1438 4515 ln
1447 4471 1527 4527 Urbe,
1538 4470 1583 4515 Di·

351 4537 419 4582 daco
430 4535 512 4582 Lasso
524 4537 555 4582 de
567 4535 685 4592 Cantilia,
696 4539 796 4592 egimus
810 4549 889 4593 supra
904 4547 924 4585 t.
939 4553 965 4594 v,
981 4553 1042 4596 pag.
1055 4541 1091 4597 23,
1105 4554 1131 4586 n.
1144 4542 1180 4591 85.
1193 4549 1282 4587 annot.
1295 4542 1425 4598 21111113.
1439 4542 1487 4591 246,
1497 4544 1545 4586 no
1558 4543 1580 4594 8,

350 4609 469 4654 annot&

325 4685 327 4694 ·
388 4681 401 4714 ²
427 4681 494 4725 Vide
504 4691 591 4737 supra,
602 4693 626 4728 n.
638 4681 697 4727 1414.
