3642 5350
389 244 395 275 l

360 421 416 482 490
817 424 945 484 Canon.
966 421 1042 481 Soc.
1064 421 1136 495 Jus.

357 570 475 631 simin
490 567 634 631 familiis
644 554 788 649 jurandi
802 566 1093 631 consuetudinem
1108 566 1350 645 dediscebant,
1365 575 1401 629 et
1415 566 1466 630 sic
1481 567 1593 630 absti-

358 690 444 739 nere
459 674 705 753 decreverant,
722 684 760 738 ut
774 692 855 739 cum
870 674 1047 756 quaedam
1064 674 1214 737 honesta
1233 682 1397 737 matrona
1414 672 1592 753 juramen·

360 792 432 845 tum
449 783 527 846 leve
541 782 588 845 ad
609 783 731 849 nescio
752 782 835 862 quid
855 781 1095 846 attestandum
1114 780 1305 862 proferret,
1322 791 1357 843 et
1376 798 1398 843 a
1418 798 1489 862 quo
1509 781 1596 859 (sic)

359 896 472 953 mater
496 888 620 952 suisset
645 888 842 968 admonita,
868 898 906 952 ut
930 890 1138 953 observaret
1163 887 1421 969 praedicatoris
1446 904 1591 967 praece·

360 1004 473 1075 ptum;
495 1012 576 1059 cum
595 996 724 1059 rubore
743 994 868 1059 eadem
887 995 1052 1059 confessa
1071 1003 1124 1058 est
1143 1012 1182 1058 se
1201 1011 1359 1057 mensem
1377 995 1555 1073 integrum
1570 1014 1593 1057 a

357 1101 569 1181 Juramentis
584 1103 808 1181 abstinuisse,
825 1112 860 1167 et
874 1103 967 1184 quod
979 1113 1062 1166 tunc
1074 1104 1175 1183 lapsa
1186 1110 1291 1180 esset,
1304 1116 1522 1182 magnopere
1533 1101 1592 1164 do

362 1212 449 1288 lena,
463 1209 659 1273 cautiorem
674 1228 713 1273 se
727 1211 804 1273 sore
816 1211 990 1291 promisit.

422 1314 513 1377 2111.
556 1316 678 1397 Aliqui
693 1318 810 1394 etiam,
828 1319 887 1399 qui
902 1318 1121 1382 dissidebant
1140 1316 1176 1379 in
1198 1315 1365 1393 amicitia,
1389 1314 1464 1395 ejus
1485 1332 1594 1395 opera

362 1424 398 1486 in
417 1424 572 1503 gratiam
593 1424 784 1488 redierunt.
804 1424 925 1489 Allata
945 1434 1000 1489 est
1018 1425 1217 1489 consolatio
1238 1423 1433 1504 spiritualis
1456 1422 1596 1503 quibus·

362 1530 444 1593 dam
459 1531 736 1610 aegrotantibus,
754 1541 789 1595 et
804 1532 946 1596 cuidam
960 1533 1070 1596 nobili
1084 1543 1269 1595 matronae
1283 1532 1375 1594 inter
1386 1530 1487 1607 alios,
1501 1545 1596 1610 quae

362 1636 476 1700 vitam
490 1654 528 1700 se
543 1638 735 1717 accepisse,
752 1639 860 1701 allato
876 1655 940 1719 per
955 1637 992 1701 P.
1010 1638 1204 1702 Robertum
1216 1637 1472 1701 consolationis
1483 1636 1593 1700 subsi-

363 1742 435 1820 dio,
453 1744 686 1824 profitebatur
703 1744 722 1807 ¹.

424 1849 517 1915 2112.
560 1850 712 1931 Quidam
729 1853 784 1916 vir
798 1852 927 1916 nobilis
946 1869 989 1916 ac
1004 1853 1177 1932 dignitate
1196 1851 1440 1916 ecclesiastica
1460 1847 1598 1931 praedi·

364 1968 434 2037 tus,
447 1958 604 2039 ejusdem
617 1959 848 2023 concionibus
860 1969 1068 2038 commotus
1082 1959 1364 2023 ecclesiasticum
1374 1955 1597 2033 beneficium,

365 2065 422 2127 cui
442 2081 529 2129 cura
553 2067 753 2129 animarum
779 2066 995 2142 imminebat,
1019 2067 1055 2130 in
1080 2066 1189 2129 alium
1203 2063 1399 2129 transferre
1423 2063 1594 2127 decrevit.

365 2170 439 2235 Nec
454 2171 602 2235 deerant
622 2174 811 2252 generales
830 2172 1088 2251 confessiones;
1109 2182 1144 2236 et
1165 2173 1265 2236 multi
1284 2170 1540 2252 praedicabant
1558 2187 1601 2232 se

368 2277 503 2357 beatos,
519 2279 614 2357 quod
629 2278 844 2344 Societatem
859 2281 1125 2360 cognovissent,
1140 2291 1175 2342 et
1196 2277 1273 2358 ejus
1287 2278 1465 2359 praesidio
1483 2278 1598 2340 lucem

364 2383 528 2448 veritatis
541 2395 576 2448 et
591 2388 780 2450 coelestem
795 2387 1076 2450 consolationem
1091 2397 1209 2449 essent
1224 2385 1354 2464 adepti.

426 2490 517 2554 2113.
562 2490 742 2571 Quantum
757 2504 875 2557 autem
890 2493 1036 2556 honoris
1055 2494 1188 2556 nostris
1207 2492 1417 2569 tribuerent,
1438 2500 1473 2553 et
1493 2506 1600 2571 quam

368 2598 517 2661 sollicite
532 2601 674 2680 collegii
690 2599 884 2664 adventum
898 2609 1141 2682 expectarent,
1164 2600 1227 2661 vix
1241 2597 1312 2663 dici
1326 2606 1447 2678 posset
1460 2596 1483 2659 ¹.

427 2707 519 2770 2114.
563 2707 766 2772 Canonicus
786 2707 931 2788 quidam
955 2708 1205 2787 cornotensis,
1228 2707 1369 2770 nomine
1390 2699 1603 2768 Gullielmus

368 2811 624 2892 Gregorianus,
640 2813 854 2880 Societatem
867 2822 1028 2878 nostram
1045 2814 1185 2894 ingredi
1203 2813 1404 2891 constituit,
1427 2822 1462 2876 et
1482 2821 1521 2875 ut
1539 2811 1599 2875 ad·

367 2919 565 2984 mitteretur
589 2922 755 3000 instabat,
782 2923 890 2985 etiam
916 2932 1107 3001 antequam
1125 2921 1323 3001 Collegium
1342 2919 1602 2996 institueretur,

367 3043 433 3089 nec
449 3037 542 3090 esset
561 3026 727 3107 Bigliomi
745 3029 806 3108 qui
825 3028 1075 3092 auctoritatem
1095 3028 1141 3092 ad
1160 3045 1242 3092 eum
1261 3027 1517 3090 admittendum
1539 3026 1600 3088 ha-

370 3134 481 3196 beret.

430 3239 522 3302 2115.
565 3241 776 3321 Explicabat
790 3243 826 3306 in
845 3243 1213 3324 quadragesimalibus
1230 3241 1461 3305 concionibus
1475 3240 1514 3304 P.
1530 3238 1601 3302 Ro-

369 3347 502 3426 bertuS,
519 3346 685 3412 thematis
700 3351 792 3428 loco,
812 3350 1083 3413 lamentationes
1106 3350 1299 3433 Jeremiae;
1316 3347 1450 3429 aliquid
1472 3345 1601 3410 deinde

369 3471 416 3516 ex
431 3455 569 3532 psalmo
587 3454 705 3519 “Beati
718 3457 936 3520 immaculati
952 3457 987 3519 in
1003 3458 1081 3534 via,
1097 3456 1232 3536 dicens;
1245 3473 1328 3519 mox
1339 3454 1385 3517 ad
1401 3454 1603 3535 epistolam,

372 3577 464 3639 quae
479 3578 521 3624 eo
537 3562 593 3625 die
607 3563 643 3625 in
658 3562 767 3626 Missa
782 3565 984 3643 legebatur,
1008 3580 1051 3627 ac
1072 3564 1215 3628 demum
1234 3561 1281 3626 ad
1299 3562 1525 3642 evangelium
1544 3576 1602 3622 ac·

373 3667 538 3732 cedebat:
555 3686 647 3750 quae
662 3670 863 3750 methodus,
880 3689 962 3734 cum
977 3679 1269 3750 argumentorum
1284 3669 1389 3749 copia
1400 3666 1605 3747 conjuncta,

193 3753 195 3759 ⁸
373 3775 626 3840 eruditioribus
640 3793 856 3858 magnopere
875 3779 1020 3858 placuit.

432 3881 522 3946 2116.
567 3883 624 3946 Ad
646 3883 842 3948 dominicae
862 3885 1139 3965 praedicationis
1164 3884 1429 3948 enarrationem
1449 3881 1606 3962 quinque

373 4000 434 4053 aut
448 4007 513 4052 sex
534 3990 715 4054 hominum
735 3991 843 4054 millia
866 3991 1080 4055 confluxisse
1100 3991 1319 4069 dicebantur;
1346 4001 1381 4054 et
1406 4007 1477 4052 non
1499 3987 1606 4069 pauci

372 4097 509 4160 nobiles
529 4097 668 4161 externi
687 4114 730 4161 ea
751 4106 855 4162 nocte
880 4099 1057 4179 Bigliomi,
1081 4097 1262 4162 concionis
1278 4096 1381 4176 hujus
1407 4095 1607 4160 audiendae

372 4204 502 4282 gratia,
523 4213 790 4285 pernoctarunt,
807 4217 842 4268 et
861 4206 1043 4286 lacrymae
1062 4223 1106 4269 ac
1125 4205 1278 4285 suspiria
1295 4204 1495 4285 frequentia
1514 4202 1605 4266 satis

375 4311 574 4374 animorum
591 4311 757 4374 aflectum
772 4311 981 4392 prodebant.

417 4513 424 4544 ¹
453 4511 500 4558 us.
509 4509 579 4568 qua'e
591 4517 678 4558 vitam
689 4527 718 4559 se
729 4518 867 4570 acceptam
872 4517 947 4572 sore,
956 4516 1072 4561 allatum
1080 4523 1132 4572 per
1142 4517 1172 4561 P.
1184 4515 1331 4559 Robertum
1342 4514 1536 4558 consolationis
1545 4512 1609 4556 sub·

374 4583 488 4636 sidium,
495 4586 682 4639 profitebatur.

416 4657 427 4687 ²
454 4655 500 4700 bis.
509 4661 597 4710 posse.
