3642 5350
373 381 427 440 sol
722 348 729 361 ⁹
819 380 948 442 canoa.
972 380 1050 442 Soc.
1076 381 1146 455 Jas.

375 544 457 591 nem
471 526 612 608 disponi
632 543 752 608 posse;
774 527 837 591 sed
857 527 940 609 quia
959 527 1115 609 operarii
1132 526 1239 607 pauci
1257 532 1372 605 erant,
1395 526 1431 590 in
1449 542 1600 590 messem

375 643 448 699 tam
462 636 692 716 multiplicem
706 652 744 699 se
759 634 951 700 extendere
964 652 1036 699 non
1057 632 1278 715 expediebat.

438 740 526 806 1218.
571 742 673 823 Quod
687 744 732 808 ad
747 744 956 825 temporalia
966 745 1107 824 attinet,
1120 753 1262 826 praeter
1273 743 1462 809 ecclesiam
1475 750 1510 806 et
1522 741 1598 806 Col·

374 851 458 931 legii
472 852 594 930 situm,
615 850 811 933 Episcopus
826 852 901 916 suis
915 852 1151 933 eleemosynis
1169 869 1251 917 cum
1271 868 1405 931 magna
1425 849 1598 913 charitate

374 958 531 1038 Collegio
557 959 806 1038 subveniebat,
832 967 868 1023 et
886 975 971 1023 suos
992 960 1103 1024 libros
1129 968 1251 1024 mutuo
1271 960 1400 1038 dabat,
1423 965 1459 1022 et
1480 956 1597 1021 omnia

374 1083 439 1130 sua
452 1077 616 1148 prompto
635 1066 755 1131 animo
771 1066 941 1132 offerebat
957 1064 989 1146 ¹3
1009 1066 1117 1131 immo
1132 1075 1166 1130 et
1187 1067 1224 1130 in
1243 1066 1323 1131 aliis
1343 1066 1490 1129 urbibus
1512 1081 1598 1128 suae

373 1172 545 1237 dioecesis
573 1174 726 1254 collegia
753 1174 922 1238 constitui
945 1174 1125 1255 cupiebat;
1152 1175 1230 1255 ipsa
1257 1173 1365 1238 etiam
1393 1172 1538 1250 civitas,
1567 1170 1597 1233 si

373 1297 479 1362 quam
498 1290 605 1346 nacta
629 1290 723 1346 esset
742 1280 1044 1361 commoditatem,
1066 1291 1297 1362 augmentum
1315 1280 1493 1345 redituum
1513 1278 1598 1342 assi·

372 1396 563 1468 gnatorum
584 1389 829 1471 pollicebatur,
845 1406 911 1453 nec
930 1388 1072 1453 interim
1086 1388 1292 1453 necessaria
1305 1387 1438 1451 nostris
1452 1385 1599 1450 deerant

372 1504 407 1559 et
422 1513 513 1577 quae
528 1513 622 1561 anuo
637 1495 865 1578 praecedenti
880 1497 1065 1577 assignata
1081 1513 1160 1561 esse
1175 1496 1330 1562 diximus
1343 1494 1355 1526 ¹

433 1601 477 1667 Et
491 1603 581 1668 haec
595 1602 639 1668 de
654 1602 883 1686 Syracusano
894 1602 1066 1685 Collegio.

713 2138 777 2203 DE
797 2136 1032 2204 COLLEGIO
1053 2139 1257 2205 BIBONAE

434 2677 522 2742 1219.
565 2678 703 2742 Primus
727 2675 832 2757 hujus
845 2677 994 2758 collegii
1011 2677 1155 2759 Rector,
1170 2677 1209 2743 P.
1225 2677 1450 2743 Eleutherius
1469 2675 1595 2742 Ponta-

372 2803 454 2864 nuS,
472 2802 565 2848 anno
580 2783 808 2866 praecedenti
822 2783 938 2849 Roma
956 2803 1039 2850 cum
1057 2785 1176 2850 multis
1191 2785 1270 2850 aliis
1287 2785 1324 2849 in
1338 2784 1496 2852 Siciliam
1514 2785 1594 2849 mis·

371 2909 449 2971 suS,
462 2891 755 2974 quinquagesimo
770 2892 885 2974 primo
897 2893 973 2972 die,
986 2900 1175 2974 postquam
1187 2892 1302 2958 Roma
1315 2891 1467 2974 profecti
1479 2899 1593 2971 erant,

371 2998 571 3063 Messanam
586 3007 825 3080 pervenerunt
839 2997 863 3078 ³,
879 3008 913 3064 et
929 3017 1010 3064 cum
1028 3000 1160 3064 nullam
1174 3000 1498 3081 peregrinationem
1521 2999 1595 3064 diu·

371 3116 513 3170 turnam
523 3115 558 3170 et
569 3106 684 3186 magis
696 3107 911 3170 laboriosam
922 3124 1079 3188 unquam
1089 3106 1248 3187 fecisset,
1261 3108 1396 3172 nullam
1409 3106 1476 3170 sibi
1487 3107 1596 3171 levio·

372 3231 447 3278 rem
473 3223 534 3278 aut
555 3213 751 3278 faciliorem
779 3215 895 3278 visam
921 3214 1030 3279 fuisse
1054 3212 1228 3295 affirmat;
1252 3214 1361 3278 dabat
1384 3214 1478 3280 enim
1500 3213 1596 3278 vires

372 3319 556 3400 Dominus,
576 3329 632 3399 ut,
650 3320 731 3384 licet
753 3320 944 3403 aliquando
959 3331 1083 3386 noctes
1096 3321 1267 3402 integras,
1287 3323 1345 3385 vel
1366 3339 1474 3402 supra
1493 3321 1597 3385 navis

372 3429 526 3507 tabulas,
547 3428 605 3492 vel
629 3443 735 3509 super
759 3428 855 3492 nuda
880 3427 1005 3508 humo,
1032 3429 1139 3493 etiarn
1159 3429 1224 3492 sub
1249 3427 1324 3505 dio,
1351 3427 1595 3493 dormiendum

371 3546 480 3616 esset,
496 3545 529 3599 et
543 3536 686 3616 pluviae
706 3545 812 3616 atque
831 3535 901 3600 alia
922 3535 1145 3600 incommoda
1164 3534 1363 3617 subeunda,
1379 3536 1498 3601 omnia
1512 3537 1594 3600 tole·

373 3642 495 3706 rabilia
510 3642 580 3707 Dei
591 3643 765 3725 protectio
779 3641 960 3708 reddebat.

434 3747 522 3815 1220.
566 3750 655 3814 Cum
688 3751 939 3832 septemdecim
960 3751 1036 3815 dies
1063 3750 1250 3816 Messanae
1275 3751 1510 3832 quievissent,
1536 3768 1594 3832 po·

371 3858 494 3923 stridie
513 3858 643 3922 natalis
663 3857 808 3922 Domini
827 3857 1044 3924 Panormum
1063 3866 1099 3922 et
1117 3859 1290 3923 Bibouam
1308 3874 1436 3923 versus
1454 3857 1491 3922 in
1510 3858 1594 3923 dua-

371 3967 436 4031 bus
450 3964 595 4046 scaphis
609 3965 807 4046 (fragatas
821 3967 968 4045 vocant)
990 3966 1172 4030 instructis
1195 3962 1476 4048 proficiscentes
1501 3963 1594 4030 felici

372 4073 612 4153 navigatione,
629 4073 706 4153 ipso
722 4072 778 4139 die
797 4073 1040 4139 Innocentium
1059 4089 1175 4152 mane,
1198 4071 1413 4137 Panormum
1427 4089 1596 4154 pervene-

371 4190 463 4247 runt.
479 4179 564 4245 lnde
579 4189 698 4245 autem
717 4181 833 4263 prima
848 4182 904 4246 die
919 4181 1079 4264 Januarii
1101 4178 1204 4260 hujus
1223 4180 1308 4244 anni
1326 4179 1496 4245 Bibouam
1516 4196 1596 4261 pro·

409 4517 417 4550 ¹
447 4515 494 4563 Ms-
504 4517 618 4568 serebat.

409 4589 421 4620 ¹
448 4587 513 4634 Vlde
524 4599 611 4645 snpra,
623 4595 688 4644 t.1v,
698 4600 759 4645 pap.
768 4589 817 4644 230,
828 4601 852 4634 ιι.
862 4587 911 4633 516.

408 4662 420 4695 ³
447 4661 513 4707 Vide
523 4673 611 4717 supra,
623 4667 641 4708 t.
652 4673 677 4716 v,
689 4673 750 4718 pag.
759 4661 807 4716 220,
818 4660 891 4706 nobb
900 4665 927 4704 et
936 4671 998 4716 pag.
1006 4661 1055 4718 223,
1067 4674 1092 4706 ιι.
1101 4661 1153 4708 645.
