3642 5350
335 406 390 471 ‘25⁰
795 406 922 471 Canon.
944 407 1111 485 Soc.‚Jns.

335 573 399 637 per
413 554 538 621 urbem
552 572 634 621 curn
649 558 985 639 magnamultorum
1001 541 1257 637 admiratione,
1273 554 1433 623 decrevit
1450 552 1568 623 Domi·

335 682 403 731 nus
415 665 571 748 Joaunes
583 665 626 730 de
639 664 811 729 Mendoza
824 665 944 746 palam
959 683 1060 729 suam
1072 666 1298 731 vocationem
1311 664 1484 746 profiteri,
1497 667 1569 731 ani·

336 780 453 855 matus
466 773 512 838 ad
526 772 710 837 terendum
727 781 968 854 contemptum
989 782 1022 836 et
1043 772 1213 854 quidquid
1231 772 1395 837 accidere
1409 773 1446 837 in
1459 772 1568 839 animi

335 880 390 943 sui
411 879 592 961 proposito
610 879 872 943 manifestando
891 888 1024 961 posset.
1053 880 1098 945 Et
1118 878 1262 943 admisit
1286 880 1332 944 ad
1353 880 1567 961 colloquium

337 1004 439 1053 suum
458 986 623 1065 fratrem,
644 987 704 1067 qui
724 986 871 1068 Neapoli
892 987 1118 1067 versabatur,
1141 996 1175 1051 et
1197 987 1287 1051 alios
1308 987 1454 1069 amicos,
1477 987 1568 1053 inter

337 1110 427 1175 quos
441 1094 551 1175 aliqui
564 1091 685 1158 Duces
698 1103 734 1158 et
749 1094 906 1159 Batones
921 1094 1074 1174 suerunt,
1091 1105 1125 1158 et
1139 1094 1216 1175 ejus
1238 1094 1347 1159 animi
1368 1094 1568 1160 constantia

338 1218 497 1265 summae
524 1201 687 1266 omnibus
716 1200 955 1267 aedificationi
982 1202 1059 1266 luit.
1087 1201 1160 1268 Nec
1187 1202 1257 1266 alia
1284 1202 1327 1267 de
1354 1219 1393 1266 re
1422 1201 1569 1285 Neapoli

335 1307 595 1391 quodammodo
623 1309 785 1373 homines
811 1310 1067 1391 loquebantur,
1093 1318 1127 1373 et
1155 1309 1319 1391 quamvis
1345 1310 1445 1374 initio
1466 1308 1569 1391 juxta

335 1415 458 1479 varios
485 1414 635 1480 affectus
659 1416 841 1481 bominum
864 1416 965 1481 varie
989 1419 1227 1497 loquerentur,
1253 1417 1327 1481 lere
1357 1427 1477 1482 tamen
1502 1416 1569 1483 Dei

335 1540 424 1605 opus
439 1540 517 1587 esse
531 1523 758 1587 vocatiouem
773 1525 867 1588 hanc
889 1526 1143 1604 agnoscebant.

393 1628 464 1695 956.
508 1629 586 1712 lpse
607 1639 726 1695 autem
747 1649 827 1695 cum
850 1648 980 1711 magna
1000 1632 1175 1713 spirituali
1200 1633 1335 1698 laetitia
1356 1643 1391 1696 et
1413 1634 1567 1697 omnium

334 1738 610 1804 domesticorum
624 1739 870 1803 aedificatione
885 1740 981 1803 domi
995 1740 1223 1820 versabatur,
1240 1758 1305 1805 nec
1320 1740 1386 1804 sibi
1407 1740 1443 1804 in
1457 1741 1566 1819 victu,

337 1847 480 1927 vestitu,
497 1848 588 1911 lecto
603 1857 638 1910 et
659 1846 823 1911 cubiculo
838 1848 1028 1928 quicquam
1044 1865 1130 1928 prae
1150 1848 1230 1911 aliis
1250 1847 1419 1912 iratribus
1440 1847 1568 1913 deserti

339 1954 493 2033 volebat,
509 1961 545 2018 et
559 1953 681 2018 ultimo
696 1954 733 2017 iu
747 1956 827 2018 loco
842 1954 879 2017 in
894 1953 1083 2018 refectorio
1104 1954 1227 2018 sedere
1249 1955 1429 2035 cupiebat;
1452 1972 1517 2019 nec
1532 1954 1569 2018 in

339 2061 408 2139 his,
422 2078 514 2142 quae
528 2061 575 2126 ad
590 2061 787 2125 orationem
800 2070 836 2124 et
851 2062 922 2125 alia
933 2061 1131 2142 spiritualia
1143 2061 1312 2126 exercitia
1328 2062 1567 2143 pertinebant,

336 2169 379 2234 de
394 2170 545 2233 aliorum
558 2186 656 2234 more
670 2168 985 2250 praetermittebat.
1001 2168 1152 2249 Accepit
1166 2168 1273 2233 etiam
1294 2167 1430 2250 pileum
1445 2186 1488 2233 ac
1510 2186 1568 2233 ve·

336 2287 427 2343 stem
455 2284 658 2341 nostrorum
685 2275 1001 2355 scholasticorum
1028 2285 1063 2339 et
1089 2276 1171 2357 quia
1199 2275 1300 2340 miles
1328 2284 1406 2339 erat
1434 2275 1570 2341 ordinis

344 2383 405 2449 811
421 2384 559 2467 Jacobi,
574 2383 808 2463 obligationes
823 2390 832 2423 ¹
847 2383 941 2449 illius
956 2383 988 2446 in
1003 2392 1145 2447 nostrae
1157 2382 1343 2448 Societatis
1354 2399 1465 2447 onera
1476 2398 1569 2447 com·

343 2491 473 2557 mutari
487 2491 591 2556 facile
606 2491 766 2555 obtinuit.

397 2598 470 2663 957.
513 2598 669 2677 Interim,
686 2615 767 2662 cum
782 2599 985 2663 admonitus
999 2596 1037 2662 P.
1053 2597 1212 2680 ignatius
1227 2598 1352 2663 suisset
1366 2597 1410 2662 de
1425 2598 1500 2681 ejus
1514 2616 1565 2663 re·

346 2724 450 2772 cessu
472 2707 517 2772 ab
539 2723 639 2786 arce,
660 2723 740 2770 cum
759 2723 825 2770 nec
845 2705 1025 2786 Pro-regis
1045 2724 1111 2770 nec
1131 2705 1242 2770 Ducis
1260 2705 1391 2770 Albani
1413 2707 1569 2773 animuin

341 2813 583 2893 intellexisset,
596 2813 710 2878 eidem
724 2811 877 2877 Domino
890 2812 1022 2896 Joanni
1036 2814 1179 2894 scripsit
1193 2812 1307 2877 videri
1318 2813 1385 2878 sibi
1401 2815 1437 2878 in
1449 2829 1569 2878 arcem

340 2921 560 2987 redeundum
586 2937 665 2984 esse
684 2919 707 2999 ';
726 2930 763 2984 et
783 2921 926 3001 quidem
946 2929 1092 3001 paratus
1113 2929 1202 3000 erat,
1225 2921 1306 2984 licet
1331 2937 1463 3002 magno
1487 2937 1569 2986 cum

341 3029 470 3093 rubore
484 3045 561 3108 suo,
578 3028 613 3093 id
627 3028 765 3108 exequi.
782 3026 852 3092 Sed
866 3045 947 3092 curn
959 3026 1135 3108 judicaret
1146 3026 1297 3092 Pro-rex
1308 3027 1520 3094 nullomodo
1534 3027 1570 3092 id

341 3135 417 3202 lieri
431 3135 571 3212 debere,
587 3135 676 3199 satis
691 3135 906 3201 intellectum
919 3115 1207 3199 ‘estvoluntatem
1218 3133 1255 3199 P.
1269 3134 1399 3215 Ignatii
1410 3135 1570 3200 camdem

341 3245 431 3310 sore.

400 3351 471 3416 958.
515 3349 685 3431 Magnam
706 3358 823 3414 tamen
844 3351 1071 3414 occasionem
1101 3349 1225 3414 habuit
1249 3349 1333 3414 Dux
1357 3348 1519 3414 Albanus
1538 3359 1572 3414 et

341 3459 492 3525 Pro-rex
507 3456 764 3522 aedificationis
784 3457 994 3538 capiendae,
1016 3474 1097 3522 curn
1117 3458 1169 3522 eis
1183 3467 1363 3522 constaret
1382 3475 1489 3539 quam
1503 3457 1573 3522 sin·

342 3585 424 3632 cere
448 3565 607 3630 Societas
632 3565 669 3628 in
695 3566 763 3629 hoc
789 3565 935 3644 negotio
960 3565 1071 3646 ipsius
1096 3563 1240 3629 Domini
1263 3564 1411 3647 Joannis
1432 3581 1572 3646 proces·

344 3675 459 3739 sisset.

400 3781 472 3845 959.
516 3779 688 3844 Exercuit
709 3789 829 3846 autem
849 3799 889 3845 se
915 3781 973 3844 illa
996 3780 1217 3845 hebdomada
1239 3780 1276 3843 in
1298 3779 1477 3844 exercitiis
1504 3779 1571 3861 spi·

343 3888 532 3954 ritualibus
556 3903 687 3968 magno
709 3905 790 3952 cum
808 3889 943 3968 fructu,
961 3896 996 3951 et
1015 3905 1158 3952 servum
1175 3887 1362 3969 quemdam
1377 3904 1497 3968 suum,
1512 3903 1572 3951 no·

341 3997 436 4061 mine
450 3995 657 4073 Galilerum,
674 3994 790 4060 adbuc
806 3996 1097 4060 Mahometanum
1113 3995 1167 4074 (de
1179 4012 1249 4075 quo
1259 3993 1445 4075 superius³
1460 3994 1573 4058 obiter

343 4103 475 4169 mentio
490 4102 585 4166 lacta
600 4103 666 4180 est)
682 4103 718 4167 in
734 4101 935 4183 Collegium
949 4103 1070 4167 venite
1082 4102 1197 4184 jussit.

403 4211 474 4277 960.
519 4209 670 4292 Juvenis
686 4211 717 4276 is
732 4222 808 4276 erat
823 4211 1057 4276 novendecim
1073 4229 1185 4275 annos
1200 4211 1273 4275 sere
1287 4219 1409 4287 natus,
1422 4209 1576 4291 prudens

342 4329 378 4385 et
389 4319 580 4399 modestus,
598 4319 670 4398 qui,
683 4315 790 4400 [cum]
804 4319 839 4382 in
851 4317 1009 4400 Collegio
1022 4328 1236 4398 versaretur,
1248 4317 1411 4400 stupebat
1425 4315 1519 4398 quod
1530 4315 1576 4382 ad

383 4523 393 4559 ¹
420 4523 654 4578 mooltgattona

382 4597 395 4629 ¹
422 4595 490 4641 Vide
504 4595 600 4640 Cantas
612 4596 646 4640 de
657 4596 713 4640 San
724 4593 843 4651 tgnacto,
851 4601 870 4642 t.
881 4607 918 4652 vt,
928 4607 987 4654 pag.
999 4595 1046 4640 122.

383 4667 397 4704 ⁸
425 4667 686 4725 Vltlesupra,u.921.
