3642 5350
337 379 392 438 544
797 377 925 439 Cunou.
943 377 1021 438 Soc.
1041 377 1112 451 Jus.

339 536 543 604 curaretur,
560 535 613 604 ut,
637 525 765 590 litteris
785 523 1001 606 Apostolicis
1022 523 1187 603 ostensis,
1201 524 1345 607 Justitia
1363 524 1572 605 Aragoniae

338 650 424 697 suae
446 632 737 714 apprehensionis
759 641 1037 706 monumentum,
1061 631 1106 694 de
1125 649 1194 712 quo
1209 631 1373 712 superius
1394 633 1533 714 egimus
1546 637 1570 712 ¹;

337 750 551 804 removeret.

395 846 486 912 2352.
531 845 715 911 Venerunt
738 846 883 910 tandem
907 845 1232 926 Caesaraugustam
1258 847 1387 912 diuae
1416 849 1564 912 multum

337 953 513 1034 expectati
527 951 652 1016 Patres
665 950 730 1016 Dr.
746 951 909 1018 Ramirez
924 971 968 1017 ac
983 952 1046 1018 Dr.
1063 953 1265 1033 Rodriguez
1279 953 1307 1030 ¹,
1330 971 1420 1035 quos
1441 954 1568 1019 Archi·

337 1062 525 1142 episcopus
539 1059 738 1123 humaniter
748 1060 901 1140 excepit.
915 1060 1124 1140 Aggressus
1135 1069 1189 1124 est
1201 1071 1321 1125 autem
1330 1078 1416 1125 suas
1427 1062 1567 1125 concio·

335 1185 400 1232 nes
414 1167 478 1232 Dr.
494 1166 670 1242 Ramirez,
693 1175 728 1231 et
748 1167 865 1250 coepit
883 1183 1102 1248 magnopere
1123 1168 1344 1233 auditoribus
1362 1170 1515 1249 placere,
1531 1179 1569 1234 et

336 1277 487 1357 populus
502 1274 589 1338 satis
600 1273 766 1355 frequens
778 1273 942 1339 eumdem
950 1276 1176 1357 sequebatur,
1189 1283 1224 1338 et
1236 1275 1370 1356 aliquot
1380 1293 1519 1340 meuses
1529 1277 1566 1341 in

336 1401 378 1446 ea
403 1381 656 1445 exercitatione
678 1398 759 1444 cum
782 1381 1014 1462 perstitisset,
1042 1399 1084 1446 eo
1109 1381 1309 1459 recedente,
1336 1383 1372 1445 in
1397 1382 1565 1447 Adventu

336 1489 491 1568 Domini,
507 1487 544 1552 P.
563 1485 715 1553 Strada⁸
731 1487 1057 1568 Caesaraugustam
1072 1489 1232 1568 venienS,
1249 1490 1483 1553 concionatus
1497 1498 1565 1569 est,

336 1607 370 1661 et
382 1597 565 1677 utriusque
576 1595 807 1659 concionibus
818 1613 1035 1677 magnopere
1050 1581 1402 1675 caesaraugustanus
1414 1598 1567 1678 populus

335 1703 402 1769 fuit
417 1713 624 1772 commotus,
641 1710 676 1766 et
697 1702 818 1766 habita
839 1703 978 1766 ratione
999 1703 1198 1767 aversionis
1216 1713 1251 1766 et
1271 1702 1566 1767 contradictionis

335 1810 561 1892 praeteritae,
577 1809 667 1874 mira
681 1826 831 1890 prorsus
844 1809 959 1874 videri
973 1820 1114 1890 poterat
1128 1809 1339 1873 concionum
1358 1810 1485 1874 harum
1507 1826 1566 1873 ac·

336 1918 500 2000 ceptatio.

395 2024 486 2088 2353.
529 2023 722 2104 Postquam
736 2023 843 2086 etiam
859 2021 897 2087 P.
914 2022 1114 2087 Santander
1129 2041 1174 2086 ex
1189 2023 1356 2087 missione
1368 2040 1433 2086 sua
1447 2024 1564 2103 rediit,

335 2132 459 2210 etipse
475 2129 590 2211 coepit
604 2129 914 2210 Caesaraugustae
933 2147 1014 2193 cum
1028 2129 1271 2195 satisfactione
1287 2129 1504 2208 concionari,
1528 2143 1563 2193 et

335 2239 370 2302 in
386 2240 575 2302 multorum
589 2238 717 2301 animis
732 2237 905 2302 motiones
919 2237 1060 2301 validae
1073 2237 1172 2300 cerni
1184 2245 1389 2317 potuerunt,
1406 2247 1442 2300 et
1456 2236 1564 2318 aliqui

334 2345 539 2409 inimicitias
559 2345 651 2409 inter
673 2361 752 2408 sese
773 2344 1031 2424 deposuerunt;
1053 2354 1088 2406 et
1110 2344 1154 2407 de
1174 2344 1330 2407 excitata
1351 2353 1478 2408 contra
1503 2360 1565 2407 no·

334 2461 429 2516 stros
453 2461 664 2532 tempestate
688 2451 788 2514 multi
814 2450 1016 2531 compuncti
1041 2449 1194 2528 fuerunt,
1221 2459 1255 2514 et
1279 2468 1383 2515 suum
1407 2467 1566 2515 errorem

334 2560 548 2625 fatebantur.
1391 2558 1393 2563 '

394 2667 484 2731 2354.
529 2665 731 2747 Antequam
743 2663 780 2729 P.
795 2662 995 2729 Santander
1007 2662 1332 2746 Caesaraugustam
1346 2664 1489 2745 rediret,
1503 2665 1565 2730 ali·

334 2784 419 2857 quot
433 2791 573 2839 menses
594 2774 629 2836 in
644 2774 749 2837 tertia
765 2773 824 2835 illa
840 2770 944 2850 hujus
963 2772 1048 2836 anni
1062 2773 1117 2836 sui
1137 2774 1307 2837 missione
1329 2773 1373 2835 ad
1388 2774 1468 2837 loca
1482 2791 1564 2837 neo·

332 2884 523 2963 phytorum
553 2880 782 2961 expenderat.
813 2879 1103 2944 concionabatur
1131 2880 1205 2943 fere
1235 2879 1408 2961 quotidie,
1438 2889 1474 2944 et
1503 2880 1565 2944 ali·

332 2989 474 3071 quando
489 2990 544 3051 bis
557 2988 681 3051 eodem
696 2988 764 3063 die,
781 3006 823 3052 eo
839 2988 933 3067 quod
949 2988 1195 3068 InquisitoreS,
1212 3005 1293 3050 cum
1308 2988 1436 3068 quibus
1450 2987 1565 3069 profe·

332 3108 410 3161 ctus
424 3105 512 3174 erat,
528 3104 772 3175 properarent.
789 3095 850 3158 Bis
865 3095 972 3157 etiam
986 3095 1219 3159 christianam
1241 3094 1440 3158 doctrinam
1454 3094 1564 3173 expli·

332 3204 448 3269 cahat.
465 3203 508 3267 Et
524 3203 605 3283 quia
630 3219 719 3281 gens
745 3202 803 3264 iila
819 3220 839 3263 a
855 3211 954 3264 secta
969 3218 1223 3265 saracenorum
1248 3200 1292 3264 ad
1314 3200 1447 3265 Christi
1460 3200 1564 3265 fidem

331 3328 507 3375 conversa
521 3310 647 3388 fuerat,
664 3310 715 3373 eis
730 3309 773 3373 de
789 3309 894 3372 rebus
909 3309 1039 3388 agebat
1059 3309 1096 3372 P.
1122 3307 1337 3388 Santander,
1363 3326 1455 3390 quae
1470 3307 1562 3372 audi·

330 3418 466 3481 toribus
491 3418 746 3497 congruebant,
774 3427 808 3480 et
833 3416 976 3497 quidem
1001 3416 1161 3480 suaviter
1176 3433 1255 3478 sese
1281 3416 1332 3479 eis
1347 3416 1561 3490 insinuabat;

330 3528 379 3589 ira
395 3536 432 3589 ut
449 3526 498 3589 illi
511 3542 602 3603 sese,
618 3534 759 3605 praeter
775 3541 909 3588 morem
925 3541 1038 3601 suum,
1059 3522 1271 3587 erudiendos
1285 3532 1449 3587 amanter
1464 3541 1563 3602 prae·

331 3633 469 3707 berent;
491 3644 525 3696 et
545 3633 596 3696 ita
615 3632 658 3695 de
678 3632 812 3711 multis,
840 3649 932 3712 quae
951 3650 995 3695 ne
1017 3630 1205 3695 audierant
1223 3629 1366 3710 quidem
1392 3646 1560 3711 uuquam,

330 3740 495 3804 illustrati
509 3756 574 3820 per
588 3756 668 3803 eum
684 3758 706 3802 a
721 3736 874 3802 Domino
895 3737 1049 3802 fuerunt.

388 3846 480 3910 2355.
524 3844 624 3909 Multi
638 3856 757 3910 autem
772 3863 817 3908 ex
831 3845 898 3924 his,
916 3847 975 3925 qui
994 3843 1164 3925 majorem
1179 3844 1270 3909 inter
1293 3844 1392 3925 ipsos
1410 3844 1562 3909 auctori·

328 3963 437 4017 tatem
453 3954 642 4031 habebant,
664 3963 698 4015 et
718 3970 836 4016 rerum
855 3953 1058 4031 cognitione
1074 3952 1219 4033 reliquis
1240 3952 1483 4033 praestabant,
1504 3968 1561 4015 sa·

328 4060 565 4123 tisfactionem
580 4072 614 4123 et
629 4060 907 4122 consolationem
922 4076 1008 4139 prae
1023 4077 1061 4121 se
1076 4058 1236 4122 ferebant
1251 4059 1294 4122 de
1309 4058 1378 4136 his,
1394 4077 1486 4140 quae
1498 4058 1565 4122 do-

329 4166 510 4229 cebantur.
526 4166 570 4230 Et
583 4183 663 4229 cum
674 4165 878 4229 facultatem
890 4166 943 4229 eis
955 4165 1000 4227 ad
1013 4165 1118 4229 dubia
1130 4166 1362 4246 proponenda
1373 4166 1564 4241 haberent,

334 4324 546 4337 *n*-

371 4408 379 4438 ι
630 4404 640 4425 Ι

368 4478 379 4509 ¹
409 4406 688 4530 Ξαῖξὲιιιιιιειῖῗὲιιιίιοι
703 4484 728 4521 et
746 4478 774 4523 P.
793 4476 997 4531 christophorus
1015 4476 1170 4531 Roririguez.
1186 4476 1309 4520 Litterae
1326 4474 1560 4528 Quadrimestm,

345 4578 351 4589 .
373 4560 396 4599 v,
461 4580 467 4592 .
521 4579 527 4592 .

331 4553 341 4590 t
361 4558 380 4649 ,ὅ
407 4548 561 4663 miremur
571 4619 602 4663 P.
616 4618 771 4665 Franciscus
781 4621 811 4665 de
822 4618 946 4674 Ertrada,
958 4619 1111 4674 aragoniae
1123 4618 1279 4663 Provinciae
1295 4616 1471 4673 Praepositae.
