3642 5350
343 421 400 484 500
803 415 932 478 Cuaou.
953 414 1030 476 Soc.
1051 415 1122 489 Jus.

345 567 463 648 pagis,
479 567 621 647 quibus
639 564 851 646 importunis
870 562 1134 645 quodammodo
1153 562 1319 643 precibus
1338 563 1474 642 victus,
1496 579 1577 633 con·

347 653 483 738 cionati
502 672 621 737 debuit
645 675 705 737 vel
729 671 1029 753 supplicationum
1047 670 1269 748 solemnium,
1296 671 1355 733 vel
1379 670 1577 757 funebrium

215 789 242 858 ’,
346 781 599 863 exequiarum.
636 782 695 844 vel
722 780 874 850 aliarum
906 778 1143 842 celebriorum
1177 779 1441 842 solemnitatum
1476 795 1579 841 occa-

345 887 511 954 sione-¹.·

366 1025 386 1064 .‘
406 995 498 1071 2161.
540 995 692 1059 Fructus
713 1013 759 1058 ex
780 993 1105 1075 praedicationibus
1124 1010 1167 1056 ac
1186 1000 1495 1058 sacramentorum
1516 992 1579 1055 mi-

346 1103 495 1166 nisterio
519 1101 734 1181 proveniens
759 1101 925 1181 copiosus
945 1099 1137 1164 admodum
1155 1107 1245 1164 erat.
1266 1097 1488 1164 Cernebatur
1505 1116 1577 1180 pax

348 1207 667 1274 intendissidentes
682 1208 883 1286 conciliata;
899 1205 1029 1271 fiebant
1043 1207 1287 1272 restitutiones
1306 1225 1380 1270 non
1394 1209 1576 1287 vulgares3

348 1316 409 1397 qui
428 1317 464 1379 in
478 1314 666 1382 ,adulteriis
687 1322 721 1377 et
743 1314 981 1379 concubinatu
1001 1314 1178 1392 vixerant,
1196 1314 1304 1378 immo
1323 1322 1358 1377 et
1372 1313 1580 1377 meretrices

349 1422 488 1502 aliquae
504 1421 704 1485 castitatem
716 1421 1033 1501 amplectebantur;
1045 1421 1250 1487 scholastici
1262 1438 1343 1485 cum
1353 1421 1580 1502 improbitate

348 1529 499 1610 pristina
514 1545 645 1592 novam
660 1529 826 1609 pietatem
840 1538 1078 1592 commutasse
1093 1527 1316 1592 videbantur.

409 1633 499 1700 2162.
544 1635 696 1699 Demum
721 1635 903 1699 redivivae
928 1633 1106 1716 primitiae
1131 1652 1248 1699 novae
1272 1635 1456 1700 Ecclesiae
1479 1634 1579 1699 reflo-

348 1743 462 1806 ruisse
487 1742 654 1822 Bigliomi
675 1741 905 1822 dicebantur,
932 1754 968 1805 et
992 1759 1123 1823 magna
1149 1743 1345 1807 animorum
1371 1743 1520 1810 mutatio
1544 1751 1580 1806 et

349 1850 610 1930 quodammodo
626 1850 799 1930 stupenda
814 1850 850 1913 in
865 1850 985 1913 multis
1004 1850 1176 1914 elucebat.
1197 1848 1355 1914 Fuerunt
1373 1849 1467 1913 enim
1488 1851 1582 1913 inter

349 1957 426 2035 hos,
442 1958 503 2038 qui
518 1966 653 2038 septem
664 1966 698 2019 et
709 1956 831 2020 decem
843 1957 947 2020 annis
957 1966 1019 2020 aut
1030 1957 1137 2020 etiam
1149 1957 1377 2036 paucioribus
1389 1957 1582 2021 haereseos

350 2063 563 2143 contagione
576 2063 696 2126 infecti
711 2064 863 2140 fuerant,
877 2065 1041 2145 quamvis
1056 2046 1220 2144 supplicii
1233 2073 1328 2128 metu
1343 2065 1581 2128 orthodoxam

350 2171 558 2250 religionem
574 2169 799 2248 simulabant;
812 2182 846 2233 et
858 2171 908 2248 hi,
922 2171 1061 2236 haeresi
1072 2168 1247 2250 abjurata,
1264 2171 1349 2234 illud
1363 2171 1463 2235 Pauli
1473 2170 1582 2234 iactis

350 2277 619 2354 confirmabant;
635 2278 781 2342 scilicet:
801 2277 865 2342 Ubl
877 2277 1074 2341 abundavit
1085 2278 1262 2354 delictum,
1277 2278 1582 2359 superabundavit

350 2394 384 2453 et
392 2385 512 2464 gratia
525 2383 548 2447 ³.
561 2384 645 2461 Alii,
657 2385 808 2465 publicis
820 2393 855 2448 et
868 2385 1017 2449 occultis
1025 2386 1145 2449 carnis
1155 2386 1325 2466 peccatis
1336 2383 1536 2449 mirandum
1545 2385 1581 2449 in

350 2489 493 2560 modum
507 2493 752 2571 contaminati,
768 2492 814 2555 ad
828 2509 950 2556 raram
964 2491 1084 2556 cordis
1097 2493 1233 2572 pariter
1248 2502 1283 2556 et
1304 2492 1464 2574 corporis
1483 2508 1581 2555 mun·

350 2597 473 2671 ditiam
488 2598 749 2663 observandam
770 2599 915 2662 adducti
933 2608 1026 2662 sunt.
1048 2598 1123 2663 Nec
1138 2607 1367 2679 aegrotantes
1386 2599 1583 2681 spiritualis

350 2706 603 2769 consolationis
618 2715 782 2787 expertes
802 2715 915 2771 erant.

409 2812 490 2876 2163
544 2812 720 2877 Praefecti
735 2814 903 2877 classium
919 2815 1073 2895 quinque
1094 2824 1235 2879 sextum
1247 2814 1321 2896 jam
1339 2817 1579 2897 requirebant;

350 2937 417 2983 nec
431 2920 571 2997 mirum,
588 2937 668 2983 cum
684 2919 758 2983 fere
774 2929 963 2984 sexcentos
977 2922 1166 2999 haberent,
1182 2923 1256 2986 suis
1270 2924 1307 2987 in
1322 2922 1455 2987 scholis
1466 2923 1580 2987 distri·

350 3026 465 3105 butos,
481 3036 623 3106 praeter
638 3026 726 3090 alios
739 3026 814 3091 iere
829 3028 1011 3108 ducentos,
1029 3030 1088 3109 qui
1106 3029 1143 3092 in
1164 3030 1289 3109 primis
1308 3030 1507 3094 litterarum
1525 3047 1582 3093 ru-

351 3134 517 3197 dimentis
536 3133 703 3213 privatim
723 3151 743 3196 a
765 3134 840 3197 suis
861 3135 1084 3215 paedagogis
1103 3136 1394 3216 instituebantur3
1414 3147 1583 3218 parentes

352 3250 471 3303 autem
489 3238 688 3319 profectum
712 3240 748 3303 in
768 3240 925 3305 moribus
950 3251 985 3305 et
1010 3243 1137 3306 litteris
1162 3260 1308 3306 suorum
1331 3243 1524 3307 liberorum
1548 3252 1583 3307 et

350 3348 575 3412 mirabantur
588 3356 624 3411 et
639 3346 835 3411 honorifico
850 3354 1015 3412 sermone
1030 3348 1248 3413 ¹industriam
1269 3350 1506 3431 collegialium
1529 3359 1582 3413 ce'·

351 3454 557 3534 lebrabantp
569 3456 618 3517 ita
639 3464 676 3518 ut
696 3455 787 3518 aliae
807 3454 1002 3520 Alverniae
1025 3456 1190 3521 civitates
1208 3466 1370 3521 nostrum
1385 3456 1582 3537 Collegium

351 3561 426 3625 suis
440 3560 627 3642 impendiis
643 3562 687 3624 ad
704 3579 741 3625 se
756 3564 921 3643 pellicere
936 3564 1208 3629 contendebant.

411 3667 503 3731 2164,
546 3668 600 3731 Ex
616 3668 774 3747 Collegio
791 3670 896 3733 etiam
913 3669 1137 3735 Turnonensi
1152 3673 1259 3752 (quod
1275 3681 1398 3753 postea
1413 3670 1583 3736 Cardina·

351 3776 406 3854 lis,
419 3776 495 3856 ejus
506 3775 698 3853 institutor,
712 3774 882 3840 Societati
897 3777 1004 3855 dedit)
1017 3780 1275 3859 quinquaginta
1286 3780 1397 3843 leucis
1407 3780 1581 3859 Bigliomo

351 3882 517 3961 distante,
533 3882 697 3961 discipuli
711 3882 845 3963 aliquot
859 3883 904 3947 ad
919 3894 1063 3949 nostros
1077 3887 1290 3951 confluxere.
1303 3887 1359 3951 Ex
1372 3885 1583 3951 isiodorensi

352 3989 458 4053 etiam
479 3989 663 4054 academia
682 4008 753 4053 non
774 3990 879 4071 pauci
898 3993 1023 4056 eodem
1045 4010 1083 4057 se
1104 3995 1348 4073 trastulerunt;
1368 4003 1404 4058 et
1425 3994 1474 4058 ita
1496 3993 1583 4058 satis

352 4112 521 4177 prospere
535 4097 572 4160 in
587 4097 749 4160 omnibus
763 4098 989 4177 collegiolum
1003 4100 1090 4163 illud
1104 4101 1222 4182 coepit
1240 4101 1419 4182 progredi.
1454 4110 1458 4114 “

411 4202 502 4267 2165.
548 4204 746 4283 Episcopus
761 4214 880 4267 autem
895 4205 1190 4280 hissuccessibus
1201 4209 1359 4273 animum
1371 4209 1536 4289 augebat,
1550 4218 1587 4271 et

352 4319 495 4390 praeter
510 4312 633 4374 decern
648 4310 757 4374 millia
772 4311 977 4376 francorum
993 4314 1040 4377 ad
1059 4314 1260 4379 aedilicium
1283 4316 1536 4380 exstruendum
1560 4312 1586 4393 ⁸,

352 4552 359 4562 .
394 4516 401 4547 ¹
431 4514 663 4561 Muoccasr'onem.

392 4588 404 4619 ¹
432 4588 648 4644 AdRom.,v,20.

392 4659 404 4692 ³
432 4658 478 4703 Ma.
489 4661 690 4705 destruendum.
