3642 5350
803 440 868 503 Αιι.
894 440 965 507 1556
1442 439 1498 503 221

327 586 398 655 817.
441 586 496 655 Ex
518 587 822 673 frequentantibus
840 596 1066 653 sacramenta
1085 596 1238 669 quatuor
1252 587 1379 655 saltem
1398 596 1461 654 aut
1488 587 1496 621 ⁸

268 699 388 779 plures
401 697 446 762 ad
460 698 736 780 capuccinorum
750 696 957 777 religionem
976 695 1197 776 aspirarunt;
1219 693 1364 778 quidam
1378 704 1496 761 autem

268 806 328 870 alii
343 806 379 869 in
389 804 603 871 Societatem
616 814 776 869 nostram
792 804 930 869 admitti
944 804 1181 883 postulabant.

328 911 400 977 818.
442 912 523 996 Jam
537 913 582 977 ab
595 912 697 977 initio
712 909 816 991 hujus
837 912 922 975 anni
940 910 1095 993 Joannes
1114 909 1293 991 Baptista,
1318 911 1498 993 quondam

270 1019 456 1100 hebraeus,
471 1020 508 1084 in
524 1018 660 1085 Veneto
676 1017 833 1099 Collegio
848 1019 1043 1081 instructus
1057 1035 1100 1082 ac
1116 1017 1242 1081 deinde
1258 1017 1458 1099 baptizatus
1473 1017 1499 1099 ¹,

270 1124 334 1191 sed
348 1126 496 1192 Romam
512 1126 607 1191 venit
620 1136 656 1190 et
669 1126 728 1204 ibi,
745 1142 827 1188 cum
841 1125 968 1205 viginti
983 1134 1017 1189 et
1032 1123 1120 1188 duos
1135 1141 1248 1189 annos
1270 1135 1376 1189 natus
1391 1133 1498 1205 esset,

272 1233 447 1299 admissus
461 1242 527 1314 est,
542 1242 577 1297 et
592 1233 752 1314 Baptista
764 1230 947 1296 Romanus
960 1241 1195 1313 nuncupatus.

329 1339 399 1404 819.
440 1340 635 1406 Undecima
646 1338 830 1425 Februarii
841 1337 1031 1419 Fulginum
1043 1338 1081 1403 P.
1094 1338 1239 1417 Caesar,
1252 1338 1395 1421 Rector,
1406 1350 1443 1406 ut
1454 1340 1499 1406 de

273 1448 381 1513 rebus
395 1448 470 1513 suis
482 1459 518 1513 et
533 1448 785 1530 temporalibus
798 1447 1016 1528 disponeret,
1032 1447 1125 1511 bona
1137 1462 1218 1511 cum
1231 1448 1335 1512 venia
1350 1447 1388 1513 P.
1401 1448 1502 1529 Igna·

273 1556 314 1621 tii
332 1556 512 1637 profectus
536 1564 602 1636 est,
628 1564 663 1619 et
686 1571 808 1619 secum
833 1553 935 1618 duxit
957 1552 1125 1635 juvenem
1146 1554 1336 1636 quemdam
1359 1555 1500 1621 Patavi·

273 1679 369 1742 num,
390 1662 585 1729 Antonium
610 1661 791 1727 Maiarum
816 1661 969 1739 nomine,
995 1678 1077 1726 cum
1101 1677 1172 1744 quo
1192 1660 1342 1727 Romam
1367 1664 1502 1745 etipse

171 1790 176 1799 ’
274 1770 312 1835 Ρ.
328 1769 463 1835 Caesar
477 1769 640 1835 accessit.
656 1767 726 1833 Sed
739 1768 956 1833 laboriosum
972 1768 1164 1839 admodum
1179 1768 1247 1833 iter
1261 1768 1396 1851 habuit;
1419 1787 1501 1836 cum

274 1876 367 1942 euim
392 1876 483 1941 mari
509 1887 645 1959 partem
670 1875 806 1940 itineris
831 1875 1006 1941 conficere
1031 1875 1264 1956 decrevisset,
1293 1886 1502 1959 tempestate

275 1994 432 2065 coactus
448 1994 615 2049 terrestre
629 1984 696 2047 iter
709 2000 789 2047 cum
809 1984 907 2047 socio
927 1999 1122 2063 aggressus
1140 1993 1206 2062 est;
1227 1993 1357 2049 etcum
1371 1984 1501 2049 Meldu-

274 2093 346 2156 lam
370 2092 550 2157 venissent
574 2101 610 2157 et
634 2090 714 2155 inde
735 2089 963 2184 Apenninum
985 2092 1137 2156 transire
1159 2091 1312 2171 vellent,
1325 2100 1424 2157 tanta
1447 2092 1503 2157 vis

274 2198 368 2263 nivis
382 2198 561 2263 ceciderat
576 2207 611 2262 et
625 2207 708 2261 tunc
723 2197 889 2277 cadebat,
905 2207 943 2262 ut
959 2196 1149 2262 Meldulam
1164 2196 1279 2263 redite
1295 2199 1412 2265 coacti
1431 2198 1501 2265 lue·

274 2307 357 2385 rint,
380 2306 440 2372 ubi
464 2325 486 2371 a
505 2305 658 2371 Domino
673 2305 839 2369 Leouello
858 2304 921 2369 Pio
944 2322 1177 2386 magnacum
1201 2305 1419 2375 humanitate
1443 2324 1502 2371 ex-

275 2413 368 2495 cepti
379 2412 532 2479 suerunt.

334 2520 406 2585 820.
448 2522 493 2586 Et
507 2522 587 2587 inde
602 2534 719 2609 ortum
733 2522 856 2590 habuit
871 2522 993 2589 missio
1006 2520 1043 2587 P.
1057 2519 1186 2602 Fulvii,
1203 2520 1246 2587 de
1260 2539 1330 2605 qua
1341 2524 1503 2605 superius

275 2629 414 2709 egimus
425 2627 448 2692 ⁸.
464 2628 669 2713 Reliquerat
684 2632 777 2697 enim
792 2632 948 2698 moriens
962 2631 1072 2696 frater
1087 2638 1208 2695 noster
1223 2628 1424 2712 Stephanus
1439 2630 1502 2698 Ca·

276 2736 476 2818 posacchus
491 2735 503 2768 ⁴
517 2755 692 2805 summum
706 2741 762 2805 sui
776 2740 989 2805 desiderium
1000 2751 1074 2804 tum
1084 2738 1240 2803 Domino
1252 2738 1418 2804 Leonello
1430 2749 1503 2816 tum

277 2843 422 2925 reliquis
436 2845 633 2927 oppidanis.
649 2846 854 2912 Postulabat
869 2857 989 2912 autem
1001 2846 1224 2912 sacerdotem
1239 2846 1392 2927 aliquem
1407 2846 1503 2912 adse

277 2951 369 3016 mitti
393 2952 597 3034 praedictus
621 2953 820 3034 Leonellus,
843 2955 904 3035 qui
925 2964 960 3018 et
981 2954 1077 3018 vitae
1098 2953 1262 3034 exemplo
1288 2960 1323 3017 et
1341 2953 1508 3019 doctrina

274 3059 378 3124 fratri
391 3071 515 3124 nostro
529 3059 710 3143 Stephano
725 3061 850 3126 similis
864 3071 969 3127 esset.

332 3165 405 3230 821.
446 3167 520 3232 Nec
531 3168 635 3233 facile
647 3168 745 3234 credi
756 3169 928 3251 potuisset
943 3169 1084 3250 qualem
1098 3185 1185 3234 suae
1200 3167 1343 3234 virtutis
1357 3169 1502 3235 odorem

274 3291 318 3340 ac
331 3277 540 3340 memoriam
554 3276 590 3340 in
605 3277 763 3342 omnium
778 3277 908 3342 animis
920 3276 1104 3357 utriusque
1118 3293 1238 3357 sexus,
1255 3295 1298 3342 ac
1314 3277 1504 3359 praecipue

275 3381 312 3445 in
325 3379 401 3461 ejtts
413 3382 557 3448 domino
572 3394 607 3448 et
621 3381 696 3464 eJus
709 3383 844 3449 familia
860 3383 1053 3465 reliquerit,
1075 3401 1182 3465 quam
1200 3383 1252 3448 sic
1274 3384 1504 3450 reformatam

275 3488 411 3571 abipso
425 3487 604 3572 Stephano
618 3491 793 3570 dicebant,
810 3492 919 3556 immo
935 3499 970 3554 et
989 3490 1109 3573 oppidi
1130 3493 1237 3556 totius
1259 3509 1400 3573 pueros,
1418 3493 1503 3558 etin

273 3614 353 3661 eam
363 3597 592 3662 concordiam
606 3598 803 3679 oppidanos
816 3598 909 3662 inter
921 3615 959 3663 se
972 3597 1182 3678 adduxerat,
1199 3607 1237 3663 ut
1252 3599 1502 3680 religiosorum

275 3705 527 3770 monasterium
541 3707 691 3788 populus
705 3706 763 3769 ille
774 3705 964 3769 videretur.
982 3705 1114 3786 Aliqui,
1130 3705 1174 3769 de
1186 3723 1228 3770 eo
1240 3707 1434 3788 loquentes,
1453 3709 1500 3772 la·

276 3813 540 3892 crymabantur,
557 3813 617 3877 alii
631 3831 674 3878 ea
689 3813 889 3878 reverentia
904 3829 984 3876 eum
1004 3813 1324 3894 prosequebantur,
1342 3823 1379 3878 ut
1397 3823 1504 3896 caput

275 3919 481 4001 detegerent
494 3938 576 3986 cum
590 3919 634 3984 de
648 3939 690 3986 eo
710 3922 955 4003 loquebantur.

334 4027 406 4092 822.
448 4027 620 4111 Cupiebat
634 4038 752 4093 autem
767 4029 804 4092 in
818 4045 921 4093 usum
937 4027 1125 4094 Societatis
1135 4029 1221 4094 dare
1233 4028 1407 4096 Dominus
1418 4029 1503 4096 Leo-

316 4272 325 4305 ¹
353 4271 447 4318 linet.

312 4343 325 4378 ¹
352 4345 401 4390 illc
412 4357 463 4391 non
473 4346 522 4392 hoc
532 4358 599 4392 anno
609 4346 662 4392 1555
671 4347 695 4391 in
704 4345 822 4402 collegio
834 4347 934 4394 Veneto
946 4347 1087 4392 instructus
1098 4351 1125 4390 et
1133 4346 1289 4400 baptizatus,
1300 4345 1377 4392 immo
1388 4354 1414 4393 et
1425 4347 1451 4394 in
1462 4345 1506 4393 So·

273 4418 396 4463 cientem
405 4418 541 4463 admissus.
551 4419 597 4464 scd
607 4429 675 4464 euno
687 4420 748 4464 1551.
757 4419 825 4464 Vide
836 4431 924 4475 snpra.
936 4426 955 4464 t.
965 4429 991 4472 ιι1
1003 4429 1063 4475 pag.
1073 4417 1121 4474 215,
1132 4429 1174 4464 nn.
1192 4417 1231 4462 1115
1240 4425 1267 4463 et
1284 4417 1331 4465 110.
1343 4419 1428 4472 Quare
1442 4421 1504 4466 illud

273 4490 331 4540 sed,
339 4490 407 4544 quod
416 4490 508 4535 stetim
518 4491 560 4535 hle
570 4492 697 4545 sequitur,
709 4492 853 4537 redundare
866 4493 980 4536 vitetur.

314 4561 327 4594 ⁸
352 4561 417 4617 Pac.
425 4561 462 4619 w,
471 4561 540 4619 mm,
549 4571 576 4608 et
585 4564 692 4609 uberius
702 4575 763 4619 pag.
772 4565 847 4612 tati.
856 4576 898 4608 nn.
910 4565 1010 4610 221218.

314 4635 326 4668 ⁴
354 4633 420 4682 vide
429 4645 518 4690 supra,
529 4641 550 4680 t.
559 4645 576 4692 r,
588 4647 647 4692 pag.
656 4635 705 4689 192.
715 4647 740 4681 ιι.
749 4635 927 4684 luith-Sancte
935 4636 1041 4694 huiusce
1053 4637 1143 4684 fratris
1154 4647 1224 4684 mors
1234 4643 1340 4684 notetur
1350 4649 1438 4697 supra,
1446 4645 1466 4686 t.
1477 4649 1504 4696 ιι,

275 4719 340 4769 ραι.
349 4707 384 4762 57,
395 4718 422 4754 ιι.
433 4707 481 4754 121.
