3642 5350
767 438 827 497 Au.
849 437 920 497 1556
1407 435 1462 497 809

228 583 365 649 insulae
379 584 637 650 multitudinem
649 584 695 649 ad
706 585 900 650 Mabometi
911 585 1134 667 pestilentem
1146 593 1282 650 sectam
1293 585 1459 649 traduxe-

229 700 303 773 rat;
319 709 445 773 parum
463 694 558 759 enim
577 693 686 757 refert
704 693 800 774 apud
819 692 1028 758 daemonem
1048 711 1118 776 quo
1139 710 1261 758 errore
1275 694 1327 757 illi
1344 693 1459 757 invol-

228 809 370 881 vantur,
387 799 575 867 dummodo
594 801 631 866 in
651 810 835 865 aeternum
849 810 1008 882 pereant.
1024 800 1189 866 Libertas
1208 802 1316 865 etiam
1335 800 1459 865 carnis

227 918 263 973 et
280 925 448 974 sensuum
468 910 514 973 ad
533 925 787 975 saracenorum
806 908 981 990 dogmata
1006 911 1108 974 carni
1131 909 1270 974 deditos
1295 908 1459 974 homines

227 1014 332 1080 facile
347 1016 533 1081 invitabat.

286 1124 377 1189 3466.
420 1124 597 1190 Tentabat
617 1122 674 1189 ille
694 1124 835 1207 quidem
855 1141 1049 1189 saracenus
1071 1125 1108 1189 in
1122 1125 1218 1204 navi,
1245 1124 1330 1207 quid
1349 1133 1454 1201 esset,

218 1212 463 1312 dissimulare,
479 1242 514 1297 et
533 1233 564 1297 si
585 1235 727 1315 quando
747 1234 976 1314 eleemosyna
990 1234 1037 1297 ad
1056 1232 1199 1315 aliquod
1213 1233 1310 1314 pium
1329 1248 1456 1313 opusa

226 1338 430 1404 vectoribus
450 1340 652 1421 petebatur,
673 1341 731 1405 ille
750 1342 842 1405 inter
861 1341 997 1421 primos
1011 1340 1262 1420 elargiebatur.
1284 1337 1353 1404 Sed
1374 1356 1456 1403 cum

226 1443 264 1509 P.
281 1445 470 1511 Balthasar
485 1466 530 1511 ex
542 1448 696 1528 quodam
710 1448 863 1512 lusitano
878 1448 958 1529 quis
972 1455 1077 1527 esset,
1094 1455 1129 1511 et
1143 1464 1213 1528 quo
1227 1446 1405 1526 tenderet,
1421 1455 1456 1511 et

226 1552 310 1634 quid
325 1553 455 1637 [vellet]
471 1554 663 1631 didicisset,
681 1556 821 1619 curavit
832 1565 870 1620 ut
885 1573 930 1619 ex
945 1556 1031 1619 navi
1042 1562 1128 1619 ’cum
1139 1554 1213 1618 suis
1229 1553 1406 1618 mercibus
1420 1562 1456 1618 et

226 1660 346 1739 armiS,
362 1677 453 1741 quae
467 1662 644 1742 intulerat,
660 1664 901 1744 repelleretur;
914 1672 949 1726 et
963 1663 1046 1744 quia
1057 1678 1182 1726 severe
1196 1661 1290 1726 hunc
1304 1661 1455 1724 abusum

228 1766 357 1849 [Pater]
373 1769 660 1850 reprehenderat,
675 1769 937 1850 fidejussionem
957 1770 1001 1833 ab
1023 1770 1083 1834 illo
1106 1766 1453 1852 [saraceno]'exege·

225 1886 319 1950 runt,
336 1874 431 1957 quod
445 1876 482 1939 in
495 1876 632 1941 Indiam
651 1877 828 1942 rediturus
849 1885 955 1955 esset,
980 1886 1014 1942 et
1034 1895 1104 1942 non
1123 1876 1272 1941 ulterius
1291 1892 1455 1957 progres-

226 1998 341 2046 surus.
366 1983 418 2047 Eo
441 2000 500 2048 res
521 1984 687 2064 redierat,
712 1994 751 2048 ut
772 1985 879 2048 etiam
901 1994 1032 2049 nautae
1053 1985 1199 2048 navium
1219 1984 1453 2048 lusitanorum

170 2150 172 2157 .
226 2088 353 2153 arabes
364 2091 400 2153 in
413 2086 600 2171 gentilium
614 2092 809 2173 provinciis
821 2092 1013 2173 aliquando
1024 2100 1261 2171 remanerent,
1275 2099 1310 2155 et
1324 2090 1455 2155 multos

225 2212 348 2261 eorum
359 2207 615 2289 perverterent,
631 2207 667 2263 et
682 2199 825 2282 quidam
840 2216 976 2279 eorum,
991 2200 1052 2279 qui
1066 2199 1103 2263 in
1116 2200 1290 2283 Japonem
1304 2206 1454 2262 venerat

225 2313 259 2367 et
274 2303 467 2369 Mahometi
481 2316 616 2371 sectam
627 2306 880 2389 japonensibus
900 2306 1114 2388 persuadere
1129 2306 1319 2386 nitebatur,
1335 2305 1417 2370 inde
1432 2322 1454 2368 a

224 2411 388 2477 lusitanis
408 2423 586 2479 retractus
611 2424 675 2495 est,
692 2424 727 2479 et
741 2415 829 2481 nihil
847 2416 884 2480 in
899 2432 964 2479 sua
979 2414 1244 2496 praedicatione
1260 2414 1452 2495 promovit:

225 2518 284 2583 ubi
303 2528 422 2585 tamen
443 2522 547 2586 fidem
566 2523 602 2585 bi
624 2523 785 2588 homines
801 2523 1046 2603 inveniebant,
1068 2539 1206 2588 summa
1220 2521 1452 2587 veneratione

225 2644 245 2691 a
260 2628 450 2708 gentilibus
469 2630 686 2697 colebantur.

280 2735 371 2801 3467.
415 2737 576 2819 Regnum
591 2739 691 2822 Pegu
705 2741 891 2807 Malachae
906 2742 1064 2806 vicinum
1078 2749 1155 2804 erat
1169 2742 1191 2820 ¹;
1208 2748 1243 2804 et
1258 2739 1358 2819 regio
1377 2738 1451 2819 qui·

220 2842 300 2908 dem
323 2837 575 2912 fecundissima
600 2858 635 2913 et
660 2847 879 2913 fertilissima
904 2858 997 2928 erat,
1020 2847 1085 2913 sed
1105 2848 1266 2912 homines
1289 2846 1448 2929 pessimi,

219 2952 494 3031 mendacissimi,
516 2956 694 3038 crudeleS,
716 2957 819 3021 etita
842 2975 863 3020 a
883 2973 992 3020 verae
1007 2955 1088 3021 fidei
1110 2973 1152 3020 ac
1171 2955 1355 3035 religionis
1374 2971 1462 3017 sus··

219 3061 381 3140 ceptione
396 3079 504 3144 quam
525 3063 680 3128 maxime
699 3065 817 3128 alieni.
837 3064 1101 3129 Mabometanis
1119 3062 1289 3126 tamenin
1308 3061 1448 3143 quibus·

218 3166 301 3232 dam
315 3170 496 3234 erroribus
509 3188 582 3235 non
597 3180 679 3236 sunt
693 3171 892 3237 dissimiles:
909 3189 994 3235 suos
1008 3170 1095 3234 deos
1109 3170 1278 3234 mortales
1297 3185 1376 3232 esse
1397 3168 1448 3233 di-

217 3284 314 3355 cunt,
330 3286 364 3340 et
377 3276 447 3341 duo
462 3279 571 3343 millia
586 3283 762 3344 annorum'
775 3288 811 3343 et
830 3279 982 3360 amplius
1000 3287 1081 3360 post
1095 3276 1279 3359 cujusdam
1299 3276 1446 3355 obitum,

219 3383 326 3447 alium
341 3387 577 3466 expectabant
593 3388 698 3450 deum
712 3387 949 3464 nasciturum,
972 3394 1007 3449 et
1026 3385 1135 3466 aliqui
1155 3384 1199 3449 de
1215 3383 1446 3463 transmigra-

221 3490 316 3556 tione
331 3491 529 3558 animarum
548 3494 585 3558 in
601 3494 768 3558 animalia
788 3494 1003 3572 fabulantur,
1019 3493 1126 3557 etiam
1147 3492 1183 3555 in
1197 3491 1271 3555 suis
1284 3490 1363 3554 diis.
1379 3489 1448 3554 De·

221 3615 298 3663 cem
313 3608 432 3665 tamen
447 3601 578 3666 habent
592 3601 772 3682 mandata,
789 3619 834 3666 ex
849 3601 976 3683 quibus
991 3601 1059 3664 tria
1075 3597 1208 3681 aliquid
1222 3598 1387 3662 videntur
1403 3599 1448 3661 si·

221 3706 426 3773 militudinis
441 3726 521 3774 cum
535 3711 667 3774 nostris
681 3709 822 3788 habere;
839 3709 990 3773 scilicet:
1007 3725 1078 3772 non
1097 3706 1273 3772 furaberis
1287 3723 1345 3770 res
1365 3706 1448 3770 alie·

222 3833 299 3894 naS,
315 3835 387 3881 non
401 3833 608 3898 corrumpes
622 3817 729 3882 filiam
745 3818 901 3898 alterius,
919 3834 991 3881 non
1005 3814 1163 3895 occides3
1181 3813 1242 3878 sed
1263 3814 1331 3877 hoc
1346 3813 1448 3878 aliter

220 3941 326 4004 quam
341 3941 406 3989 nos
422 3925 610 4006 accipiunt;
627 3925 710 4007 quia
725 3926 858 3988 nullum
873 3924 1016 4003 animal,
1033 3942 1077 3987 ne
1091 3922 1277 3987 formicam
1292 3920 1446 4004 quidem,

218 4032 394 4096 occidunt.
409 4032 560 4098 Caetera
571 4042 763 4116 praecepta
773 4033 868 4097 nulla
881 4033 917 4096 in
930 4049 969 4096 re
981 4049 1062 4096 cum
1073 4029 1204 4094 nostris
1216 4029 1446 4094 conveniunt.

216 4139 396 4205 idolorum
411 4140 618 4205 sacerdotes
633 4141 712 4220 plus
726 4157 833 4222 quarn
847 4140 963 4221 plebei
978 4140 1014 4204 in
1036 4138 1092 4203 his
1106 4137 1212 4202 rebus
1233 4135 1246 4168 ²
1265 4137 1446 4216 aberrant,

216 4255 251 4312 et
266 4256 386 4312 tamen
400 4248 436 4312 in
450 4265 583 4328 magna
597 4249 826 4313 veneratione
841 4248 1029 4312 habentur.

275 4353 367 4419 3468.
410 4354 489 4420 Hac
504 4363 639 4421 aestate
654 4355 693 4420 P.
708 4354 865 4440 Joannes
880 4355 924 4418 de
938 4353 1049 4418 Veira
1065 4370 1146 4417 cum
1165 4352 1277 4417 fratre
1297 4351 1447 4416 Nicolao

258 4635 267 4669 Ι
296 4634 380 4691 liuius
390 4635 464 4688 regni
474 4635 672 4689 descriptlonenr
682 4635 763 4679 baben
772 4643 860 4688 snpra,
870 4639 889 4678 t.
901 4643 936 4685 tv,
944 4644 1005 4688 pag.
1015 4631 1063 4687 du,
1074 4643 1099 4676 n.
1110 4631 1171 4686 1³7⁶,
1181 4637 1270 4676 annot.
1281 4631 1300 4675 l.

258 4705 269 4735 ¹
297 4704 580 4751 immutarentur.
