3642 5350
689 462 702 467 ··
750 448 910 509 Anium
977 448 983 460 “
1389 434 1442 516 163
1535 437 1540 447 ’

211 594 414 679 praeteritis
428 594 531 660 annis
545 592 687 660 habitas
706 602 741 660 et
756 596 890 677 aliquot
905 595 1085 660 orationes
1105 596 1143 659 in
1157 594 1328 660 natalitiis
1340 594 1441 661 sestis

210 702 496 786 irequentissimo
515 702 693 768 auditorio
708 704 969 786 pronuntiatas,
994 703 1108 767 bonus
1129 704 1218 768 odor
1237 702 1441 768 scholarum

213 828 276 893 per
289 818 403 877 totam
422 812 547 877 urbem
567 826 714 893 sparsus
735 819 824 891 erat,
846 821 881 875 et
904 828 984 876 eam
1006 819 1156 877 auxerat
1174 820 1441 893 repraesentata

212 918 388 1000 quaedam
403 920 532 1001 egloga
546 919 591 984 de
604 918 791 983 nativitate
807 919 950 984 Christi.
966 919 1051 985 Inde
1064 919 1195 985 accidit
1207 929 1247 983 ut
1260 920 1367 984 etiarn
1380 920 1442 1001 qui

213 1025 464 1108 paedagogum
479 1024 691 1093 adfiliorum
712 1026 969 1091 institutionem
982 1027 1079 1092 domi
1092 1026 1281 1108 habebant,
1302 1028 1360 1091 vel
1380 1027 1441 1091 ha·

211 1133 295 1199 bere
308 1134 413 1199 facile
428 1142 604 1215 poterant,
620 1150 705 1199 suos
719 1134 849 1199 liberos
864 1132 909 1198 ad
924 1134 1121 1215 Collegium
1140 1134 1337 1200 mittebant.
1432 1176 1435 1180 -
1539 1152 1543 1159 ·

270 1240 344 1305 599.
386 1240 552 1305 Libenter
579 1249 698 1306 autem
722 1240 923 1305 confluebat
946 1242 1108 1324 populus,
1138 1255 1220 1306 curn
1245 1242 1441 1310 christiana

212 1347 376 1413 doctrina
398 1348 558 1431 apueris
578 1348 812 1428 recitabatur,
836 1362 919 1413 cum
941 1349 1122 1413 orationes
1140 1349 1248 1413 etiam
1266 1349 1442 1431 quaedam

212 1456 345 1521 latinae
360 1455 537 1521 interdum
552 1456 846 1537 immiscerentur,
864 1472 954 1538 quas
972 1456 1111 1537 ipsimet
1124 1458 1226 1538 pueri
1245 1466 1281 1521 et
1299 1474 1441 1541 compo·

211 1571 358 1629 suerant
382 1572 417 1629 at
436 1563 724 1646 pronuntiabant;
745 1573 780 1629 et
801 1564 837 1629 id
855 1566 893 1628 in
916 1563 1188 1630 admirationem
1212 1580 1286 1629 non
1310 1566 1441 1631 medio·

211 1688 310 1737 crem
322 1670 484 1737 homines
503 1671 714 1752 adducebat,
733 1667 768 1736 'et
787 1672 870 1754 quia
884 1672 922 1736 in
940 1672 1020 1735 aliis
1037 1672 1169 1737 scholis
1182 1672 1391 1738 inusitatum
1405 1672 1442 1738 id

211 1788 300 1859 erat,
320 1786 357 1843 et
377 1778 445 1860 ipsi
466 1780 567 1862 pueri
587 1780 819 1845 animosiores
842 1779 1092 1861 reddebantur,
1108 1788 1144 1846 et
1164 1789 1329 1861 parentes
1355 1790 1442 1847 suos

211 1886 342 1951 liberos
360 1886 509 1952 libenter
523 1886 569 1951 ad
588 1886 733 1952 scholas
752 1886 951 1952 mittebant.
972 1886 1227 1952 Laudabantur
1245 1897 1364 1954 autem
1379 1890 1441 1954 hu·

208 1993 364 2077 jusmodi
379 2002 551 2075 oratores,
571 1995 631 2076 qui
645 1994 734 2059 bene
748 1994 863 2059 officio
884 2010 951 2059 suo
969 1993 1081 2059 functi
1099 2004 1214 2075 erant,
1234 1994 1440 2079 a-Rectore,

210 2110 246 2166 et
260 2099 466 2166 declarabat
480 2116 587 2182 quam
597 2102 801 2166 necessaria
816 2110 909 2167 esset
920 2101 1131 2166 exercitatio
1140 2109 1221 2183 post
1235 2103 1324 2167 artis
1338 2118 1441 2184 regu·

210 2210 267 2274 lus
281 2208 432 2273 auditas.

270 2314 342 2381 dm.
386 2314 541 2397 Optabat
565 2316 762 2397 Episcopus
783 2314 804 2397 ¹,
827 2316 887 2399 qui
916 2313 1105 2382 Societatis
1131 2317 1238 2383 valde
1261 2317 1442 2384 studiosus

211 2432 302 2504 erat,
318 2440 399 2489 cum
412 2424 551 2506 aliquas
565 2424 746 2489 orationes
759 2425 984 2506 pronuntiari
998 2443 1019 2489 a
1033 2426 1166 2491 nostris
1179 2424 1386 2507 audivisset,
1402 2435 1441 2491 ut

211 2528 408 2605 deratione
426 2530 694 2613 gubernationis
715 2531 931 2613 reipublicae
951 2532 1070 2615 aliqua
1087 2534 1205 2597 oratio
1222 2534 1362 2616 publice
1381 2533 1442 2598 ha·

211 2638 367 2720 beretur;
383 2647 418 2704 et
430 2636 533 2720 juxta
546 2636 622 2720 ejus
635 2640 847 2704 sententiam
862 2640 939 2722 ipso
954 2639 1011 2705 die
1027 2640 1254 2706 Pentecostes
1267 2657 1356 2723 puer
1368 2641 1445 2724 qui6

212 2745 307 2828 dam,
320 2745 506 2812 duodecim
520 2763 633 2812 annos
646 2755 762 2828 natuS,
780 2747 990 2812 nobilissimi
1004 2748 1094 2814 civis
1114 2747 1127 2780 ¹
1146 2747 1239 2813 filius
1260 2747 1333 2831 (qui
1350 2763 1443 2814 unus

213 2864 293 2920 erat
301 2872 349 2920 ex
357 2855 504 2936 Collegii
514 2855 627 2919 nostri
637 2855 922 2936 protectoribus),
933 2856 1131 2920 orationem
1141 2855 1266 2921 habuit
1277 2873 1298 2921 a
1310 2855 1446 2922 nostris

213 2962 448 3044 compositam
461 2961 504 3027 de
516 2961 622 3027 modo
637 2978 680 3026 ac
690 2962 828 3027 ratione
839 2963 1054 3044 reipublicae
1066 2962 1332 3044 gubernandae.
1350 2964 1444 3029 Ade·

212 3080 295 3137 rant
309 3071 347 3136 in
360 3071 514 3135 ecclesia
527 3069 742 3152 Catbedrali,
758 3070 818 3135 ubi
836 3087 880 3135 ea
900 3070 1209 3153 pronuntiabatur,
1232 3071 1316 3136 Dux
1334 3069 1347 3104 ⁸
1363 3078 1444 3137 cuni

212 3179 288 3244 suis
302 3177 580 3260 magistratibus,
596 3176 721 3242 aderat
740 3186 775 3241 et
788 3176 987 3260 Episcopus
1006 3187 1041 3243 et
1062 3177 1123 3243 alli
1142 3179 1242 3246 cives
1258 3180 1394 3245 nobiles
1408 3183 1445 3244 et

212 3295 314 3352 tanta
327 3287 446 3368 populi
466 3284 675 3367 frequentia,
693 3293 731 3350 ut
749 3301 857 3366 supra
877 3287 1032 3368 quinque
1046 3287 1229 3352 hominum
1243 3288 1353 3352 millia
1367 3303 1446 3352 esse

212 3395 426 3474 dicerentur,
438 3402 474 3458 et
488 3403 641 3475 quatuor
658 3392 733 3458 fere
751 3391 871 3474 horas,
893 3393 977 3458 dum
992 3393 1108 3459 officia
1127 3395 1252 3460 divina
1264 3413 1331 3478 pro
1345 3403 1444 3460 more

212 3501 454 3581 celebrantur,
472 3499 649 3582 patienter
668 3509 902 3582 expectarunt
919 3508 955 3564 et
973 3501 1207 3567 attentissime
1225 3517 1307 3567 eam
1326 3501 1447 3566 audie-

212 3619 308 3689 runt;
324 3626 394 3691 qua
408 3608 582 3687 absoluta,
598 3624 730 3690 magno
744 3625 826 3672 cum
840 3608 1014 3690 applausu
1027 3611 1121 3691 patri
1135 3611 1249 3692 pueri,
1269 3610 1331 3692 qui
1346 3610 1446 3674 audi·

213 3727 270 3783 tor
288 3717 396 3782 etiam
413 3715 542 3796 suerat,
562 3716 660 3780 cives
679 3715 787 3780 etiam
805 3716 1087 3797 gratulabantur,
1110 3718 1205 3799 quod
1226 3717 1290 3782 tali
1308 3717 1448 3800 praedi·

214 3835 290 3890 tum
304 3825 450 3905 ingenio¹
469 3823 579 3888 filium
603 3822 760 3888 haberet.
784 3823 895 3888 Fama
917 3824 1023 3906 hujus
1041 3826 1224 3906 orationis,
1244 3836 1306 3908 per
1322 3826 1446 3890 urbem

214 3949 356 4016 sparsa,
370 3933 471 3998 multi
484 3931 619 3996 nobiles
634 3947 742 4012 aegre
753 3931 909 3996 tulerunt
924 3931 1019 4013 quod
1034 3947 1114 3996 earn
1127 3949 1200 3996 non
1210 3933 1446 4014 audivissent,

255 4209 265 4243 ί
296 4207 422 4264 Aegialus
432 4205 563 4263 Falcatts,
574 4203 740 4263 Caprnlensis
749 4207 826 4261 (alias
838 4205 1009 4252 cnvorlensis
1017 4214 1043 4253 et
1059 4209 1222 4266 cauriensis)
1235 4205 1380 4265 Episcopus
1394 4206 1445 4254 lui·

214 4279 364 4337 liumus,
372 4281 416 4335 qui
426 4279 624 4336 At'cltieplscopl
634 4279 786 4336 Genuensls,
796 4280 859 4325 slibi
868 4280 928 4327 silis
938 4281 1031 4326 muniis
1038 4280 1234 4337 armentivices
1241 4282 1268 4326 iu
1275 4282 1444 4337 tabernam

213 4353 324 4400 dioecesi
334 4353 453 4407 gerebat.
464 4351 538 4396 lianc
549 4351 620 4396 illum
631 4361 697 4406 esse,
708 4352 799 4407 dequo
811 4351 876 4397 ninii
886 4357 987 4396 tertam
996 4351 1103 4397 delinire
1114 4353 1445 4409 snslimmussuprs,r.1v‚

212 4437 273 4482 m.
289 4425 326 4478 38,
341 4429 434 4470 annot.
450 4423 473 4478 Β,
490 4429 594 4468 constat
609 4430 664 4468 tum
681 4435 714 4468 ex
731 4425 790 4468 silla
808 4425 987 4477 monumentis,
999 4429 1056 4469 tum
1069 4427 1224 4480 praesertim
1239 4437 1273 4469 ex
1287 4426 1445 4478 testimonio,

213 4498 290 4554 quod,
300 4496 436 4542 occasione
445 4495 544 4540 decretl
559 4495 722 4550 Psrlsieusls,
738 4497 764 4540 in
775 4495 916 4542 Societstis
930 4497 1178 4542 commendationem
1194 4498 1362 4554 subscripsit,
1376 4495 1443 4554 quod

213 4581 272 4627 que,
281 4569 337 4614 Deo
347 4569 461 4622 volente,
473 4567 545 4612 dabit
555 4567 632 4613 Noua
642 4567 734 4612 Series
743 4567 899 4613 litterarum
911 4569 1005 4613 sautu
1014 4569 1128 4623 ignaru.

252 4642 265 4676 ¹
293 4641 369 4686 Pauli
378 4639 501 4685 videlicet
512 4639 602 4695 Doris,
616 4645 644 4684 ut
660 4641 715 4684 erui
724 4651 800 4697 posse
815 4639 921 4685 videtur
930 4652 963 4685 ex
974 4641 1050 4697 inira,
1065 4641 1303 4700 innormatum,
1315 4641 1442 4688 dicendis.

254 4712 267 4746 ⁸
295 4711 460 4769 Augustinus
470 4710 578 4756 Piuello.
589 4710 657 4756 Vide
670 4723 757 4769 supra,
768 4718 788 4756 t.
799 4723 824 4768 v,
835 4723 896 4768 pag.
910 4713 959 4767 tui,
968 4719 1055 4758 annot.
1067 4715 1088 4765 i,
1399 4727 1406 4738 ·
