3642 5350
767 430 831 491 Art.
853 430 924 494 1556
1404 431 1458 493 779

284 574 330 640 Et
344 573 433 645 baec
448 575 492 641 de
506 577 738 659 navigatione
751 586 958 643 nostrorum
972 588 1007 643 et
1021 579 1128 643 rebus
1141 578 1367 660 Aethiopiae.
1385 576 1430 642 Et
1447 574 1455 609 ¹

225 682 384 762 interius,
397 699 477 749 cum
485 683 532 749 de
537 683 694 765 Collegio
707 683 850 751 Cocciui
861 684 1038 765 quaedam
1048 684 1223 765 dicentur,
1235 685 1373 767 reliqua
1383 684 1455 751 buc

226 789 439 869 pertinentia
453 789 524 856 dici
537 800 703 873 poterunt
719 792 741 851 '.

600 1110 665 1180 DE
688 1110 923 1179 COLLEGIO
946 1112 1077 1178 GOAE

282 1432 374 1499 3333.
417 1434 472 1499 Ex
487 1451 556 1515 quo
570 1433 609 1498 P.
626 1432 805 1499 Antonius
819 1433 862 1498 de
878 1432 1042 1515 Quadros
1057 1434 1156 1503 initio
1175 1432 1279 1513 hujus
1294 1432 1379 1498 unni
1392 1449 1454 1513 gu·

223 1541 466 1607 bernationem
481 1539 584 1622 hujus
597 1540 810 1607 Provinciae
823 1541 945 1607 Indiae
958 1542 1115 1623 suscepit
1129 1539 1152 1620 ³,
1168 1541 1291 1606 statim
1305 1539 1342 1604 id
1352 1556 1455 1605 cura·

224 1648 287 1728 vit,
303 1657 341 1713 ut
357 1648 392 1713 in
407 1648 567 1729 Collegio
582 1648 715 1713 Goensi
734 1647 1015 1715 constitutiones
1028 1657 1064 1713 et
1078 1647 1237 1729 Regulae
1251 1645 1454 1729 Societatis,

222 1772 313 1835 quas
327 1756 476 1836 ipsemet
490 1772 535 1821 ex
549 1754 693 1837 Europa
708 1756 888 1836 attulerat,
912 1755 1206 1835 observarentur,
1226 1772 1273 1821 ex
1294 1754 1454 1837 quatru-

223 1870 301 1927 ctus
315 1862 515 1928 uberrimus
530 1862 624 1929 eoin
639 1861 798 1942 Collegio
813 1871 867 1927 est
881 1871 1106 1927 consecutus.

282 1968 343 2035 Uti
358 1977 476 2035 autem
491 1970 603 2034 voluit
617 1969 655 2034 Ρ.
673 1969 878 2035 Melchioris
892 1968 1042 2035 Carneri
1052 1968 1188 2053 [opera]
1203 1971 1241 2035 in
1256 1966 1452 2035 ministerio

222 2076 508 2157 praedicationis,
525 2077 707 2160 cumipse,
723 2094 812 2159 quas
826 2085 1036 2163 susceperat
1047 2078 1186 2158 logicae
1201 2078 1383 2156 lectiones,
1399 2092 1452 2142 re·

221 2184 380 2265 linquere
391 2184 510 2264 nollet,
523 2184 605 2250 licet
617 2184 704 2249 satis
715 2186 834 2250 multis
846 2184 951 2249 officii
961 2185 1017 2250 sui
1028 2185 1208 2259 laboribus
1218 2193 1451 2268 premeretur.

220 2290 260 2356 In
275 2290 599 2377 praedicationibus
622 2308 709 2373 ergo
724 2292 930 2357 domesticis
950 2310 994 2358 ac
1011 2292 1113 2359 festis
1130 2292 1255 2358 diebus
1276 2290 1453 2357 interdum

221 2398 259 2465 P.
286 2398 457 2465 Melchior
478 2416 559 2463 eum
578 2386 788 2465 sublevabat
809 2408 933 2465 nostro
952 2401 988 2465 in
1009 2400 1181 2481 Collegio,
1203 2399 1309 2465 Pater
1334 2409 1453 2464 autem

222 2505 736 2587 BaithasarDiazinparochia
744 2506 898 2589 quadam
909 2508 1009 2573 urbis
1018 2505 1175 2589 Goae3et
1185 2524 1309 2573 omnes
1320 2522 1452 2588 magna

222 2631 303 2680 cum
317 2613 516 2696 frequentia
528 2614 731 2680 auditorum
751 2616 899 2682 verbum
922 2614 991 2681 Dei
1009 2615 1268 2697 proponebant,
1284 2614 1450 2697 quamvis

221 2732 301 2803 post
316 2721 637 2804 Quadragesimnm
649 2723 853 2804 praedictus
862 2722 900 2789 P.
917 2722 1107 2789 Baltbasar
1118 2723 1320 2788 Mulucham
1330 2739 1352 2786 a
1363 2721 1448 2786 Pro·

222 2829 366 2894 vinciali
375 2831 504 2895 missus
515 2838 580 2910 est,
590 2830 686 2912 quod
697 2847 739 2894 ea
751 2830 940 2895 incivitate
950 2830 1448 2914 ipsiusoperampernecessa·

221 2934 311 3002 riam
322 2954 400 3005 esse
414 2937 638 3018 intelligeret,
653 2937 818 3020 quamvis
831 2938 983 3019 populus
997 2937 1150 3004 Goensis
1161 2935 1239 3018 eJus
1249 2937 1448 3003 absentiam

221 3059 328 3124 aegre
343 3042 463 3126 ferret3
480 3043 543 3109 sed
557 3061 639 3109 cum
653 3045 718 3109 sub
732 3045 769 3109 id
784 3053 922 3126 tempus
944 3045 1041 3126 Mag.
1061 3044 1263 3110 Gonzalves
1281 3042 1294 3076 ⁴
1312 3061 1359 3109 ex
1379 3044 1447 3110 Ae·

218 3151 352 3232 thiopia
366 3151 402 3216 in
417 3149 554 3218 Indiam
569 3149 806 3234 [transiisset],
823 3161 862 3217 ut
875 3151 1038 3234 superius
1050 3151 1205 3217 diximus
1219 3154 1243 3233 ⁸,
1259 3159 1294 3219 et
1302 3151 1447 3233 ¹praedi-

203 3259 369 3325 cationis
383 3267 418 3324 et
432 3259 540 3324 etiam
553 3258 816 3324 confessionum
830 3259 989 3324 laborem
1002 3259 1157 3336 subiens,
1170 3257 1209 3324 P.
1224 3257 1447 3325 Baithasaris
1539 3345 1548 3352 ἰ

218 3367 336 3432 locum
350 3366 540 3448 supplevit.

277 3472 369 3539 3354.
411 3472 590 3538 Interdum
604 3473 713 3538 etia'm
727 3471 766 3536 P.
779 3471 958 3539 Antonius
969 3471 1014 3538 de
1024 3473 1192 3553 Heredia,
1203 3491 1310 3556 quem
1321 3473 1446 3538 Ormu·

219 3581 265 3645 cii
280 3591 314 3646 et
329 3580 474 3648 Coccini
489 3579 597 3644 luisse
612 3580 855 3662 superioribus
866 3581 971 3644 aunis
981 3579 1115 3646 dictum
1126 3591 1181 3644 est
1194 3577 1218 3660 ⁰,
1236 3598 1317 3645 cum
1328 3580 1448 3645 multis

219 3686 420 3752 auditorum
444 3687 613 3768 lacrymis
637 3686 762 3753 diebus
786 3688 929 3752 veneris
947 3688 991 3752 de
1009 3687 1180 3771 Passioue
1199 3686 1344 3752 Domini
1365 3705 1447 3753 con·

219 3795 445 3872 cionabatur;
466 3783 662 3876 etquidem
683 3796 719 3859 in
739 3793 1038 3876 Quadragesima,
1058 3796 1090 3860 si
1108 3795 1317 3878 quadruplo.
1331 3794 1448 3878 majus

218 3902 341 3968 luisset
355 3903 524 3985 templum
539 3899 687 3982 Collegii
702 3903 827 3982 nostri,
840 3903 1022 3967 homiuum
1032 3902 1293 3968 multitudinem
1304 3903 1350 3968 ad
1361 3921 1446 3968 con·

256 4181 264 4214 Ι
293 4179 366 4226 llaec
375 4181 493 4227 clausule
504 4191 581 4226 manu
591 4181 696 4225 Polnnct
706 4182 807 4237 scripte
817 4189 867 4227 est.

254 4251 266 4286 ⁸
291 4252 363 4306 Quae
373 4253 407 4298 nd
417 4253 564 4300 mintionem
574 4253 749 4309 aethiopicam
759 4253 915 4310 spectantia,
923 4252 1052 4300 Polnncn·
1065 4253 1175 4307 eddidit,
1185 4264 1218 4299 en
1229 4252 1397 4300 Inveniuntur
1412 4257 1447 4300 in-

213 4323 267 4426 m3
274 4323 363 4440 nvssilglg
371 4331 479 4452 {uzqde
488 4396 566 4452 buln·
575 4395 748 4442 Provincinllt
758 4397 884 4442 electlone
898 4397 1048 4442 scribuntur
1056 4409 1143 4454 nuptu,
1152 4403 1172 4443 t.
1184 4410 1209 4453 v,
1219 4407 1281 4454 pag.
1291 4397 1333 4444 663
1342 4407 1369 4445 et
1379 4411 1446 4459 neq„

213 4467 414 4585 ΜΑΒΠΑιηῗᾸυ
424 4538 562 4586 Gonnlez.
647 4537 649 4542 '

253 4612 267 4646 ³
294 4611 391 4668 Nuper,
402 4623 425 4656 n.
437 4611 499 4658 3351.

255 4681 268 4717 θ
295 4685 400 4731 Dictum
411 4685 442 4730 de
452 4696 484 4731 eo
493 4693 534 4732 est
544 4698 632 4744 supra,
642 4695 661 4732 t.
674 4698 699 4742 r,
710 4698 771 4746 pag.
781 4688 822 4734 668
833 4695 860 4735 et
869 4689 919 4745 669,
928 4700 954 4734 n.
965 4687 1091 4734 13414835.
