3642 5350
818 416 883 476 An.
905 417 976 477 1556
1459 418 1515 478 ott

217 545 222 554 ⁸
273 567 595 646 interrumperetur
610 563 767 628 carceris
781 571 817 626 et
831 561 1020 644 hospitalis
1034 579 1231 644 pauperum
1242 563 1412 628 visitatio.
1426 563 1515 630 Cum

272 679 398 735 autem
412 671 526 735 nostri
541 679 721 752 poterant,
737 686 803 734 nec
827 669 1085 734 consolationis
1105 686 1172 734 nec
1187 669 1368 752 profectus
1381 671 1419 736 in
1433 688 1513 736 con·
1591 704 1599 721 ·

277 777 494 842 sessionibus
508 777 624 842 fructu
639 793 702 840 eos
717 775 919 858 privabant.

338 883 384 949 Et
397 883 488 949 hacc
503 885 546 949 de
562 885 721 965 Collegio
736 883 1089 963 Caesaraugustam.

621 1255 687 1320 DE
709 1253 947 1320 COLLEGIO
967 1254 1180 1320 MURCIAE

335 1523 427 1588 2365.
470 1521 682 1587 Provinciae
696 1521 907 1603 Aragoniae
924 1522 1123 1602 Collegium
1138 1522 1207 1587 hoc
1222 1523 1267 1587 ab
1278 1521 1379 1586 initio
1396 1523 1514 1588 fuerat

273 1631 504 1713 applicatum,
520 1640 555 1694 et
569 1631 618 1694 ita
635 1628 672 1693 P.
690 1629 853 1710 Baptista
868 1630 913 1694 de
926 1629 1077 1708 Barma‚
1104 1630 1164 1709 qui
1178 1629 1217 1693 P.
1241 1628 1391 1694 Stradae
1414 1630 1514 1694 vices
1587 1656 1591 1664 ·

274 1738 513 1803 Provincialis
528 1738 565 1802 in
580 1755 623 1801 ea
637 1735 829 1801 Provincia
844 1737 1005 1816 gerebat,
1023 1735 1138 1800 eidem
1150 1736 1367 1802 instituendo
1383 1746 1418 1801 et
1433 1755 1512 1818 pro·

274 1845 454 1910 movendo
469 1843 624 1926 praefuit
641 1842 662 1907 ¹.

337 1950 429 2016 2366.
472 1951 662 2015 Invenerat
676 1949 818 2031 quidem
833 1949 1049 2032 Episcopum
1065 1950 1169 2014 bonis
1180 1949 1365 2016 desideriis
1376 1951 1512 2016 ferven-

277 2067 351 2124 tem
368 2057 398 2139 ³,
422 2056 485 2122 sed
506 2058 550 2120 ab
572 2057 725 2122 instituti
748 2059 863 2122 nostri
884 2057 1023 2121 ratione
1042 2057 1214 2136 alienum;
1237 2058 1300 2122 sed
1318 2058 1422 2122 brevi
1442 2058 1512 2122 col·

276 2165 406 2248 loquiis
420 2162 579 2245 ejusdem
593 2162 710 2228 Patris
724 2163 938 2229 sententiam
954 2163 1123 2242 mutavit,
1139 2172 1178 2227 ut
1191 2163 1405 2244 intelligeret
1424 2164 1512 2228 nihil

276 2273 393 2352 magis
408 2289 494 2335 suae
508 2271 664 2336 dioecesi
678 2270 914 2351 profuturnm,
931 2270 1085 2350 quamsi
1100 2270 1297 2351 Collegium
1314 2289 1395 2336 cum
1409 2273 1510 2336 scho-

273 2381 319 2444 lis
335 2377 437 2459 juxta
456 2377 644 2442 Societatis
664 2387 809 2442 nostrae
828 2377 1019 2442 formulam
1038 2377 1254 2458 institueret,
1276 2387 1311 2442 et
1335 2379 1385 2443 ita
1404 2379 1511 2443 situm

276 2487 381 2552 valde
401 2486 549 2560 bonum,
566 2502 670 2566 quem
685 2485 721 2548 in
741 2484 849 2548 alium
865 2500 970 2548 usum
988 2493 1141 2563 emerat,
1163 2493 1199 2548 et
1219 2485 1256 2548 in
1271 2484 1373 2566 cujus
1393 2484 1510 2550 aedifi·

271 2595 370 2658 cium
383 2609 552 2672 magnam
567 2591 740 2671 pecuniae
757 2591 830 2654 vim
845 2601 1127 2672 consumpserat,
1144 2590 1303 2672 Collegio
1314 2601 1438 2656 nostro
1450 2609 1509 2673 ap-

275 2703 489 2783 plicaverat;
505 2712 539 2764 et
557 2700 677 2764 statim
699 2698 914 2763 architectos
932 2714 977 2763 ac
995 2699 1117 2763 fabros
1136 2700 1374 2780 congregavit
1394 2709 1429 2765 et
1449 2700 1509 2764 do·
1543 2698 1546 2705 '

271 2825 371 2872 mum
396 2824 476 2873 cum
501 2809 657 2871 claustro
683 2806 797 2870 medio
822 2806 859 2869 in
884 2814 1036 2887 quatuor
1060 2806 1174 2870 latera
1198 2805 1426 2887 distinctam,
1457 2808 1509 2873 sic

271 2914 463 2980 aedificare
487 2929 683 2994 aggressus
707 2924 771 2993 est,
798 2923 836 2977 ut
862 2930 947 2995 pars
960 2911 1109 2977 inferior
1127 2913 1165 2977 in
1178 2913 1381 2978 scholarum
1402 2932 1508 2979 usum

274 3021 431 3086 cederet.

334 3128 427 3193 2367.
469 3127 614 3192 Interim
626 3137 746 3191 autem
759 3127 843 3191 dum
858 3127 926 3191 hoc
937 3126 1139 3191 aedificium
1148 3126 1415 3206 conficiebatur,
1429 3144 1508 3207 par·

273 3246 347 3301 tem
362 3235 577 3316 episcopalis
590 3235 716 3298 domus
731 3234 837 3298 valde
856 3235 1126 3298 accommodam
1141 3236 1273 3299 nostris
1296 3234 1507 3315 assignavit,

271 3352 310 3408 et
324 3352 398 3407 tam
412 3342 448 3405 in
463 3341 629 3421 ecclesia,
647 3358 754 3422 quam
769 3341 958 3405 aedificare
974 3342 1209 3406 constituerat
1224 3340 1247 3420 ⁸,
1264 3351 1300 3405 et
1313 3359 1419 3407 saum
1432 3360 1508 3407 cor·

274 3469 342 3534 pus
363 3450 505 3530 sepeliri
527 3449 684 3527 volebat,
707 3465 813 3529 quam
828 3448 864 3512 in
884 3449 962 3530 ipsa
976 3457 1181 3514 nostrorum
1200 3450 1431 3530 habitatione,
1453 3433 1509 3547 ᾗ

272 3568 485 3632 ducatorum
501 3576 535 3629 et
550 3565 701 3645 amplius
715 3565 917 3645 expendere
931 3566 1130 3645 oportebat.
1151 3565 1288 3629 Dotare
1308 3574 1428 3630 autem
1447 3583 1507 3631 an·

273 3675 357 3739 nuis
377 3672 547 3739 reditibus
566 3673 645 3753 plus
667 3688 772 3750 quam
798 3672 892 3735 mille
917 3672 1127 3736 ducatorum
1142 3673 1179 3735 in
1199 3673 1317 3736 animo
1337 3671 1507 3752 habebat,

276 3800 344 3847 nec
363 3782 512 3846 obscure
533 3779 570 3843 id
589 3778 827 3859 significabat,
850 3789 884 3843 et
901 3777 976 3859 jam
995 3779 1070 3844 fere
1091 3780 1305 3861 quingentos
1319 3780 1384 3844 sub
1403 3778 1509 3844 tinem

320 3949 329 3982 Ι
357 3948 413 3993 Hoc
424 3947 449 3991 in
460 3949 516 3992 loco
528 3946 665 3997 Polancus,
676 3946 749 3999 quasi
758 3947 791 3989 ab
802 3944 904 4000 integro
912 3946 988 3990 lnitla
998 3945 1109 4002 Collegit
1121 3946 1247 3992 Marciani
1257 3948 1417 4003 auspicatus,
1427 3949 1510 3993 multa

276 4020 369 4073 refert,
387 4030 454 4074 quae
471 4018 504 4062 ad
521 4018 694 4072 praeteritam
711 4028 807 4061 annum
823 4024 956 4072 spectant.
972 4018 1045 4072 Quod
1061 4019 1170 4073 ipsemet
1187 4026 1313 4065 testatum
1330 4020 1414 4064 voluit
1430 4019 1509 4074 infra,

276 4102 294 4135 n
311 4090 374 4145 2388,
385 4091 426 4135 nia
437 4090 538 4135 verbis:
548 4088 598 4133 “Et
608 4090 736 4133 hactenns
745 4100 813 4133 anno
823 4090 882 4145 1555,
894 4101 960 4145 qnae
970 4090 1091 4146 diximus,
1101 4097 1163 4137 acta
1177 4091 1403 4147 inerunt.„-Vide
1419 4103 1509 4149 snpra,

275 4168 295 4205 t.
306 4175 332 4219 v,
343 4172 404 4217 pag.
411 4162 459 4213 534,
470 4174 495 4205 ιι.
507 4161 560 4204 1457
569 4168 595 4205 et
605 4172 668 4215 aeq.;
680 4158 803 4204 Litterae
812 4160 1045 4214 Quadrimestres,
1054 4170 1075 4207 t.
1084 4174 1124 4217 ιιι,
1133 4173 1193 4218 pag.
1201 4163 1251 4208 671.

317 4233 329 4265 ¹
355 4232 424 4278 Erat
434 4234 476 4278 hle
488 4232 637 4288 Stephanus
646 4232 678 4277 de
692 4233 830 4291 Almeydn.
840 4233 871 4277 de
882 4245 933 4289 quo
942 4235 1019 4288 plura
1034 4235 1277 4291 inveniantanpad
1294 4236 1410 4280 Alvarez
1419 4236 1445 4280 ln
1461 4234 1509 4280 Hi·

276 4304 362 4349 storia
373 4314 420 4349 ms.
432 4305 465 4349 de
475 4305 503 4350 la
513 4304 659 4349 Provincia
677 4305 711 4349 de
726 4305 843 4359 Aragon,
859 4307 903 4351 lib.
920 4307 942 4361 2,
958 4318 1016 4363 cap.
1032 4307 1060 4351 20
1075 4315 1102 4351 et
1112 4318 1170 4363 cap.
1180 4308 1311 4353 t7.-vlde
1328 4320 1417 4363 snpra,
1435 4313 1455 4353 t.
1472 4320 1510 4363 tv,

276 4388 337 4432 pag.
346 4375 396 4431 aaa,
407 4387 432 4419 n.
442 4376 491 4429 7³63
503 4381 522 4421 t.
533 4388 558 4430 v,
568 4387 632 4431 pag.
646 4376 694 4431 553,
705 4387 729 4421 n.
742 4376 802 4431 trau
814 4376 937 4422 Litterae
946 4377 1179 4432 Quadrimestres,
1187 4384 1208 4424 t.
1218 4390 1257 4435 ιιι,
1267 4391 1327 4435 pag.
1338 4379 1387 4433 671,
1397 4386 1424 4424 et
1440 4385 1459 4425 t.
1473 4391 1509 4435 rv,

272 4459 337 4503 pag.
348 4446 394 4491 185.
409 4446 504 4492 111ιιιιι
518 4448 588 4492 lltlus
604 4448 629 4492 ln
644 4448 777 4503 borglnnla
792 4448 900 4494 aedibus
915 4449 1033 4495 Gandiae
1052 4452 1248 4497 couversionem
1264 4456 1357 4497 armat
1375 4452 1509 4498 Acciana

276 4517 445 4565 Citroaairist.
458 4519 526 4563 data
536 4518 682 4563 Provincia
694 4519 726 4563 de
740 4518 845 4572 Toledo,
854 4526 874 4565 t.
886 4532 902 4573 1,
912 4531 972 4576 pag.
984 4520 1235 4576 roattnprrnorol·
1246 4533 1310 4568 vero
1318 4522 1445 4569 liarclanl
1454 4522 1514 4569 Col·

276 4588 348 4645 teglt,
358 4589 435 4643 iata„
443 4602 505 4646 pag.
514 4590 564 4643 2t2;
573 4590 762 4636 absolutionem
771 4591 888 4646 denlqne,
899 4591 975 4653 ibid,
984 4602 1046 4647 pag.
1054 4592 1106 4637 tal.

319 4660 331 4695 ⁸
359 4660 407 4707 lfa.
418 4662 583 4707 continebat.
