<?xml version="1.0" encoding="UTF-8"?>
<!DOCTYPE html PUBLIC "-//W3C//DTD XHTML 1.0 Transitional//EN"
    "http://www.w3.org/TR/xhtml1/DTD/xhtml1-transitional.dtd">
<html xmlns="http://www.w3.org/1999/xhtml" xml:lang="en" lang="en">
 <head>
  <title>
</title>
<meta http-equiv="Content-Type" content="text/html;charset=utf-8" />
  <meta name='ocr-system' content='tesseract 3.04.00' />
  <meta name='ocr-capabilities' content='ocr_page ocr_carea ocr_par ocr_line ocrx_word'/>
</head>
<body>
  <div class='ocr_page' id='page_1' title='image "./vitaignatiiloio00polagoog_0065.png"; bbox 0 0 3642 5350; ppageno 0'>
   <div class='ocr_carea' id='block_1_1' title="bbox 738 381 1457 460">
    <p class='ocr_par' dir='ltr' id='par_1_1' title="bbox 738 381 1457 460">
     <span class='ocr_line' id='line_1_1' title="bbox 738 381 1457 460; baseline 0 -20"><span class='ocrx_word' id='word_1_1' title='bbox 738 381 802 460; x_wconf 68' lang='lat' dir='ltr'>nx.</span> <span class='ocrx_word' id='word_1_2' title='bbox 826 383 895 442; x_wconf 76' lang='lat' dir='ltr'>rasa</span> <span class='ocrx_word' id='word_1_3' title='bbox 1394 382 1457 441; x_wconf 75' lang='lat' dir='ltr'>aa.</span> 
     </span>
    </p>
   </div>
   <div class='ocr_carea' id='block_1_2' title="bbox 183 526 1439 4139">
    <p class='ocr_par' dir='ltr' id='par_1_2' title="bbox 197 526 1433 710">
     <span class='ocr_line' id='line_1_2' title="bbox 197 526 1433 609; baseline 0.002 -20"><span class='ocrx_word' id='word_1_4' title='bbox 197 526 352 606; x_wconf 90' lang='lat' dir='ltr'>primum</span> <span class='ocrx_word' id='word_1_5' title='bbox 368 543 431 606; x_wconf 92' lang='lat' dir='ltr'>per</span> <span class='ocrx_word' id='word_1_6' title='bbox 446 527 684 590; x_wconf 88' lang='lat' dir='ltr'>valetudinem</span> <span class='ocrx_word' id='word_1_7' title='bbox 707 528 839 604; x_wconf 91' lang='lat' dir='ltr'>liceret,</span> <span class='ocrx_word' id='word_1_8' title='bbox 860 529 1092 608; x_wconf 79' lang='lat' dir='ltr'>promisisset,</span> <span class='ocrx_word' id='word_1_9' title='bbox 1114 528 1296 593; x_wconf 88' lang='lat' dir='ltr'>absolutus</span> <span class='ocrx_word' id='word_1_10' title='bbox 1315 545 1337 590; x_wconf 90' lang='lat' dir='ltr'>a</span> <span class='ocrx_word' id='word_1_11' title='bbox 1351 545 1433 609; x_wconf 92' lang='lat' dir='ltr'>pec·</span> 
     </span>
     <span class='ocr_line' id='line_1_3' title="bbox 200 634 848 710; baseline 0 -14"><span class='ocrx_word' id='word_1_12' title='bbox 200 635 302 710; x_wconf 76' lang='lat' dir='ltr'>catiS,</span> <span class='ocrx_word' id='word_1_13' title='bbox 319 634 440 698; x_wconf 89' lang='lat' dir='ltr'>statim</span> <span class='ocrx_word' id='word_1_14' title='bbox 454 653 499 698; x_wconf 82' lang='lat' dir='ltr'>ex</span> <span class='ocrx_word' id='word_1_15' title='bbox 515 635 583 698; x_wconf 89' lang='lat' dir='ltr'>hac</span> <span class='ocrx_word' id='word_1_16' title='bbox 594 635 668 700; x_wconf 85' lang='lat' dir='ltr'>vita</span> <span class='ocrx_word' id='word_1_17' title='bbox 690 635 848 698; x_wconf 85' lang='lat' dir='ltr'><strong>recessit.</strong></span> 
     </span>
    </p>

    <p class='ocr_par' dir='ltr' id='par_1_3' title="bbox 196 740 1434 2106">
     <span class='ocr_line' id='line_1_4' title="bbox 261 740 1432 821; baseline 0.002 -17"><span class='ocrx_word' id='word_1_18' title='bbox 261 740 329 804; x_wconf 89' lang='grc'>175.</span> <span class='ocrx_word' id='word_1_19' title='bbox 373 740 475 806; x_wconf 88' lang='lat' dir='ltr'>Alias</span> <span class='ocrx_word' id='word_1_20' title='bbox 490 741 596 805; x_wconf 89' lang='lat' dir='ltr'>etiam</span> <span class='ocrx_word' id='word_1_21' title='bbox 611 742 735 804; x_wconf 88' lang='lat' dir='ltr'>domos</span> <span class='ocrx_word' id='word_1_22' title='bbox 749 741 912 821; x_wconf 87' lang='lat' dir='ltr'>privatas</span> <span class='ocrx_word' id='word_1_23' title='bbox 933 743 979 806; x_wconf 88' lang='lat' dir='ltr'>ad</span> <span class='ocrx_word' id='word_1_24' title='bbox 999 741 1158 806; x_wconf 88' lang='lat' dir='ltr'>infirmos</span> <span class='ocrx_word' id='word_1_25' title='bbox 1172 743 1380 811; x_wconf 87' lang='lat' dir='ltr'>invisendos</span> <span class='ocrx_word' id='word_1_26' title='bbox 1395 752 1432 806; x_wconf 90' lang='lat' dir='ltr'>et</span> 
     </span>
     <span class='ocr_line' id='line_1_5' title="bbox 199 847 1432 916; baseline 0.002 -6"><span class='ocrx_word' id='word_1_27' title='bbox 199 865 324 911; x_wconf 89' lang='lat' dir='ltr'>eorum</span> <span class='ocrx_word' id='word_1_28' title='bbox 348 847 591 912; x_wconf 88' lang='lat' dir='ltr'>confessiones</span> <span class='ocrx_word' id='word_1_29' title='bbox 616 847 811 912; x_wconf 87' lang='lat' dir='ltr'>audiendas</span> <span class='ocrx_word' id='word_1_30' title='bbox 837 849 970 914; x_wconf 90' lang='lat' dir='ltr'>adibat.</span> <span class='ocrx_word' id='word_1_31' title='bbox 997 848 1127 916; x_wconf 88' lang='lat' dir='ltr'>Multos</span> <span class='ocrx_word' id='word_1_32' title='bbox 1151 850 1261 913; x_wconf 90' lang='lat' dir='ltr'>etiam</span> <span class='ocrx_word' id='word_1_33' title='bbox 1284 850 1375 914; x_wconf 92' lang='lat' dir='ltr'>inter</span> <span class='ocrx_word' id='word_1_34' title='bbox 1391 868 1432 913; x_wconf 88' lang='lat' dir='ltr'>se</span> 
     </span>
     <span class='ocr_line' id='line_1_6' title="bbox 199 955 1434 1038; baseline 0.001 -18"><span class='ocrx_word' id='word_1_35' title='bbox 199 955 411 1020; x_wconf 84' lang='lat' dir='ltr'>dissidentes</span> <span class='ocrx_word' id='word_1_36' title='bbox 426 956 461 1019; x_wconf 93' lang='lat' dir='ltr'>in</span> <span class='ocrx_word' id='word_1_37' title='bbox 476 956 670 1019; x_wconf 85' lang='lat' dir='ltr'>amicitiam</span> <span class='ocrx_word' id='word_1_38' title='bbox 695 958 840 1020; x_wconf 91' lang='lat' dir='ltr'>multam</span> <span class='ocrx_word' id='word_1_39' title='bbox 860 957 1011 1036; x_wconf 80' lang='lat' dir='ltr'>reduxit,</span> <span class='ocrx_word' id='word_1_40' title='bbox 1035 969 1070 1021; x_wconf 92' lang='lat' dir='ltr'>et</span> <span class='ocrx_word' id='word_1_41' title='bbox 1090 958 1149 1038; x_wconf 90' lang='lat' dir='ltr'>qul</span> <span class='ocrx_word' id='word_1_42' title='bbox 1169 959 1302 1037; x_wconf 81' lang='lat' dir='ltr'>aliquot</span> <span class='ocrx_word' id='word_1_43' title='bbox 1317 975 1434 1022; x_wconf 89' lang='lat' dir='ltr'>annos</span> 
     </span>
     <span class='ocr_line' id='line_1_7' title="bbox 198 1048 1430 1144; baseline 0.002 -18"><span class='ocrx_word' id='word_1_44' title='bbox 198 1063 243 1126; x_wconf 94' lang='lat' dir='ltr'>ob</span> <span class='ocrx_word' id='word_1_45' title='bbox 258 1048 460 1144; x_wconf 85' lang='lat' dir='ltr'>hujusmodi</span> <span class='ocrx_word' id='word_1_46' title='bbox 475 1062 554 1125; x_wconf 90' lang='lat' dir='ltr'>odia</span> <span class='ocrx_word' id='word_1_47' title='bbox 571 1081 592 1125; x_wconf 91' lang='lat' dir='ltr'>a</span> <span class='ocrx_word' id='word_1_48' title='bbox 605 1061 829 1126; x_wconf 88' lang='lat' dir='ltr'>confessione</span> <span class='ocrx_word' id='word_1_49' title='bbox 844 1063 1099 1142; x_wconf 82' lang='lat' dir='ltr'>abstinuerant,</span> <span class='ocrx_word' id='word_1_50' title='bbox 1119 1074 1200 1143; x_wconf 91' lang='lat' dir='ltr'>post</span> <span class='ocrx_word' id='word_1_51' title='bbox 1224 1063 1430 1128; x_wconf 88' lang='lat' dir='ltr'>reconcilia·</span> 
     </span>
     <span class='ocr_line' id='line_1_8' title="bbox 199 1168 1431 1251; baseline 0 -17"><span class='ocrx_word' id='word_1_52' title='bbox 199 1171 333 1234; x_wconf 90' lang='lat' dir='ltr'>tionem</span> <span class='ocrx_word' id='word_1_53' title='bbox 352 1169 572 1250; x_wconf 85' lang='lat' dir='ltr'>praedictam</span> <span class='ocrx_word' id='word_1_54' title='bbox 592 1169 746 1233; x_wconf 81' lang='lat' dir='ltr'>confessi</span> <span class='ocrx_word' id='word_1_55' title='bbox 766 1179 858 1234; x_wconf 89' lang='lat' dir='ltr'>sunt.</span> <span class='ocrx_word' id='word_1_56' title='bbox 883 1168 1109 1235; x_wconf 89' lang='lat' dir='ltr'>Concubinas</span> <span class='ocrx_word' id='word_1_57' title='bbox 1133 1171 1241 1234; x_wconf 90' lang='lat' dir='ltr'>etiam</span> <span class='ocrx_word' id='word_1_58' title='bbox 1259 1187 1330 1234; x_wconf 87' lang='lat' dir='ltr'>non</span> <span class='ocrx_word' id='word_1_59' title='bbox 1345 1187 1431 1251; x_wconf 89' lang='lat' dir='ltr'>pau·</span> 
     </span>
     <span class='ocr_line' id='line_1_9' title="bbox 198 1274 1429 1357; baseline 0 -17"><span class='ocrx_word' id='word_1_60' title='bbox 198 1294 261 1342; x_wconf 90' lang='lat' dir='ltr'>cas</span> <span class='ocrx_word' id='word_1_61' title='bbox 276 1274 352 1356; x_wconf 87' lang='lat' dir='ltr'>ejus</span> <span class='ocrx_word' id='word_1_62' title='bbox 368 1277 510 1340; x_wconf 91' lang='lat' dir='ltr'>hortatu</span> <span class='ocrx_word' id='word_1_63' title='bbox 525 1277 697 1354; x_wconf 78' lang='lat' dir='ltr'>homineS,</span> <span class='ocrx_word' id='word_1_64' title='bbox 718 1277 778 1357; x_wconf 92' lang='lat' dir='ltr'>qui</span> <span class='ocrx_word' id='word_1_65' title='bbox 798 1277 917 1340; x_wconf 86' lang='lat' dir='ltr'>multis</span> <span class='ocrx_word' id='word_1_66' title='bbox 941 1277 1045 1340; x_wconf 86' lang='lat' dir='ltr'>annis</span> <span class='ocrx_word' id='word_1_67' title='bbox 1070 1294 1151 1340; x_wconf 92' lang='lat' dir='ltr'>cum</span> <span class='ocrx_word' id='word_1_68' title='bbox 1175 1278 1226 1340; x_wconf 90' lang='lat' dir='ltr'>eis</span> <span class='ocrx_word' id='word_1_69' title='bbox 1250 1277 1429 1355; x_wconf 79' lang='lat' dir='ltr'>vixerant,</span> 
     </span>
     <span class='ocr_line' id='line_1_10' title="bbox 199 1383 1428 1465; baseline -0.002 -17"><span class='ocrx_word' id='word_1_70' title='bbox 199 1385 428 1465; x_wconf 89' lang='lat' dir='ltr'>reliquerunt,</span> <span class='ocrx_word' id='word_1_71' title='bbox 446 1393 479 1446; x_wconf 91' lang='lat' dir='ltr'>et</span> <span class='ocrx_word' id='word_1_72' title='bbox 494 1384 541 1446; x_wconf 87' lang='lat' dir='ltr'>ad</span> <span class='ocrx_word' id='word_1_73' title='bbox 555 1383 814 1447; x_wconf 80' lang='lat' dir='ltr'>confessionem</span> <span class='ocrx_word' id='word_1_74' title='bbox 829 1383 936 1447; x_wconf 89' lang='lat' dir='ltr'>etiam</span> <span class='ocrx_word' id='word_1_75' title='bbox 954 1383 1022 1463; x_wconf 91' lang='lat' dir='ltr'>ipsi</span> <span class='ocrx_word' id='word_1_76' title='bbox 1041 1392 1279 1449; x_wconf 89' lang='lat' dir='ltr'>accesserunt.</span> <span class='ocrx_word' id='word_1_77' title='bbox 1308 1383 1428 1464; x_wconf 86' lang='lat' dir='ltr'>Aliqui</span> 
     </span>
     <span class='ocr_line' id='line_1_11' title="bbox 197 1490 1430 1571; baseline 0 -17"><span class='ocrx_word' id='word_1_78' title='bbox 197 1491 306 1555; x_wconf 89' lang='lat' dir='ltr'>etiam</span> <span class='ocrx_word' id='word_1_79' title='bbox 320 1491 367 1556; x_wconf 92' lang='lat' dir='ltr'>ad</span> <span class='ocrx_word' id='word_1_80' title='bbox 381 1507 524 1566; x_wconf 82' lang='lat' dir='ltr'>uxores,</span> <span class='ocrx_word' id='word_1_81' title='bbox 539 1491 659 1554; x_wconf 92' lang='lat' dir='ltr'>multis</span> <span class='ocrx_word' id='word_1_82' title='bbox 674 1490 777 1553; x_wconf 90' lang='lat' dir='ltr'>annis</span> <span class='ocrx_word' id='word_1_83' title='bbox 792 1490 963 1567; x_wconf 77' lang='lat' dir='ltr'>desertaS,</span> <span class='ocrx_word' id='word_1_84' title='bbox 980 1507 1018 1552; x_wconf 89' lang='lat' dir='ltr'>se</span> <span class='ocrx_word' id='word_1_85' title='bbox 1032 1490 1220 1569; x_wconf 67' lang='lat' dir='ltr'>redituros</span> <span class='ocrx_word' id='word_1_86' title='bbox 1238 1498 1430 1571; x_wconf 89' lang='lat' dir='ltr'>postquam</span> 
     </span>
     <span class='ocr_line' id='line_1_12' title="bbox 198 1595 1426 1677; baseline 0 -17"><span class='ocrx_word' id='word_1_87' title='bbox 198 1596 312 1662; x_wconf 89' lang='lat' dir='ltr'>eidem</span> <span class='ocrx_word' id='word_1_88' title='bbox 335 1595 434 1660; x_wconf 90' lang='lat' dir='ltr'>Patri</span> <span class='ocrx_word' id='word_1_89' title='bbox 460 1596 730 1674; x_wconf 90' lang='lat' dir='ltr'>confessisunt,</span> <span class='ocrx_word' id='word_1_90' title='bbox 757 1597 1005 1677; x_wconf 89' lang='lat' dir='ltr'>promiserunt.</span> <span class='ocrx_word' id='word_1_91' title='bbox 1032 1596 1108 1659; x_wconf 91' lang='lat' dir='ltr'>Deo</span> <span class='ocrx_word' id='word_1_92' title='bbox 1133 1597 1240 1660; x_wconf 89' lang='lat' dir='ltr'>etiam</span> <span class='ocrx_word' id='word_1_93' title='bbox 1266 1596 1426 1676; x_wconf 84' lang='lat' dir='ltr'>juvante,</span> 
     </span>
     <span class='ocr_line' id='line_1_13' title="bbox 197 1703 1428 1785; baseline 0.001 -19"><span class='ocrx_word' id='word_1_94' title='bbox 197 1704 438 1785; x_wconf 88' lang='lat' dir='ltr'>blasphemiae</span> <span class='ocrx_word' id='word_1_95' title='bbox 453 1721 523 1767; x_wconf 94' lang='lat' dir='ltr'>non</span> <span class='ocrx_word' id='word_1_96' title='bbox 538 1705 588 1768; x_wconf 89' lang='lat' dir='ltr'>ita</span> <span class='ocrx_word' id='word_1_97' title='bbox 603 1703 848 1781; x_wconf 89' lang='lat' dir='ltr'>audiebantur,</span> <span class='ocrx_word' id='word_1_98' title='bbox 866 1712 904 1766; x_wconf 93' lang='lat' dir='ltr'>ut</span> <span class='ocrx_word' id='word_1_99' title='bbox 920 1704 1109 1784; x_wconf 85' lang='lat' dir='ltr'>aliquando</span> <span class='ocrx_word' id='word_1_100' title='bbox 1123 1704 1237 1767; x_wconf 89' lang='lat' dir='ltr'>audiri</span> <span class='ocrx_word' id='word_1_101' title='bbox 1252 1704 1428 1780; x_wconf 87' lang='lat' dir='ltr'>solebant;</span> 
     </span>
     <span class='ocr_line' id='line_1_14' title="bbox 197 1810 1428 1892; baseline -0.001 -18"><span class='ocrx_word' id='word_1_102' title='bbox 197 1821 232 1874; x_wconf 84' lang='lat' dir='ltr'>et</span> <span class='ocrx_word' id='word_1_103' title='bbox 257 1812 421 1892; x_wconf 86' lang='lat' dir='ltr'>quamvis</span> <span class='ocrx_word' id='word_1_104' title='bbox 446 1813 564 1892; x_wconf 85' lang='lat' dir='ltr'>aliqua</span> <span class='ocrx_word' id='word_1_105' title='bbox 589 1811 817 1891; x_wconf 88' lang='lat' dir='ltr'>personantia</span> <span class='ocrx_word' id='word_1_106' title='bbox 842 1810 1054 1891; x_wconf 89' lang='lat' dir='ltr'>quibusdam</span> <span class='ocrx_word' id='word_1_107' title='bbox 1082 1811 1256 1873; x_wconf 89' lang='lat' dir='ltr'>libertatis</span> <span class='ocrx_word' id='word_1_108' title='bbox 1281 1810 1428 1874; x_wconf 86' lang='lat' dir='ltr'>occasio</span> 
     </span>
     <span class='ocr_line' id='line_1_15' title="bbox 197 1915 1427 1997; baseline 0 -16"><span class='ocrx_word' id='word_1_109' title='bbox 197 1935 276 1982; x_wconf 91' lang='lat' dir='ltr'>esse</span> <span class='ocrx_word' id='word_1_110' title='bbox 293 1921 441 1997; x_wconf 88' lang='lat' dir='ltr'>soleant,</span> <span class='ocrx_word' id='word_1_111' title='bbox 458 1935 597 1981; x_wconf 85' lang='lat' dir='ltr'>morum</span> <span class='ocrx_word' id='word_1_112' title='bbox 612 1927 731 1981; x_wconf 89' lang='lat' dir='ltr'>tamen</span> <span class='ocrx_word' id='word_1_113' title='bbox 747 1919 894 1982; x_wconf 90' lang='lat' dir='ltr'>mutatio</span> <span class='ocrx_word' id='word_1_114' title='bbox 914 1918 950 1981; x_wconf 91' lang='lat' dir='ltr'>in</span> <span class='ocrx_word' id='word_1_115' title='bbox 970 1919 1108 1996; x_wconf 90' lang='lat' dir='ltr'>melius,</span> <span class='ocrx_word' id='word_1_116' title='bbox 1128 1917 1205 1980; x_wconf 91' lang='lat' dir='ltr'>Deo</span> <span class='ocrx_word' id='word_1_117' title='bbox 1222 1915 1427 1996; x_wconf 86' lang='lat' dir='ltr'>adjuvante,</span> 
     </span>
     <span class='ocr_line' id='line_1_16' title="bbox 196 2023 574 2106; baseline -0.003 -17"><span class='ocrx_word' id='word_1_118' title='bbox 196 2023 333 2106; x_wconf 80' lang='lat' dir='ltr'>Tyburi</span> <span class='ocrx_word' id='word_1_119' title='bbox 353 2025 574 2088; x_wconf 89' lang='lat' dir='ltr'>cernebatur.</span> 
     </span>
    </p>

    <p class='ocr_par' dir='ltr' id='par_1_4' title="bbox 183 2131 1439 3069">
     <span class='ocr_line' id='line_1_17' title="bbox 259 2131 1427 2215; baseline 0.001 -21"><span class='ocrx_word' id='word_1_120' title='bbox 259 2131 326 2197; x_wconf 91' lang='lat'>176.</span> <span class='ocrx_word' id='word_1_121' title='bbox 369 2131 557 2212; x_wconf 84' lang='lat' dir='ltr'>Vigesima</span> <span class='ocrx_word' id='word_1_122' title='bbox 571 2142 701 2196; x_wconf 93' lang='lat' dir='ltr'>octava</span> <span class='ocrx_word' id='word_1_123' title='bbox 714 2133 809 2215; x_wconf 91' lang='lat' dir='ltr'>Julii,</span> <span class='ocrx_word' id='word_1_124' title='bbox 826 2132 937 2211; x_wconf 89' lang='lat' dir='ltr'>idest,</span> <span class='ocrx_word' id='word_1_125' title='bbox 951 2132 1138 2212; x_wconf 91' lang='lat' dir='ltr'>quatriduo</span> <span class='ocrx_word' id='word_1_126' title='bbox 1151 2143 1233 2194; x_wconf 90' lang='lat' dir='ltr'>ante</span> <span class='ocrx_word' id='word_1_127' title='bbox 1244 2132 1282 2194; x_wconf 90' lang='lat' dir='ltr'>P.</span> <span class='ocrx_word' id='word_1_128' title='bbox 1296 2131 1427 2210; x_wconf 84' lang='lat' dir='ltr'>Ignatii</span> 
     </span>
     <span class='ocr_line' id='line_1_18' title="bbox 195 2237 1425 2318; baseline -0.002 -16"><span class='ocrx_word' id='word_1_129' title='bbox 195 2239 340 2318; x_wconf 91' lang='lat' dir='ltr'>obitum,</span> <span class='ocrx_word' id='word_1_130' title='bbox 366 2237 541 2303; x_wconf 91' lang='lat' dir='ltr'>Dominus</span> <span class='ocrx_word' id='word_1_131' title='bbox 565 2239 778 2303; x_wconf 85' lang='lat' dir='ltr'>Laurentius</span> <span class='ocrx_word' id='word_1_132' title='bbox 797 2240 840 2302; x_wconf 89' lang='lat' dir='ltr'>de</span> <span class='ocrx_word' id='word_1_133' title='bbox 859 2239 1042 2318; x_wconf 78' lang='lat' dir='ltr'>VirilibuS,</span> <span class='ocrx_word' id='word_1_134' title='bbox 1064 2238 1211 2318; x_wconf 84' lang='lat' dir='ltr'>Collegii</span> <span class='ocrx_word' id='word_1_135' title='bbox 1236 2238 1425 2318; x_wconf 88' lang='lat' dir='ltr'>Tybuttini</span> 
     </span>
     <span class='ocr_line' id='line_1_19' title="bbox 183 2345 1424 2425; baseline -0.001 -17"><span class='ocrx_word' id='word_1_136' title='bbox 183 2345 362 2410; x_wconf 87' lang='lat' dir='ltr'>fundator</span> <span class='ocrx_word' id='word_1_137' title='bbox 379 2345 399 2425; x_wconf 85' lang='lat'>¹,</span> <span class='ocrx_word' id='word_1_138' title='bbox 417 2346 508 2410; x_wconf 92' lang='lat' dir='ltr'>diem</span> <span class='ocrx_word' id='word_1_139' title='bbox 524 2347 652 2411; x_wconf 88' lang='lat' dir='ltr'>clausit</span> <span class='ocrx_word' id='word_1_140' title='bbox 665 2356 875 2424; x_wconf 86' lang='lat' dir='ltr'>extremum,</span> <span class='ocrx_word' id='word_1_141' title='bbox 892 2346 950 2410; x_wconf 93' lang='lat' dir='ltr'>cui</span> <span class='ocrx_word' id='word_1_142' title='bbox 965 2346 1010 2410; x_wconf 88' lang='lat' dir='ltr'>ad</span> <span class='ocrx_word' id='word_1_143' title='bbox 1026 2347 1186 2409; x_wconf 92' lang='lat' dir='ltr'>ultimum</span> <span class='ocrx_word' id='word_1_144' title='bbox 1197 2362 1308 2424; x_wconf 89' lang='lat' dir='ltr'>usque</span> <span class='ocrx_word' id='word_1_145' title='bbox 1323 2345 1424 2425; x_wconf 91' lang='lat' dir='ltr'>spiri-</span> 
     </span>
     <span class='ocr_line' id='line_1_20' title="bbox 196 2451 1439 2518; baseline -0.006 -2"><span class='ocrx_word' id='word_1_146' title='bbox 196 2463 271 2518; x_wconf 89' lang='lat' dir='ltr'>tum</span> <span class='ocrx_word' id='word_1_147' title='bbox 284 2451 324 2516; x_wconf 91' lang='lat' dir='ltr'>P.</span> <span class='ocrx_word' id='word_1_148' title='bbox 339 2453 553 2517; x_wconf 86' lang='lat' dir='ltr'>Laurentius</span> <span class='ocrx_word' id='word_1_149' title='bbox 569 2453 690 2517; x_wconf 88' lang='lat' dir='ltr'>adfuit.</span> <span class='ocrx_word' id='word_1_150' title='bbox 718 2455 853 2517; x_wconf 89' lang='lat' dir='ltr'>Bonum</span> <span class='ocrx_word' id='word_1_151' title='bbox 875 2455 973 2516; x_wconf 92' lang='lat' dir='ltr'>illum</span> <span class='ocrx_word' id='word_1_152' title='bbox 991 2462 1025 2516; x_wconf 94' lang='lat' dir='ltr'>et</span> <span class='ocrx_word' id='word_1_153' title='bbox 1044 2453 1181 2516; x_wconf 90' lang='lat' dir='ltr'>fidelem</span> <span class='ocrx_word' id='word_1_154' title='bbox 1197 2452 1264 2514; x_wconf 89' lang='lat' dir='ltr'>Dei</span> <span class='ocrx_word' id='word_1_155' title='bbox 1279 2469 1439 2516; x_wconf 88' lang='lat' dir='ltr'>servum.</span> 
     </span>
     <span class='ocr_line' id='line_1_21' title="bbox 194 2559 1423 2640; baseline 0.001 -18"><span class='ocrx_word' id='word_1_156' title='bbox 194 2569 229 2622; x_wconf 92' lang='lat' dir='ltr'>et</span> <span class='ocrx_word' id='word_1_157' title='bbox 243 2559 525 2640; x_wconf 88' lang='lat' dir='ltr'>dispensatorem</span> <span class='ocrx_word' id='word_1_158' title='bbox 541 2560 749 2640; x_wconf 88' lang='lat' dir='ltr'>prudentem</span> <span class='ocrx_word' id='word_1_159' title='bbox 764 2560 948 2638; x_wconf 91' lang='lat' dir='ltr'>bonorum,</span> <span class='ocrx_word' id='word_1_160' title='bbox 966 2577 1057 2640; x_wconf 91' lang='lat' dir='ltr'>quae</span> <span class='ocrx_word' id='word_1_161' title='bbox 1073 2579 1093 2623; x_wconf 88' lang='lat' dir='ltr'>a</span> <span class='ocrx_word' id='word_1_162' title='bbox 1108 2559 1261 2622; x_wconf 91' lang='lat' dir='ltr'>Domino</span> <span class='ocrx_word' id='word_1_163' title='bbox 1278 2577 1423 2639; x_wconf 88' lang='lat' dir='ltr'>accepe-</span> 
     </span>
     <span class='ocr_line' id='line_1_22' title="bbox 196 2664 1423 2748; baseline 0.001 -19"><span class='ocrx_word' id='word_1_164' title='bbox 196 2676 261 2747; x_wconf 89' lang='lat' dir='ltr'>rat,</span> <span class='ocrx_word' id='word_1_165' title='bbox 278 2666 397 2745; x_wconf 90' lang='lat' dir='ltr'>fuisse,</span> <span class='ocrx_word' id='word_1_166' title='bbox 414 2678 495 2747; x_wconf 92' lang='lat' dir='ltr'>post</span> <span class='ocrx_word' id='word_1_167' title='bbox 510 2676 659 2731; x_wconf 88' lang='lat' dir='ltr'>mortem</span> <span class='ocrx_word' id='word_1_168' title='bbox 673 2664 748 2747; x_wconf 87' lang='lat' dir='ltr'>ejus</span> <span class='ocrx_word' id='word_1_169' title='bbox 764 2668 867 2748; x_wconf 89' lang='lat' dir='ltr'>plane</span> <span class='ocrx_word' id='word_1_170' title='bbox 883 2667 1058 2748; x_wconf 73' lang='lat' dir='ltr'>apparuit,</span> <span class='ocrx_word' id='word_1_171' title='bbox 1075 2667 1215 2747; x_wconf 88' lang='lat' dir='ltr'>plurimi</span> <span class='ocrx_word' id='word_1_172' title='bbox 1230 2666 1322 2730; x_wconf 90' lang='lat' dir='ltr'>enim</span> <span class='ocrx_word' id='word_1_173' title='bbox 1338 2685 1423 2747; x_wconf 91' lang='lat' dir='ltr'>pau-</span> 
     </span>
     <span class='ocr_line' id='line_1_23' title="bbox 196 2775 1423 2855; baseline 0.001 -18"><span class='ocrx_word' id='word_1_174' title='bbox 196 2791 309 2853; x_wconf 76' lang='lat' dir='ltr'>pereS,</span> <span class='ocrx_word' id='word_1_175' title='bbox 335 2792 425 2855; x_wconf 91' lang='lat' dir='ltr'>quos</span> <span class='ocrx_word' id='word_1_176' title='bbox 450 2786 588 2837; x_wconf 89' lang='lat' dir='ltr'>secreto</span> <span class='ocrx_word' id='word_1_177' title='bbox 613 2775 687 2839; x_wconf 89' lang='lat' dir='ltr'>suis</span> <span class='ocrx_word' id='word_1_178' title='bbox 710 2775 879 2855; x_wconf 88' lang='lat' dir='ltr'>impensis</span> <span class='ocrx_word' id='word_1_179' title='bbox 904 2776 1032 2852; x_wconf 91' lang='lat' dir='ltr'>alebat,</span> <span class='ocrx_word' id='word_1_180' title='bbox 1054 2776 1110 2837; x_wconf 89' lang='lat' dir='ltr'>vel</span> <span class='ocrx_word' id='word_1_181' title='bbox 1135 2776 1186 2837; x_wconf 90' lang='lat' dir='ltr'>eis</span> <span class='ocrx_word' id='word_1_182' title='bbox 1206 2776 1423 2853; x_wconf 87' lang='lat' dir='ltr'>necessaria,</span> 
     </span>
     <span class='ocr_line' id='line_1_24' title="bbox 196 2882 1421 2962; baseline 0.001 -18"><span class='ocrx_word' id='word_1_183' title='bbox 196 2898 274 2945; x_wconf 93' lang='lat' dir='ltr'>cum</span> <span class='ocrx_word' id='word_1_184' title='bbox 289 2882 453 2961; x_wconf 86' lang='lat' dir='ltr'>egebant,</span> <span class='ocrx_word' id='word_1_185' title='bbox 470 2882 771 2961; x_wconf 88' lang='lat' dir='ltr'>subministrabat,</span> <span class='ocrx_word' id='word_1_186' title='bbox 788 2900 868 2946; x_wconf 90' lang='lat' dir='ltr'>cum</span> <span class='ocrx_word' id='word_1_187' title='bbox 883 2883 1001 2946; x_wconf 90' lang='lat' dir='ltr'>multis</span> <span class='ocrx_word' id='word_1_188' title='bbox 1021 2882 1190 2961; x_wconf 87' lang='lat' dir='ltr'>lacrymis</span> <span class='ocrx_word' id='word_1_189' title='bbox 1209 2900 1252 2944; x_wconf 87' lang='lat' dir='ltr'>ac</span> <span class='ocrx_word' id='word_1_190' title='bbox 1275 2883 1421 2962; x_wconf 87' lang='lat' dir='ltr'>plancti-</span> 
     </span>
     <span class='ocr_line' id='line_1_25' title="bbox 195 2988 1208 3069; baseline 0 -18"><span class='ocrx_word' id='word_1_191' title='bbox 195 2988 271 3067; x_wconf 93' lang='lat' dir='ltr'>bus,</span> <span class='ocrx_word' id='word_1_192' title='bbox 288 2988 434 3069; x_wconf 91' lang='lat' dir='ltr'>perinde</span> <span class='ocrx_word' id='word_1_193' title='bbox 449 3007 491 3053; x_wconf 89' lang='lat' dir='ltr'>ac</span> <span class='ocrx_word' id='word_1_194' title='bbox 507 2999 644 3069; x_wconf 89' lang='lat' dir='ltr'>patrem</span> <span class='ocrx_word' id='word_1_195' title='bbox 659 2990 815 3053; x_wconf 91' lang='lat' dir='ltr'>omnium</span> <span class='ocrx_word' id='word_1_196' title='bbox 830 2990 999 3069; x_wconf 90' lang='lat' dir='ltr'>ipsorum,</span> <span class='ocrx_word' id='word_1_197' title='bbox 1016 2988 1208 3052; x_wconf 89' lang='lat' dir='ltr'>deflebant..</span> 
     </span>
    </p>

    <p class='ocr_par' dir='ltr' id='par_1_5' title="bbox 195 3095 1425 3602">
     <span class='ocr_line' id='line_1_26' title="bbox 258 3095 1423 3175; baseline 0 -18"><span class='ocrx_word' id='word_1_198' title='bbox 258 3096 325 3157; x_wconf 88' lang='grc'><strong>177.</strong></span> <span class='ocrx_word' id='word_1_199' title='bbox 368 3095 517 3175; x_wconf 85' lang='lat' dir='ltr'>Sepeliri</span> <span class='ocrx_word' id='word_1_200' title='bbox 538 3096 651 3159; x_wconf 88' lang='lat' dir='ltr'>voluit</span> <span class='ocrx_word' id='word_1_201' title='bbox 670 3096 706 3159; x_wconf 92' lang='lat' dir='ltr'>in</span> <span class='ocrx_word' id='word_1_202' title='bbox 725 3096 876 3159; x_wconf 89' lang='lat' dir='ltr'>ecclesia</span> <span class='ocrx_word' id='word_1_203' title='bbox 901 3105 1035 3173; x_wconf 89' lang='lat' dir='ltr'>nostra,</span> <span class='ocrx_word' id='word_1_204' title='bbox 1060 3105 1094 3159; x_wconf 91' lang='lat' dir='ltr'>et</span> <span class='ocrx_word' id='word_1_205' title='bbox 1118 3096 1193 3175; x_wconf 77' lang='lat' dir='ltr'>eJus</span> <span class='ocrx_word' id='word_1_206' title='bbox 1214 3096 1319 3158; x_wconf 88' lang='lat' dir='ltr'>funus</span> <span class='ocrx_word' id='word_1_207' title='bbox 1341 3095 1423 3175; x_wconf 92' lang='lat' dir='ltr'>Epi-</span> 
     </span>
     <span class='ocr_line' id='line_1_27' title="bbox 195 3202 1425 3283; baseline -0.001 -18"><span class='ocrx_word' id='word_1_208' title='bbox 195 3218 323 3283; x_wconf 89' lang='lat' dir='ltr'>scopus</span> <span class='ocrx_word' id='word_1_209' title='bbox 345 3220 426 3267; x_wconf 92' lang='lat' dir='ltr'>cum</span> <span class='ocrx_word' id='word_1_210' title='bbox 448 3204 609 3266; x_wconf 89' lang='lat' dir='ltr'>omnibus</span> <span class='ocrx_word' id='word_1_211' title='bbox 632 3204 815 3267; x_wconf 88' lang='lat' dir='ltr'>canonicis</span> <span class='ocrx_word' id='word_1_212' title='bbox 838 3204 1028 3266; x_wconf 87' lang='lat' dir='ltr'>comitatus</span> <span class='ocrx_word' id='word_1_213' title='bbox 1049 3213 1113 3281; x_wconf 91' lang='lat' dir='ltr'>est;</span> <span class='ocrx_word' id='word_1_214' title='bbox 1130 3213 1165 3266; x_wconf 90' lang='lat' dir='ltr'>et</span> <span class='ocrx_word' id='word_1_215' title='bbox 1184 3202 1221 3265; x_wconf 85' lang='lat' dir='ltr'>P.</span> <span class='ocrx_word' id='word_1_216' title='bbox 1239 3203 1425 3265; x_wconf 86' lang='lat' dir='ltr'>Bobadilla</span> 
     </span>
     <span class='ocr_line' id='line_1_28' title="bbox 195 3309 1423 3389; baseline -0.001 -17"><span class='ocrx_word' id='word_1_217' title='bbox 195 3312 401 3373; x_wconf 90' lang='lat' dir='ltr'>concionem</span> <span class='ocrx_word' id='word_1_218' title='bbox 416 3309 452 3372; x_wconf 92' lang='lat' dir='ltr'>in</span> <span class='ocrx_word' id='word_1_219' title='bbox 467 3310 590 3373; x_wconf 86' lang='lat' dir='ltr'>eodem</span> <span class='ocrx_word' id='word_1_220' title='bbox 605 3309 728 3373; x_wconf 88' lang='lat' dir='ltr'>funere</span> <span class='ocrx_word' id='word_1_221' title='bbox 743 3310 876 3387; x_wconf 86' lang='lat' dir='ltr'>habuit,</span> <span class='ocrx_word' id='word_1_222' title='bbox 893 3325 976 3389; x_wconf 87' lang='lat' dir='ltr'>qua,</span> <span class='ocrx_word' id='word_1_223' title='bbox 999 3310 1077 3389; x_wconf 92' lang='lat' dir='ltr'>quis</span> <span class='ocrx_word' id='word_1_224' title='bbox 1102 3318 1195 3372; x_wconf 89' lang='lat' dir='ltr'>esset</span> <span class='ocrx_word' id='word_1_225' title='bbox 1217 3310 1328 3373; x_wconf 88' lang='lat' dir='ltr'>fidelis</span> <span class='ocrx_word' id='word_1_226' title='bbox 1350 3326 1423 3372; x_wconf 89' lang='lat' dir='ltr'>ser·</span> 
     </span>
     <span class='ocr_line' id='line_1_29' title="bbox 195 3416 1424 3497; baseline 0.003 -22"><span class='ocrx_word' id='word_1_227' title='bbox 195 3432 260 3479; x_wconf 89' lang='lat' dir='ltr'>vus</span> <span class='ocrx_word' id='word_1_228' title='bbox 273 3427 308 3480; x_wconf 91' lang='lat' dir='ltr'>et</span> <span class='ocrx_word' id='word_1_229' title='bbox 322 3416 489 3496; x_wconf 76' lang='lat' dir='ltr'>prudenS,</span> <span class='ocrx_word' id='word_1_230' title='bbox 506 3417 565 3497; x_wconf 91' lang='lat' dir='ltr'>qui</span> <span class='ocrx_word' id='word_1_231' title='bbox 580 3417 736 3497; x_wconf 89' lang='lat' dir='ltr'>acceptis</span> <span class='ocrx_word' id='word_1_232' title='bbox 751 3434 772 3479; x_wconf 91' lang='lat' dir='ltr'>a</span> <span class='ocrx_word' id='word_1_233' title='bbox 787 3416 941 3480; x_wconf 90' lang='lat' dir='ltr'>Domino</span> <span class='ocrx_word' id='word_1_234' title='bbox 957 3416 1099 3479; x_wconf 86' lang='lat' dir='ltr'>talentis</span> <span class='ocrx_word' id='word_1_235' title='bbox 1119 3416 1207 3479; x_wconf 89' lang='lat' dir='ltr'>bene</span> <span class='ocrx_word' id='word_1_236' title='bbox 1222 3418 1424 3495; x_wconf 84' lang='lat' dir='ltr'>negotiare·</span> 
     </span>
     <span class='ocr_line' id='line_1_30' title="bbox 196 3522 897 3602; baseline 0.003 -17"><span class='ocrx_word' id='word_1_237' title='bbox 196 3532 262 3602; x_wconf 90' lang='lat' dir='ltr'>tur,</span> <span class='ocrx_word' id='word_1_238' title='bbox 279 3523 435 3587; x_wconf 88' lang='lat' dir='ltr'>defuncti</span> <span class='ocrx_word' id='word_1_239' title='bbox 449 3523 553 3587; x_wconf 88' lang='lat' dir='ltr'>factis</span> <span class='ocrx_word' id='word_1_240' title='bbox 567 3522 579 3554; x_wconf 82' lang='lat'><strong>¹</strong></span> <span class='ocrx_word' id='word_1_241' title='bbox 594 3524 897 3587; x_wconf 88' lang='lat' dir='ltr'>commonstravit.</span> 
     </span>
    </p>

    <p class='ocr_par' dir='ltr' id='par_1_6' title="bbox 194 3628 1423 4139">
     <span class='ocr_line' id='line_1_31' title="bbox 255 3628 1422 3712; baseline 0.001 -20"><span class='ocrx_word' id='word_1_242' title='bbox 255 3628 322 3693; x_wconf 89' lang='grc'>178.</span> <span class='ocrx_word' id='word_1_243' title='bbox 366 3630 488 3694; x_wconf 92' lang='lat' dir='ltr'>Voluit</span> <span class='ocrx_word' id='word_1_244' title='bbox 504 3640 622 3694; x_wconf 90' lang='lat' dir='ltr'>autem</span> <span class='ocrx_word' id='word_1_245' title='bbox 643 3631 723 3712; x_wconf 91' lang='lat' dir='ltr'>pius</span> <span class='ocrx_word' id='word_1_246' title='bbox 742 3648 785 3693; x_wconf 91' lang='lat' dir='ltr'>ac</span> <span class='ocrx_word' id='word_1_247' title='bbox 801 3630 942 3693; x_wconf 90' lang='lat' dir='ltr'>humilis</span> <span class='ocrx_word' id='word_1_248' title='bbox 966 3631 1023 3693; x_wconf 89' lang='lat' dir='ltr'>vir</span> <span class='ocrx_word' id='word_1_249' title='bbox 1043 3631 1119 3693; x_wconf 89' lang='lat' dir='ltr'>sine</span> <span class='ocrx_word' id='word_1_250' title='bbox 1133 3631 1203 3693; x_wconf 94' lang='lat' dir='ltr'>ullo</span> <span class='ocrx_word' id='word_1_251' title='bbox 1219 3648 1422 3694; x_wconf 91' lang='lat' dir='ltr'>marmoreo</span> 
     </span>
     <span class='ocr_line' id='line_1_32' title="bbox 195 3736 1420 3819; baseline 0.002 -20"><span class='ocrx_word' id='word_1_252' title='bbox 195 3748 419 3802; x_wconf 91' lang='lat' dir='ltr'>monumento</span> <span class='ocrx_word' id='word_1_253' title='bbox 439 3740 496 3802; x_wconf 82' lang='lat' dir='ltr'>vel</span> <span class='ocrx_word' id='word_1_254' title='bbox 515 3738 706 3819; x_wconf 90' lang='lat' dir='ltr'>epitaphio,</span> <span class='ocrx_word' id='word_1_255' title='bbox 729 3745 790 3801; x_wconf 89' lang='lat' dir='ltr'>aut</span> <span class='ocrx_word' id='word_1_256' title='bbox 810 3738 888 3801; x_wconf 90' lang='lat' dir='ltr'>aliis</span> <span class='ocrx_word' id='word_1_257' title='bbox 910 3736 1111 3816; x_wconf 89' lang='lat' dir='ltr'>hujusmodi</span> <span class='ocrx_word' id='word_1_258' title='bbox 1134 3739 1239 3800; x_wconf 90' lang='lat' dir='ltr'>rebus</span> <span class='ocrx_word' id='word_1_259' title='bbox 1259 3737 1305 3801; x_wconf 89' lang='lat' dir='ltr'>ad</span> <span class='ocrx_word' id='word_1_260' title='bbox 1324 3754 1420 3818; x_wconf 39' lang='lat' dir='ltr'>pom*</span> 
     </span>
     <span class='ocr_line' id='line_1_33' title="bbox 194 3844 1421 3925; baseline 0.001 -19"><span class='ocrx_word' id='word_1_261' title='bbox 194 3860 275 3922; x_wconf 92' lang='lat' dir='ltr'>pam</span> <span class='ocrx_word' id='word_1_262' title='bbox 290 3845 556 3924; x_wconf 91' lang='lat' dir='ltr'>pertinentibus,</span> <span class='ocrx_word' id='word_1_263' title='bbox 573 3845 726 3925; x_wconf 91' lang='lat' dir='ltr'>sepeliri.</span> <span class='ocrx_word' id='word_1_264' title='bbox 743 3844 918 3908; x_wconf 88' lang='lat' dir='ltr'>Sacerdos</span> <span class='ocrx_word' id='word_1_265' title='bbox 934 3856 1022 3924; x_wconf 88' lang='lat' dir='ltr'>erat;</span> <span class='ocrx_word' id='word_1_266' title='bbox 1044 3856 1078 3907; x_wconf 92' lang='lat' dir='ltr'>et</span> <span class='ocrx_word' id='word_1_267' title='bbox 1093 3846 1326 3908; x_wconf 88' lang='lat' dir='ltr'>sacramentis</span> <span class='ocrx_word' id='word_1_268' title='bbox 1341 3863 1421 3907; x_wconf 90' lang='lat' dir='ltr'>san·</span> 
     </span>
     <span class='ocr_line' id='line_1_34' title="bbox 194 3950 1423 4032; baseline 0.003 -21"><span class='ocrx_word' id='word_1_269' title='bbox 194 3951 259 4013; x_wconf 88' lang='lat' dir='ltr'>ctis</span> <span class='ocrx_word' id='word_1_270' title='bbox 274 3952 441 4031; x_wconf 82' lang='lat' dir='ltr'>munituS,</span> <span class='ocrx_word' id='word_1_271' title='bbox 458 3962 492 4016; x_wconf 91' lang='lat' dir='ltr'>et</span> <span class='ocrx_word' id='word_1_272' title='bbox 507 3952 749 4032; x_wconf 90' lang='lat' dir='ltr'>spiritualibus</span> <span class='ocrx_word' id='word_1_273' title='bbox 775 3950 812 4015; x_wconf 88' lang='grc' dir='ltr'>Ρ.</span> <span class='ocrx_word' id='word_1_274' title='bbox 829 3951 1013 4015; x_wconf 91' lang='lat' dir='ltr'>Laurentii</span> <span class='ocrx_word' id='word_1_275' title='bbox 1027 3953 1249 4016; x_wconf 90' lang='lat' dir='ltr'>sermonibus</span> <span class='ocrx_word' id='word_1_276' title='bbox 1265 3950 1423 4031; x_wconf 77' lang='lat' dir='ltr'>adjutuS,</span> 
     </span>
     <span class='ocr_line' id='line_1_35' title="bbox 194 4058 666 4139; baseline -0.004 -19"><span class='ocrx_word' id='word_1_277' title='bbox 194 4059 239 4120; x_wconf 85' lang='lat' dir='ltr'>ad</span> <span class='ocrx_word' id='word_1_278' title='bbox 254 4058 444 4122; x_wconf 91' lang='lat' dir='ltr'>Dominum</span> <span class='ocrx_word' id='word_1_279' title='bbox 459 4059 629 4139; x_wconf 83' lang='lat' dir='ltr'>migravit</span> <span class='ocrx_word' id='word_1_280' title='bbox 644 4058 666 4118; x_wconf 74' lang='lat'>⁵.</span> 
     </span>
    </p>
   </div>
   <div class='ocr_carea' id='block_1_3' title="bbox 189 4262 1423 4679">
    <p class='ocr_par' dir='ltr' id='par_1_7' title="bbox 233 4262 712 4320">
     <span class='ocr_line' id='line_1_36' title="bbox 233 4262 712 4320; baseline 0.004 -13"><span class='ocrx_word' id='word_1_281' title='bbox 233 4264 246 4306; x_wconf 79' lang='grc' dir='ltr'>Ι,</span> <span class='ocrx_word' id='word_1_282' title='bbox 270 4262 338 4307; x_wconf 86' lang='lat' dir='ltr'>Vlde</span> <span class='ocrx_word' id='word_1_283' title='bbox 348 4276 434 4319; x_wconf 76' lang='lat' dir='ltr'>supra,</span> <span class='ocrx_word' id='word_1_284' title='bbox 445 4274 464 4308; x_wconf 91' lang='lat' dir='ltr'>t.</span> <span class='ocrx_word' id='word_1_285' title='bbox 476 4276 502 4320; x_wconf 83' lang='lat' dir='ltr'>v,</span> <span class='ocrx_word' id='word_1_286' title='bbox 513 4276 575 4320; x_wconf 75' lang='lat' dir='ltr'>pag.</span> <span class='ocrx_word' id='word_1_287' title='bbox 584 4265 618 4316; x_wconf 72' lang='lat'>51.</span> <span class='ocrx_word' id='word_1_288' title='bbox 628 4276 652 4309; x_wconf 92' lang='lat' dir='ltr'>n.</span> <span class='ocrx_word' id='word_1_289' title='bbox 666 4264 712 4309; x_wconf 77' lang='lat'>109.</span> 
     </span>
    </p>

    <p class='ocr_par' dir='ltr' id='par_1_8' title="bbox 189 4332 1423 4608">
     <span class='ocr_line' id='line_1_37' title="bbox 230 4332 1423 4392; baseline 0 -11"><span class='ocrx_word' id='word_1_290' title='bbox 230 4332 241 4365; x_wconf 81' lang='lat'><strong>¹</strong></span> <span class='ocrx_word' id='word_1_291' title='bbox 269 4336 320 4381; x_wconf 79' lang='lat' dir='ltr'>Ubi</span> <span class='ocrx_word' id='word_1_292' title='bbox 330 4347 375 4380; x_wconf 76' lang='lat' dir='ltr'>nou</span> <span class='ocrx_word' id='word_1_293' title='bbox 383 4336 469 4391; x_wconf 77' lang='lat' dir='ltr'>sucus</span> <span class='ocrx_word' id='word_1_294' title='bbox 478 4338 622 4390; x_wconf 77' lang='lat' dir='ltr'>scriblmus,</span> <span class='ocrx_word' id='word_1_295' title='bbox 635 4347 682 4383; x_wconf 83' lang='lat' dir='ltr'>ms.</span> <span class='ocrx_word' id='word_1_296' title='bbox 692 4338 807 4381; x_wconf 75' lang='lat' dir='ltr'>habebat</span> <span class='ocrx_word' id='word_1_297' title='bbox 815 4337 875 4381; x_wconf 88' lang='lat' dir='ltr'>olim</span> <span class='ocrx_word' id='word_1_298' title='bbox 883 4338 1038 4382; x_wconf 77' lang='lat' dir='ltr'>vocabulum</span> <span class='ocrx_word' id='word_1_299' title='bbox 1049 4336 1127 4385; x_wconf 75' lang='lat' dir='ltr'>uliud.</span> <span class='ocrx_word' id='word_1_300' title='bbox 1137 4337 1210 4392; x_wconf 79' lang='lat' dir='ltr'>culus</span> <span class='ocrx_word' id='word_1_301' title='bbox 1218 4342 1320 4381; x_wconf 75' lang='lat' dir='ltr'>tuntum</span> <span class='ocrx_word' id='word_1_302' title='bbox 1329 4338 1423 4381; x_wconf 79' lang='lat' dir='ltr'>littera</span> 
     </span>
     <span class='ocr_line' id='line_1_38' title="bbox 193 4408 1420 4464; baseline 0.003 -15"><span class='ocrx_word' id='word_1_303' title='bbox 193 4418 210 4449; x_wconf 78' lang='lat' dir='ltr'>tr</span> <span class='ocrx_word' id='word_1_304' title='bbox 218 4418 284 4452; x_wconf 84' lang='lat' dir='ltr'>nunc</span> <span class='ocrx_word' id='word_1_305' title='bbox 294 4416 413 4463; x_wconf 72' lang='lat' dir='ltr'>apparet:</span> <span class='ocrx_word' id='word_1_306' title='bbox 425 4408 586 4453; x_wconf 79' lang='lat' dir='ltr'>emendatum</span> <span class='ocrx_word' id='word_1_307' title='bbox 598 4409 623 4453; x_wconf 93' lang='lat' dir='ltr'>ld</span> <span class='ocrx_word' id='word_1_308' title='bbox 634 4416 725 4464; x_wconf 73' lang='lat' dir='ltr'>postea</span> <span class='ocrx_word' id='word_1_309' title='bbox 735 4408 784 4452; x_wconf 88' lang='lat' dir='ltr'>fult</span> <span class='ocrx_word' id='word_1_310' title='bbox 799 4410 832 4452; x_wconf 80' lang='lat' dir='ltr'>ab</span> <span class='ocrx_word' id='word_1_311' title='bbox 843 4409 905 4463; x_wconf 89' lang='lat' dir='ltr'>lpso,</span> <span class='ocrx_word' id='word_1_312' title='bbox 923 4414 952 4453; x_wconf 87' lang='lat' dir='ltr'>ut</span> <span class='ocrx_word' id='word_1_313' title='bbox 966 4409 1078 4461; x_wconf 83' lang='lat' dir='ltr'>videtur,</span> <span class='ocrx_word' id='word_1_314' title='bbox 1090 4408 1195 4453; x_wconf 75' lang='lat' dir='ltr'>Polenei</span> <span class='ocrx_word' id='word_1_315' title='bbox 1205 4410 1321 4464; x_wconf 87' lang='lat' dir='ltr'>llbrario,</span> <span class='ocrx_word' id='word_1_316' title='bbox 1339 4411 1377 4454; x_wconf 80' lang='lat' dir='ltr'>ita</span> <span class='ocrx_word' id='word_1_317' title='bbox 1391 4412 1420 4453; x_wconf 88' lang='lat' dir='ltr'>ut</span> 
     </span>
     <span class='ocr_line' id='line_1_39' title="bbox 191 4480 1423 4537; baseline 0.002 -14"><span class='ocrx_word' id='word_1_318' title='bbox 191 4480 323 4536; x_wconf 75' lang='lat' dir='ltr'>perspicue</span> <span class='ocrx_word' id='word_1_319' title='bbox 334 4480 400 4525; x_wconf 73' lang='lat' dir='ltr'>satis</span> <span class='ocrx_word' id='word_1_320' title='bbox 409 4481 619 4537; x_wconf 71' lang='lat' dir='ltr'>legatursrmus,¹</span> <span class='ocrx_word' id='word_1_321' title='bbox 629 4481 705 4535; x_wconf 86' lang='lat' dir='ltr'>quod,</span> <span class='ocrx_word' id='word_1_322' title='bbox 719 4481 779 4535; x_wconf 85' lang='lat' dir='ltr'>qula</span> <span class='ocrx_word' id='word_1_323' title='bbox 793 4492 896 4525; x_wconf 72' lang='lat' dir='ltr'>sensum</span> <span class='ocrx_word' id='word_1_324' title='bbox 906 4482 1005 4526; x_wconf 86' lang='lat' dir='ltr'>nullum</span> <span class='ocrx_word' id='word_1_325' title='bbox 1018 4481 1126 4535; x_wconf 81' lang='lat' dir='ltr'>reliquls</span> <span class='ocrx_word' id='word_1_326' title='bbox 1140 4488 1342 4525; x_wconf 76' lang='lat' dir='ltr'>consentaneum</span> <span class='ocrx_word' id='word_1_327' title='bbox 1356 4493 1423 4537; x_wconf 81' lang='lat' dir='ltr'>prae</span> 
     </span>
     <span class='ocr_line' id='line_1_40' title="bbox 189 4552 870 4608; baseline 0.003 -13"><span class='ocrx_word' id='word_1_328' title='bbox 189 4560 219 4595; x_wconf 70' lang='lat' dir='ltr'>ee</span> <span class='ocrx_word' id='word_1_329' title='bbox 230 4552 299 4597; x_wconf 78' lang='lat' dir='ltr'>ferre</span> <span class='ocrx_word' id='word_1_330' title='bbox 309 4553 422 4607; x_wconf 82' lang='lat' dir='ltr'>vldetur,</span> <span class='ocrx_word' id='word_1_331' title='bbox 434 4554 570 4597; x_wconf 76' lang='lat' dir='ltr'>immutare</span> <span class='ocrx_word' id='word_1_332' title='bbox 581 4552 701 4608; x_wconf 81' lang='lat' dir='ltr'>lnsactr&#39;s</span> <span class='ocrx_word' id='word_1_333' title='bbox 711 4552 768 4595; x_wconf 81' lang='lat' dir='ltr'>ausi</span> <span class='ocrx_word' id='word_1_334' title='bbox 776 4562 870 4597; x_wconf 78' lang='lat' dir='ltr'>sumus.</span> 
     </span>
    </p>

    <p class='ocr_par' dir='ltr' id='par_1_9' title="bbox 230 4623 1414 4679">
     <span class='ocr_line' id='line_1_41' title="bbox 230 4623 1414 4679; baseline 0.002 -11"><span class='ocrx_word' id='word_1_335' title='bbox 230 4624 243 4655; x_wconf 80' lang='lat'>³</span> <span class='ocrx_word' id='word_1_336' title='bbox 271 4624 345 4669; x_wconf 87' lang='lat' dir='ltr'>Pium</span> <span class='ocrx_word' id='word_1_337' title='bbox 363 4626 431 4669; x_wconf 82' lang='lat' dir='ltr'>bunc</span> <span class='ocrx_word' id='word_1_338' title='bbox 446 4625 608 4669; x_wconf 73' lang='lat' dir='ltr'>sacerdotem</span> <span class='ocrx_word' id='word_1_339' title='bbox 624 4625 742 4669; x_wconf 78' lang='lat' dir='ltr'>laudibus</span> <span class='ocrx_word' id='word_1_340' title='bbox 760 4626 874 4669; x_wconf 80' lang='lat' dir='ltr'>cumulat</span> <span class='ocrx_word' id='word_1_341' title='bbox 890 4624 1063 4677; x_wconf 67' lang='lat' dir='ltr'>Omanorum,</span> <span class='ocrx_word' id='word_1_342' title='bbox 1078 4624 1149 4669; x_wconf 78' lang='lat' dir='ltr'>Hist.</span> <span class='ocrx_word' id='word_1_343' title='bbox 1164 4623 1219 4669; x_wconf 85' lang='lat' dir='ltr'>Soc.</span> <span class='ocrx_word' id='word_1_344' title='bbox 1234 4636 1260 4679; x_wconf 89' lang='lat' dir='ltr'>p.</span> <span class='ocrx_word' id='word_1_345' title='bbox 1273 4636 1290 4677; x_wconf 83' lang='grc' dir='ltr'>ι.</span> <span class='ocrx_word' id='word_1_346' title='bbox 1307 4626 1351 4671; x_wconf 89' lang='lat' dir='ltr'>llb.</span> <span class='ocrx_word' id='word_1_347' title='bbox 1366 4636 1414 4670; x_wconf 73' lang='lat' dir='ltr'>xrs·</span> 
     </span>
    </p>
   </div>
   <div class='ocr_carea' id='block_1_4' title="bbox 0 0 1826 5350">
    <p class='ocr_par' dir='ltr' id='par_1_10' title="bbox 0 0 1826 5350">
     <span class='ocr_line' id='line_1_42' title="bbox 0 0 1826 5350; baseline 0 2"><span class='ocrx_word' id='word_1_348' title='bbox 0 0 1826 5350; x_wconf 95' lang='lat' dir='ltr'> </span> 
     </span>
    </p>
   </div>
  </div>
 </body>
</html>
