3642 5350
771 431 836 493 Aa.
859 428 931 493 1556
1414 424 1470 492 739

236 577 488 661 occupationes
509 593 590 643 curn
614 575 752 659 Regina
777 576 995 657 subeundas,
1016 584 1092 643 toto
1117 594 1212 643 anno
1237 575 1467 660 Provinciam

234 703 305 751 non
318 686 550 766 lustraverat,
567 685 732 768 quamvis
745 702 809 767 per
824 684 932 749 allum
946 684 982 748 id
996 683 1120 749 luisset
1135 693 1326 766 utcumque
1339 702 1465 751 execu-

236 803 305 861 tus.
326 792 434 859 Notat
451 792 560 859 etiam
573 792 716 859 Patrem
734 790 958 858 Ludovicum
977 790 1156 857 Gonzalez
1176 790 1408 858 ⁸·lacultatem
1424 794 1469 859 ab

239 901 365 967 eodem
389 900 605 967 Provinciali
629 900 811 983 accepisse
837 900 883 966 ad
907 916 968 980 ea,
992 916 1084 982 quae
1107 898 1154 964 ad
1173 899 1469 981 gubernationem

239 1009 427 1091 pertinent.
448 1007 619 1074 Eamdem
639 1008 746 1074 etiam
763 1007 802 1073 P.
823 1006 963 1088 ignatio
984 1006 1028 1072 de
1042 1006 1223 1088 Azevedo,
1244 1024 1350 1089 quem
1367 1007 1472 1073 Vice-

239 1116 495 1201 provincialem
502 1115 664 1194 instituit,
677 1114 846 1197 quamdiu
854 1114 1153 1195 congregationis
1163 1115 1342 1196 generalis
1352 1115 1471 1196 gratia

240 1224 317 1309 lpse
345 1240 426 1289 curn
454 1223 563 1289 sociis
586 1223 743 1303 abesset,
770 1220 1059 1288 communicavit.
1084 1220 1130 1286 Et
1154 1222 1320 1305 quamvis
1348 1232 1472 1305 postea

175 1404 182 1415 ,
242 1348 366 1397 omnes
381 1330 614 1397 substiterunt
628 1331 665 1395 in
678 1329 881 1409 Provincia,
898 1328 1110 1410 permissum
1124 1338 1178 1394 est
1188 1329 1303 1395 eidem
1314 1330 1353 1395 P.
1369 1330 1471 1412 lgna·

242 1440 305 1519 tio,
318 1436 426 1504 immo
440 1435 647 1518 injunctum,
661 1445 700 1502 ut
710 1454 775 1502 suo
787 1436 901 1501 officio
913 1435 1132 1518 fungeretur,
1148 1445 1198 1518 ut,
1213 1436 1246 1502 si
1260 1437 1369 1519 aliqui
1383 1437 1475 1502 ineo

241 1544 401 1611 delectus
421 1545 710 1625 observarentur,
732 1542 914 1610 emendari
934 1552 1095 1625 possent;
1121 1544 1186 1609 sed
1209 1544 1350 1610 interim
1374 1554 1474 1610 notat

243 1652 282 1718 P.
298 1652 505 1719 Gonzalvus
519 1651 598 1717 Vaz
612 1661 684 1717 tres
699 1668 777 1717 esse
796 1650 981 1734 praedicto
1001 1651 1107 1717 modo
1130 1652 1167 1716 in
1186 1651 1372 1717 Lusitania
1394 1650 1474 1719 Pro

243 1761 431 1841 vinciales3
446 1768 483 1825 et
496 1760 533 1827 in
548 1776 657 1825 causa
672 1768 787 1840 erant,
802 1776 874 1825 non
894 1759 1011 1823 solum
1025 1758 1202 1824 confessio
1217 1758 1389 1842 Reginae,
1411 1760 1475 1826 sed

243 1869 363 1950 etiarn,
378 1885 470 1951 quae
482 1886 528 1933 ex
539 1885 582 1933 ea
593 1868 841 1949 sequebantur,
854 1866 1119 1947 occupationes,
1132 1876 1277 1949 propter
1288 1884 1391 1951 quas,
1403 1886 1475 1934 non

246 1977 361 2043 solum
376 1994 397 2039 a
413 1974 625 2040 Provinciae
639 1974 844 2040 visitatione
857 1972 896 2040 P.
913 1973 1047 2039 Torres
1060 1972 1329 2056 impediebatur,
1352 1975 1475 2041 sedne

246 2084 282 2149 in
297 2076 503 2165 particulari
518 2080 659 2165 quidem
674 2099 754 2147 cum
769 2082 953 2160 fratribus,
964 2082 1024 2164 qui
1035 2081 1273 2163 Ulyssiponae
1283 2082 1476 2149 versaban-

246 2200 316 2272 tur,
330 2190 471 2255 versari
485 2198 625 2272 poterat
639 2188 661 2251 ¹.

304 2297 396 2363 3201.
438 2296 534 2363 Bene
548 2306 668 2362 tamen
681 2296 731 2361 illi
745 2296 782 2361 in
797 2307 946 2379 utroque
960 2296 1104 2363 homine
1120 2298 1371 2380 procedebant,
1387 2309 1424 2365 et
1439 2299 1476 2365 hi

244 2406 479 2489 potissimum,
506 2404 566 2486 qui
589 2404 626 2468 in
650 2403 756 2469 domo
780 2404 1003 2485 probationis
1027 2405 1298 2485 exercebantur,
1324 2424 1475 2490 quorum

247 2514 448 2596 exemplum
462 2511 643 2577 veteranis
657 2512 741 2576 utile
755 2520 844 2591 erat3
860 2520 895 2576 et
909 2511 1034 2593 praxis
1044 2512 1344 2600 injungendarum
1358 2515 1476 2596 poeni·

245 2622 450 2704 tentiarum,
466 2638 488 2686 a
506 2619 545 2686 P.
566 2619 750 2686 Ludovico
770 2618 950 2686 Gonzalez
970 2619 1115 2685 inducta
1132 2618 1235 2701 juxta
1257 2622 1402 2688 modurn
1422 2641 1476 2688 ro·

246 2748 374 2798 manae
389 2729 589 2810 SocietatiS,
605 2727 825 2809 utrosquejn
839 2727 1037 2792 humilitate
1051 2737 1087 2792 et
1100 2727 1243 2795 fervore
1254 2729 1365 2796 divini
1378 2731 1477 2796 obse·

248 2839 322 2923 quii
332 2837 493 2919 iuvabat.

307 2945 399 3012 3202.
441 2945 658 3025 Frequentia
671 2944 874 3009 auditorum
884 2943 922 3009 in
936 2944 1167 3010 concionibus
1178 2945 1332 3027 augebat
1344 2945 1478 3013 deside·

248 3055 341 3120 rium
355 3071 470 3118 novae
485 3053 658 3118 ecclesiae
673 3051 933 3132 aedificandae,
948 3050 1204 3134 praedicabant
1225 3053 1294 3119 hoc
1308 3064 1477 3121 autumno

212 3239 214 3246 y
248 3159 409 3227 vicissim
423 3159 548 3225 Patres
563 3158 744 3225 Gonzalus
758 3157 838 3224 Vaz
856 3167 891 3224 et
909 3157 979 3224 Sd*
994 3159 1099 3239 Cruz,
1123 3167 1159 3224 et
1173 3159 1406 3228 christianam
1419 3163 1479 3228 do·

247 3271 400 3335 ctrinam
414 3269 522 3334 etiam
536 3267 739 3332 alternatim
753 3275 834 3348 post
845 3266 1030 3332 meridiem
1040 3268 1278 3350 explicabant,
1290 3278 1326 3335 et
1336 3270 1478 3352 quidem

247 3395 329 3444 cum
344 3374 587 3442 satisfactione
602 3383 637 3440 et
650 3373 767 3439 fructu
782 3375 982 3440 animarum
996 3392 1068 3440 non
1082 3375 1263 3458 mediocri,
1276 3395 1381 3459 quem
1395 3395 1480 3444 con·

248 3485 389 3551 sessarii
402 3483 595 3563 metebant;
611 3491 646 3546 et
660 3489 802 3564 praeter
816 3498 890 3562 eoS,
903 3482 964 3564 qui
977 3482 1226 3565 infrequentia
1239 3495 1479 3553 sacramento·

251 3611 329 3659 rum
343 3590 638 3675 perseverabant,
655 3589 717 3654 alii
735 3588 882 3654 subinde
896 3589 1131 3671 accedebant,
1147 3600 1183 3656 et
1203 3594 1264 3672 qui
1283 3591 1407 3658 diebus
1421 3592 1481 3659 do·

249 3700 387 3766 minicis
401 3706 546 3781 propter
565 3696 824 3762 multitudinem
842 3696 1093 3762 confluentium
1111 3699 1272 3780 expediri
1291 3717 1363 3766 non
1384 3711 1481 3782 pote·

250 3817 349 3889 rant,
365 3806 533 3890 profestis
547 3805 671 3870 diebus
684 3803 847 3870 redibant
860 3813 901 3868 ut
914 3813 1063 3886 peccata
1082 3803 1345 3873 confiterentur.

308 3914 400 3980 3203.
444 3912 626 3978 Morituris
639 3911 747 3976 etiam
762 3929 807 3976 cx
820 3910 889 3976 hac
903 3909 1009 3976 domo
1025 3913 1250 3996 assistebant,
1267 3926 1302 3980 et
1316 3915 1481 3983 exhorta-

250 4023 367 4089 tiones
385 4021 563 4087 interdum
581 4021 782 4085 incarcere
802 4019 1040 4100 habebantur,
1062 4030 1098 4086 et
1117 4021 1263 4102 quidam
1281 4042 1328 4089 ex
1348 4027 1483 4092 nostris

251 4131 300 4195 ibi
314 4131 538 4196 detentorum
553 4127 796 4194 consessiones
811 4127 989 4193 audiebat.

310 4237 401 4304 3204.
445 4237 502 4302 Ad
517 4235 772 4302 monasterium
789 4235 969 4317 quoddam
988 4235 1196 4302 monialium
1214 4238 1401 4323 nobilium,
1422 4261 1483 4310 no·

251 4347 346 4413 mine
370 4343 538 4425 Olrbelas,
559 4343 774 4426 Ulyssipone
794 4341 932 4408 duabus
946 4343 1059 4408 leucis
1078 4343 1226 4427 distans,
1242 4344 1280 4412 P.
1304 4348 1484 4418 Gonzalus

251 4453 331 4520 Vaz
351 4451 528 4519 interdum
548 4451 638 4533 ibat,
661 4450 720 4516 ubi
741 4448 1002 4514 confessionem
1020 4446 1212 4535 [audiebat]
1227 4453 1402 4522 Dominae
1416 4458 1486 4525 He·

259 4577 459 4590 ————-—¹

293 4625 304 4659 ¹
331 4623 363 4668 de
373 4622 498 4676 Camere,
507 4621 551 4677 qni
560 4625 590 4666 ut
600 4619 697 4664 dictum
707 4623 755 4673 ert,
767 4617 948 4675 Portnoeetliee
967 4619 1099 4666 visitator
1109 4621 1203 4668 misene
1212 4623 1301 4670 meret
1310 4637 1344 4670 ex
1354 4625 1435 4676 Urbe.

293 4695 305 4731 ¹
333 4695 400 4742 Vide
411 4692 522 4740 dicenda
531 4691 607 4746 inira,
618 4689 704 4736 mitw
712 4694 740 4735 et
749 4689 812 4736 3333.
