<?xml version="1.0" encoding="UTF-8"?>
<!DOCTYPE html PUBLIC "-//W3C//DTD XHTML 1.0 Transitional//EN"
    "http://www.w3.org/TR/xhtml1/DTD/xhtml1-transitional.dtd">
<html xmlns="http://www.w3.org/1999/xhtml" xml:lang="en" lang="en">
 <head>
  <title>
</title>
<meta http-equiv="Content-Type" content="text/html;charset=utf-8" />
  <meta name='ocr-system' content='tesseract 3.04.00' />
  <meta name='ocr-capabilities' content='ocr_page ocr_carea ocr_par ocr_line ocrx_word'/>
</head>
<body>
  <div class='ocr_page' id='page_1' title='image "./vitaignatiiloio00polagoog_0342.png"; bbox 0 0 3642 5350; ppageno 0'>
   <div class='ocr_carea' id='block_1_1' title="bbox 379 356 1153 438">
    <p class='ocr_par' dir='ltr' id='par_1_1' title="bbox 379 356 1153 438">
     <span class='ocr_line' id='line_1_1' title="bbox 379 356 1153 438; baseline -0.001 -15"><span class='ocrx_word' id='word_1_1' title='bbox 379 356 434 423; x_wconf 73' lang='lat' dir='ltr'>ast</span> <span class='ocrx_word' id='word_1_2' title='bbox 837 357 965 423; x_wconf 78' lang='lat' dir='ltr'>Canon.</span> <span class='ocrx_word' id='word_1_3' title='bbox 985 360 1063 423; x_wconf 86' lang='lat' dir='ltr'><strong>Soc.</strong></span> <span class='ocrx_word' id='word_1_4' title='bbox 1082 359 1153 438; x_wconf 82' lang='lat' dir='ltr'>Jus.</span> 
     </span>
    </p>
   </div>
   <div class='ocr_carea' id='block_1_2' title="bbox 355 510 1657 3714">
    <p class='ocr_par' dir='ltr' id='par_1_2' title="bbox 376 510 1657 1132">
     <span class='ocr_line' id='line_1_2' title="bbox 378 510 1607 593; baseline 0.002 -17"><span class='ocrx_word' id='word_1_5' title='bbox 378 529 461 576; x_wconf 86' lang='lat' dir='ltr'>nam</span> <span class='ocrx_word' id='word_1_6' title='bbox 475 518 618 576; x_wconf 89' lang='lat' dir='ltr'>centum</span> <span class='ocrx_word' id='word_1_7' title='bbox 633 517 668 575; x_wconf 91' lang='lat' dir='ltr'>et</span> <span class='ocrx_word' id='word_1_8' title='bbox 682 511 908 593; x_wconf 85' lang='lat' dir='ltr'>septuaginta</span> <span class='ocrx_word' id='word_1_9' title='bbox 925 512 1054 593; x_wconf 93' lang='lat' dir='ltr'>pedum</span> <span class='ocrx_word' id='word_1_10' title='bbox 1069 521 1146 577; x_wconf 90' lang='lat' dir='ltr'>erat</span> <span class='ocrx_word' id='word_1_11' title='bbox 1162 510 1239 592; x_wconf 89' lang='lat' dir='ltr'>ejus</span> <span class='ocrx_word' id='word_1_12' title='bbox 1253 511 1437 593; x_wconf 84' lang='lat' dir='ltr'>longitudo</span> <span class='ocrx_word' id='word_1_13' title='bbox 1457 521 1492 578; x_wconf 93' lang='lat' dir='ltr'>et</span> <span class='ocrx_word' id='word_1_14' title='bbox 1506 528 1607 579; x_wconf 85' lang='lat' dir='ltr'>sexa·</span> 
     </span>
     <span class='ocr_line' id='line_1_3' title="bbox 376 618 1657 713; baseline 0.003 -30"><span class='ocrx_word' id='word_1_15' title='bbox 376 619 477 700; x_wconf 85' lang='lat' dir='ltr'>ginta</span> <span class='ocrx_word' id='word_1_16' title='bbox 495 636 559 683; x_wconf 86' lang='lat' dir='ltr'>sex</span> <span class='ocrx_word' id='word_1_17' title='bbox 578 618 652 683; x_wconf 91' lang='lat' dir='ltr'>fere</span> <span class='ocrx_word' id='word_1_18' title='bbox 674 618 839 699; x_wconf 89' lang='lat' dir='ltr'>latitudo,</span> <span class='ocrx_word' id='word_1_19' title='bbox 860 620 926 683; x_wconf 92' lang='lat' dir='ltr'>sub</span> <span class='ocrx_word' id='word_1_20' title='bbox 948 620 1175 684; x_wconf 90' lang='lat' dir='ltr'>invocatione</span> <span class='ocrx_word' id='word_1_21' title='bbox 1197 618 1280 685; x_wconf 57' lang='lat'>85⁸0</span> <span class='ocrx_word' id='word_1_22' title='bbox 1301 619 1551 713; x_wconf 80' lang='lat' dir='ltr'>Ascensionis3</span> <span class='ocrx_word' id='word_1_23' title='bbox 1571 629 1607 685; x_wconf 92' lang='lat' dir='ltr'>et</span> <span class='ocrx_word' id='word_1_24' title='bbox 1653 682 1657 689; x_wconf 84' lang='lat'>.</span> 
     </span>
     <span class='ocr_line' id='line_1_4' title="bbox 377 724 1606 811; baseline 0.002 -20"><span class='ocrx_word' id='word_1_25' title='bbox 377 724 482 809; x_wconf 89' lang='lat' dir='ltr'>hujus</span> <span class='ocrx_word' id='word_1_26' title='bbox 496 728 567 791; x_wconf 91' lang='lat' dir='ltr'>foci</span> <span class='ocrx_word' id='word_1_27' title='bbox 580 728 843 809; x_wconf 89' lang='lat' dir='ltr'>possessionem</span> <span class='ocrx_word' id='word_1_28' title='bbox 867 727 961 807; x_wconf 84' lang='lat' dir='ltr'><strong>cepit</strong></span> <span class='ocrx_word' id='word_1_29' title='bbox 980 726 1017 791; x_wconf 90' lang='lat' dir='ltr'>P.</span> <span class='ocrx_word' id='word_1_30' title='bbox 1039 726 1230 809; x_wconf 87' lang='lat' dir='ltr'>Antonius;</span> <span class='ocrx_word' id='word_1_31' title='bbox 1246 737 1281 793; x_wconf 90' lang='lat' dir='ltr'>et</span> <span class='ocrx_word' id='word_1_32' title='bbox 1301 728 1449 810; x_wconf 89' lang='lat' dir='ltr'>ipsemet</span> <span class='ocrx_word' id='word_1_33' title='bbox 1463 728 1606 811; x_wconf 88' lang='lat' dir='ltr'>Episco-</span> 
     </span>
     <span class='ocr_line' id='line_1_5' title="bbox 376 834 1604 918; baseline 0.002 -19"><span class='ocrx_word' id='word_1_34' title='bbox 376 850 443 917; x_wconf 86' lang='lat' dir='ltr'>pus</span> <span class='ocrx_word' id='word_1_35' title='bbox 467 834 562 915; x_wconf 91' lang='lat' dir='ltr'>apud</span> <span class='ocrx_word' id='word_1_36' title='bbox 586 834 794 915; x_wconf 89' lang='lat' dir='ltr'>Pro-regem</span> <span class='ocrx_word' id='word_1_37' title='bbox 816 835 972 899; x_wconf 89' lang='lat' dir='ltr'>instabat</span> <span class='ocrx_word' id='word_1_38' title='bbox 995 845 1034 899; x_wconf 92' lang='lat' dir='ltr'>ut</span> <span class='ocrx_word' id='word_1_39' title='bbox 1059 834 1221 917; x_wconf 87' lang='lat' dir='ltr'>Collegio</span> <span class='ocrx_word' id='word_1_40' title='bbox 1242 836 1493 918; x_wconf 83' lang='lat' dir='ltr'>applicaretur3</span> <span class='ocrx_word' id='word_1_41' title='bbox 1515 837 1604 902; x_wconf 91' lang='lat' dir='ltr'>etin</span> 
     </span>
     <span class='ocr_line' id='line_1_6' title="bbox 376 940 1605 1027; baseline 0.001 -18"><span class='ocrx_word' id='word_1_42' title='bbox 376 942 529 1027; x_wconf 86' lang='lat' dir='ltr'>quadam</span> <span class='ocrx_word' id='word_1_43' title='bbox 552 942 622 1007; x_wconf 91' lang='lat' dir='ltr'>alia</span> <span class='ocrx_word' id='word_1_44' title='bbox 646 942 791 1007; x_wconf 88' lang='lat' dir='ltr'>civitate</span> <span class='ocrx_word' id='word_1_45' title='bbox 814 940 972 1022; x_wconf 88' lang='lat' dir='ltr'>ejusdem</span> <span class='ocrx_word' id='word_1_46' title='bbox 993 943 1167 1007; x_wconf 90' lang='lat' dir='ltr'>dioecesis</span> <span class='ocrx_word' id='word_1_47' title='bbox 1191 944 1279 1007; x_wconf 91' lang='lat' dir='ltr'>satis</span> <span class='ocrx_word' id='word_1_48' title='bbox 1304 961 1436 1025; x_wconf 90' lang='lat' dir='ltr'>magna</span> <span class='ocrx_word' id='word_1_49' title='bbox 1455 946 1605 1010; x_wconf 88' lang='lat' dir='ltr'>alterum</span> 
     </span>
     <span class='ocr_line' id='line_1_7' title="bbox 376 1049 1202 1132; baseline -0.006 -16"><span class='ocrx_word' id='word_1_50' title='bbox 376 1050 565 1132; x_wconf 87' lang='lat' dir='ltr'>collegium</span> <span class='ocrx_word' id='word_1_51' title='bbox 578 1049 671 1115; x_wconf 92' lang='lat' dir='ltr'>idem</span> <span class='ocrx_word' id='word_1_52' title='bbox 685 1050 883 1131; x_wconf 88' lang='lat' dir='ltr'>Episcopus</span> <span class='ocrx_word' id='word_1_53' title='bbox 898 1050 1035 1115; x_wconf 90' lang='lat' dir='ltr'>institui</span> <span class='ocrx_word' id='word_1_54' title='bbox 1049 1050 1202 1115; x_wconf 91' lang='lat' dir='ltr'>volebat.</span> 
     </span>
    </p>

    <p class='ocr_par' dir='ltr' id='par_1_3' title="bbox 372 1157 1602 1992">
     <span class='ocr_line' id='line_1_8' title="bbox 438 1157 1602 1241; baseline 0.003 -19"><span class='ocrx_word' id='word_1_55' title='bbox 438 1158 526 1223; x_wconf 83' lang='lat'>1365.</span> <span class='ocrx_word' id='word_1_56' title='bbox 564 1158 653 1223; x_wconf 87' lang='lat' dir='ltr'>Cum</span> <span class='ocrx_word' id='word_1_57' title='bbox 664 1159 752 1222; x_wconf 88' lang='lat' dir='ltr'>haec</span> <span class='ocrx_word' id='word_1_58' title='bbox 764 1174 885 1223; x_wconf 91' lang='lat' dir='ltr'>mense</span> <span class='ocrx_word' id='word_1_59' title='bbox 897 1157 1094 1222; x_wconf 89' lang='lat' dir='ltr'>Februario</span> <span class='ocrx_word' id='word_1_60' title='bbox 1105 1157 1265 1223; x_wconf 87' lang='lat' dir='ltr'>Catanae</span> <span class='ocrx_word' id='word_1_61' title='bbox 1276 1169 1460 1225; x_wconf 86' lang='lat' dir='ltr'>transacta</span> <span class='ocrx_word' id='word_1_62' title='bbox 1472 1169 1602 1241; x_wconf 88' lang='lat' dir='ltr'>essent,</span> 
     </span>
     <span class='ocr_line' id='line_1_9' title="bbox 375 1264 1599 1349; baseline 0.002 -18"><span class='ocrx_word' id='word_1_63' title='bbox 375 1275 411 1331; x_wconf 90' lang='lat' dir='ltr'>et</span> <span class='ocrx_word' id='word_1_64' title='bbox 424 1265 587 1331; x_wconf 89' lang='lat' dir='ltr'>rediisset</span> <span class='ocrx_word' id='word_1_65' title='bbox 601 1264 804 1330; x_wconf 85' lang='lat' dir='ltr'>Messanam</span> <span class='ocrx_word' id='word_1_66' title='bbox 819 1264 857 1329; x_wconf 91' lang='lat' dir='ltr'>P.</span> <span class='ocrx_word' id='word_1_67' title='bbox 874 1264 1064 1341; x_wconf 87' lang='lat' dir='ltr'>Antonius,</span> <span class='ocrx_word' id='word_1_68' title='bbox 1081 1284 1125 1330; x_wconf 89' lang='lat' dir='ltr'>ac</span> <span class='ocrx_word' id='word_1_69' title='bbox 1139 1265 1354 1332; x_wconf 89' lang='lat' dir='ltr'>desiderium</span> <span class='ocrx_word' id='word_1_70' title='bbox 1372 1266 1539 1349; x_wconf 88' lang='lat' dir='ltr'>Episcopi</span> <span class='ocrx_word' id='word_1_71' title='bbox 1554 1267 1599 1333; x_wconf 89' lang='lat' dir='ltr'>de</span> 
     </span>
     <span class='ocr_line' id='line_1_10' title="bbox 375 1372 1599 1456; baseline 0.001 -17"><span class='ocrx_word' id='word_1_72' title='bbox 375 1374 548 1455; x_wconf 92' lang='lat' dir='ltr'>operariis</span> <span class='ocrx_word' id='word_1_73' title='bbox 576 1374 697 1437; x_wconf 91' lang='lat' dir='ltr'>statim</span> <span class='ocrx_word' id='word_1_74' title='bbox 729 1374 901 1437; x_wconf 87' lang='lat' dir='ltr'>habendis</span> <span class='ocrx_word' id='word_1_75' title='bbox 929 1372 1145 1437; x_wconf 87' lang='lat' dir='ltr'>Provinciali</span> <span class='ocrx_word' id='word_1_76' title='bbox 1174 1375 1403 1455; x_wconf 84' lang='lat' dir='ltr'>explicasset,</span> <span class='ocrx_word' id='word_1_77' title='bbox 1433 1376 1599 1456; x_wconf 86' lang='lat' dir='ltr'>quamvis</span> 
     </span>
     <span class='ocr_line' id='line_1_11' title="bbox 376 1480 1601 1564; baseline 0.001 -18"><span class='ocrx_word' id='word_1_78' title='bbox 376 1481 509 1547; x_wconf 90' lang='lat' dir='ltr'>reditus</span> <span class='ocrx_word' id='word_1_79' title='bbox 527 1480 673 1544; x_wconf 91' lang='lat' dir='ltr'>stabiliti</span> <span class='ocrx_word' id='word_1_80' title='bbox 692 1498 762 1544; x_wconf 92' lang='lat' dir='ltr'>non</span> <span class='ocrx_word' id='word_1_81' title='bbox 781 1490 910 1556; x_wconf 88' lang='lat' dir='ltr'>essent,</span> <span class='ocrx_word' id='word_1_82' title='bbox 932 1482 1081 1563; x_wconf 89' lang='lat' dir='ltr'>ipsemet</span> <span class='ocrx_word' id='word_1_83' title='bbox 1101 1481 1139 1545; x_wconf 90' lang='lat' dir='ltr'>P.</span> <span class='ocrx_word' id='word_1_84' title='bbox 1166 1481 1356 1562; x_wconf 87' lang='lat' dir='ltr'>Antonius,</span> <span class='ocrx_word' id='word_1_85' title='bbox 1385 1484 1443 1564; x_wconf 92' lang='lat' dir='ltr'>qui</span> <span class='ocrx_word' id='word_1_86' title='bbox 1468 1482 1601 1549; x_wconf 90' lang='lat' dir='ltr'>Rector</span> 
     </span>
     <span class='ocr_line' id='line_1_12' title="bbox 374 1585 1602 1670; baseline 0.001 -17"><span class='ocrx_word' id='word_1_87' title='bbox 374 1588 490 1654; x_wconf 85' lang='lat' dir='ltr'>fuerat</span> <span class='ocrx_word' id='word_1_88' title='bbox 513 1587 753 1652; x_wconf 88' lang='lat' dir='ltr'>Messanensis</span> <span class='ocrx_word' id='word_1_89' title='bbox 768 1587 917 1667; x_wconf 88' lang='lat' dir='ltr'>Collegii</span> <span class='ocrx_word' id='word_1_90' title='bbox 940 1585 961 1667; x_wconf 87' lang='lat'>¹,</span> <span class='ocrx_word' id='word_1_91' title='bbox 979 1605 1058 1652; x_wconf 92' lang='lat' dir='ltr'>cum</span> <span class='ocrx_word' id='word_1_92' title='bbox 1084 1588 1195 1652; x_wconf 87' lang='lat' dir='ltr'>fratre</span> <span class='ocrx_word' id='word_1_93' title='bbox 1220 1588 1374 1670; x_wconf 88' lang='lat' dir='ltr'>quodam</span> <span class='ocrx_word' id='word_1_94' title='bbox 1393 1589 1602 1655; x_wconf 87' lang='lat' dir='ltr'>duodecima</span> 
     </span>
     <span class='ocr_line' id='line_1_13' title="bbox 374 1694 1602 1777; baseline 0.001 -16"><span class='ocrx_word' id='word_1_95' title='bbox 374 1696 493 1761; x_wconf 87' lang='lat' dir='ltr'>Martii</span> <span class='ocrx_word' id='word_1_96' title='bbox 519 1695 693 1761; x_wconf 84' lang='lat' dir='ltr'>Catanam</span> <span class='ocrx_word' id='word_1_97' title='bbox 717 1714 738 1759; x_wconf 90' lang='lat' dir='ltr'>a</span> <span class='ocrx_word' id='word_1_98' title='bbox 764 1694 802 1759; x_wconf 91' lang='lat' dir='ltr'>P.</span> <span class='ocrx_word' id='word_1_99' title='bbox 829 1694 1046 1760; x_wconf 89' lang='lat' dir='ltr'>Provinciali</span> <span class='ocrx_word' id='word_1_100' title='bbox 1072 1696 1241 1761; x_wconf 92' lang='lat' dir='ltr'>remissus</span> <span class='ocrx_word' id='word_1_101' title='bbox 1268 1707 1333 1777; x_wconf 92' lang='lat' dir='ltr'>est,</span> <span class='ocrx_word' id='word_1_102' title='bbox 1349 1706 1385 1761; x_wconf 91' lang='lat' dir='ltr'>et</span> <span class='ocrx_word' id='word_1_103' title='bbox 1404 1699 1439 1761; x_wconf 93' lang='lat' dir='ltr'>in</span> <span class='ocrx_word' id='word_1_104' title='bbox 1454 1698 1602 1763; x_wconf 92' lang='lat' dir='ltr'>aedibus</span> 
     </span>
     <span class='ocr_line' id='line_1_14' title="bbox 374 1790 1601 1886; baseline 0.001 -17"><span class='ocrx_word' id='word_1_105' title='bbox 374 1790 542 1886; x_wconf 82' lang='lat' dir='ltr'>Episc&#39;opi</span> <span class='ocrx_word' id='word_1_106' title='bbox 556 1820 667 1884; x_wconf 88' lang='lat' dir='ltr'>usque</span> <span class='ocrx_word' id='word_1_107' title='bbox 682 1802 727 1867; x_wconf 91' lang='lat' dir='ltr'>ad</span> <span class='ocrx_word' id='word_1_108' title='bbox 741 1802 954 1883; x_wconf 84' lang='lat' dir='ltr'>vigesimam</span> <span class='ocrx_word' id='word_1_109' title='bbox 969 1811 1109 1867; x_wconf 87' lang='lat' dir='ltr'>sextam</span> <span class='ocrx_word' id='word_1_110' title='bbox 1128 1802 1286 1884; x_wconf 75' lang='lat' dir='ltr'>eiusdem</span> <span class='ocrx_word' id='word_1_111' title='bbox 1300 1806 1432 1869; x_wconf 87' lang='lat' dir='ltr'>mensis</span> <span class='ocrx_word' id='word_1_112' title='bbox 1447 1823 1601 1870; x_wconf 88' lang='lat' dir='ltr'>commo·</span> 
     </span>
     <span class='ocr_line' id='line_1_15' title="bbox 372 1910 1298 1992; baseline -0.002 -17"><span class='ocrx_word' id='word_1_113' title='bbox 372 1922 475 1976; x_wconf 89' lang='lat' dir='ltr'>ratus</span> <span class='ocrx_word' id='word_1_114' title='bbox 488 1920 553 1988; x_wconf 89' lang='lat' dir='ltr'>est;</span> <span class='ocrx_word' id='word_1_115' title='bbox 570 1911 773 1975; x_wconf 90' lang='lat' dir='ltr'>necessaria</span> <span class='ocrx_word' id='word_1_116' title='bbox 788 1910 882 1975; x_wconf 90' lang='lat' dir='ltr'>enim</span> <span class='ocrx_word' id='word_1_117' title='bbox 897 1910 1073 1975; x_wconf 91' lang='lat' dir='ltr'>obtulerat</span> <span class='ocrx_word' id='word_1_118' title='bbox 1087 1910 1298 1992; x_wconf 88' lang='lat' dir='ltr'>Episcopus.</span> 
     </span>
    </p>

    <p class='ocr_par' dir='ltr' id='par_1_4' title="bbox 370 2016 1602 2746">
     <span class='ocr_line' id='line_1_16' title="bbox 433 2016 1602 2103; baseline 0.003 -21"><span class='ocrx_word' id='word_1_119' title='bbox 433 2018 521 2082; x_wconf 86' lang='lat'>1366.</span> <span class='ocrx_word' id='word_1_120' title='bbox 566 2016 658 2097; x_wconf 88' lang='lat' dir='ltr'>Quia</span> <span class='ocrx_word' id='word_1_121' title='bbox 672 2024 792 2082; x_wconf 89' lang='lat' dir='ltr'>tamen</span> <span class='ocrx_word' id='word_1_122' title='bbox 810 2017 963 2082; x_wconf 89' lang='lat' dir='ltr'>Romam</span> <span class='ocrx_word' id='word_1_123' title='bbox 982 2028 1191 2098; x_wconf 87' lang='lat' dir='ltr'>recesserat,</span> <span class='ocrx_word' id='word_1_124' title='bbox 1207 2036 1273 2083; x_wconf 93' lang='lat' dir='ltr'>nec</span> <span class='ocrx_word' id='word_1_125' title='bbox 1293 2020 1390 2085; x_wconf 90' lang='lat' dir='ltr'>aliud</span> <span class='ocrx_word' id='word_1_126' title='bbox 1409 2022 1602 2103; x_wconf 86' lang='lat' dir='ltr'>quidquam</span> 
     </span>
     <span class='ocr_line' id='line_1_17' title="bbox 371 2125 1600 2210; baseline 0.002 -19"><span class='ocrx_word' id='word_1_127' title='bbox 371 2126 602 2191; x_wconf 90' lang='lat' dir='ltr'>constitutum</span> <span class='ocrx_word' id='word_1_128' title='bbox 615 2125 808 2206; x_wconf 86' lang='lat' dir='ltr'>reliquerat</span> <span class='ocrx_word' id='word_1_129' title='bbox 820 2134 963 2207; x_wconf 88' lang='lat' dir='ltr'>praeter</span> <span class='ocrx_word' id='word_1_130' title='bbox 982 2126 1129 2205; x_wconf 89' lang='lat' dir='ltr'>victum,</span> <span class='ocrx_word' id='word_1_131' title='bbox 1146 2127 1290 2191; x_wconf 89' lang='lat' dir='ltr'>occasio</span> <span class='ocrx_word' id='word_1_132' title='bbox 1305 2129 1527 2193; x_wconf 85' lang='lat' dir='ltr'>exercendae</span> <span class='ocrx_word' id='word_1_133' title='bbox 1541 2147 1600 2210; x_wconf 90' lang='lat' dir='ltr'>pa·</span> 
     </span>
     <span class='ocr_line' id='line_1_18' title="bbox 372 2231 1601 2316; baseline 0.001 -18"><span class='ocrx_word' id='word_1_134' title='bbox 372 2234 516 2298; x_wconf 88' lang='lat' dir='ltr'>tientiae</span> <span class='ocrx_word' id='word_1_135' title='bbox 526 2233 562 2297; x_wconf 92' lang='lat' dir='ltr'>in</span> <span class='ocrx_word' id='word_1_136' title='bbox 575 2232 654 2297; x_wconf 90' lang='lat' dir='ltr'>aliis</span> <span class='ocrx_word' id='word_1_137' title='bbox 665 2249 736 2297; x_wconf 92' lang='lat' dir='ltr'>non</span> <span class='ocrx_word' id='word_1_138' title='bbox 748 2231 882 2297; x_wconf 90' lang='lat' dir='ltr'>deerat.</span> <span class='ocrx_word' id='word_1_139' title='bbox 895 2231 966 2298; x_wconf 90' lang='lat' dir='ltr'>Sed</span> <span class='ocrx_word' id='word_1_140' title='bbox 976 2233 1168 2314; x_wconf 91' lang='lat' dir='ltr'>praedictis</span> <span class='ocrx_word' id='word_1_141' title='bbox 1181 2233 1305 2298; x_wconf 91' lang='lat' dir='ltr'>diebus</span> <span class='ocrx_word' id='word_1_142' title='bbox 1315 2236 1456 2299; x_wconf 89' lang='lat' dir='ltr'>curavit</span> <span class='ocrx_word' id='word_1_143' title='bbox 1466 2233 1517 2316; x_wconf 90' lang='lat' dir='ltr'>[P.</span> <span class='ocrx_word' id='word_1_144' title='bbox 1531 2236 1601 2301; x_wconf 87' lang='lat' dir='ltr'>An·</span> 
     </span>
     <span class='ocr_line' id='line_1_19' title="bbox 372 2338 1601 2424; baseline 0 -17"><span class='ocrx_word' id='word_1_145' title='bbox 372 2343 490 2408; x_wconf 91' lang='lat' dir='ltr'>tonius</span> <span class='ocrx_word' id='word_1_146' title='bbox 504 2338 636 2423; x_wconf 90' lang='lat' dir='ltr'>Vinch]</span> <span class='ocrx_word' id='word_1_147' title='bbox 648 2349 837 2423; x_wconf 89' lang='lat' dir='ltr'>utcumque</span> <span class='ocrx_word' id='word_1_148' title='bbox 848 2341 976 2406; x_wconf 91' lang='lat' dir='ltr'>instrui</span> <span class='ocrx_word' id='word_1_149' title='bbox 987 2341 1211 2422; x_wconf 89' lang='lat' dir='ltr'>designatam</span> <span class='ocrx_word' id='word_1_150' title='bbox 1223 2341 1379 2424; x_wconf 91' lang='lat' dir='ltr'>domum,</span> <span class='ocrx_word' id='word_1_151' title='bbox 1392 2353 1428 2407; x_wconf 90' lang='lat' dir='ltr'>et</span> <span class='ocrx_word' id='word_1_152' title='bbox 1439 2344 1477 2408; x_wconf 91' lang='lat' dir='ltr'>in</span> <span class='ocrx_word' id='word_1_153' title='bbox 1490 2344 1601 2408; x_wconf 88' lang='lat' dir='ltr'>eccle·</span> 
     </span>
     <span class='ocr_line' id='line_1_20' title="bbox 372 2448 1600 2533; baseline 0.002 -19"><span class='ocrx_word' id='word_1_154' title='bbox 372 2450 436 2531; x_wconf 85' lang='lat' dir='ltr'>sia,</span> <span class='ocrx_word' id='word_1_155' title='bbox 461 2466 552 2531; x_wconf 91' lang='lat' dir='ltr'>quae</span> <span class='ocrx_word' id='word_1_156' title='bbox 573 2448 707 2514; x_wconf 89' lang='lat' dir='ltr'>nostris</span> <span class='ocrx_word' id='word_1_157' title='bbox 731 2449 850 2513; x_wconf 87' lang='lat' dir='ltr'>oblata</span> <span class='ocrx_word' id='word_1_158' title='bbox 870 2458 959 2529; x_wconf 90' lang='lat' dir='ltr'>erat,</span> <span class='ocrx_word' id='word_1_159' title='bbox 980 2448 1129 2513; x_wconf 90' lang='lat' dir='ltr'>Sacrum</span> <span class='ocrx_word' id='word_1_160' title='bbox 1149 2449 1268 2513; x_wconf 86' lang='lat' dir='ltr'>facere</span> <span class='ocrx_word' id='word_1_161' title='bbox 1289 2451 1410 2514; x_wconf 88' lang='lat' dir='ltr'>statim</span> <span class='ocrx_word' id='word_1_162' title='bbox 1429 2451 1546 2533; x_wconf 90' lang='lat' dir='ltr'>coepit</span> <span class='ocrx_word' id='word_1_163' title='bbox 1565 2462 1600 2517; x_wconf 89' lang='lat' dir='ltr'>et</span> 
     </span>
     <span class='ocr_line' id='line_1_21' title="bbox 371 2556 1599 2640; baseline 0.001 -18"><span class='ocrx_word' id='word_1_164' title='bbox 371 2556 637 2623; x_wconf 83' lang='lat' dir='ltr'>exhortationes</span> <span class='ocrx_word' id='word_1_165' title='bbox 653 2556 790 2639; x_wconf 92' lang='lat' dir='ltr'>aliquas</span> <span class='ocrx_word' id='word_1_166' title='bbox 802 2557 945 2637; x_wconf 88' lang='lat' dir='ltr'>habere,</span> <span class='ocrx_word' id='word_1_167' title='bbox 958 2557 1086 2637; x_wconf 90' lang='lat' dir='ltr'>quibus</span> <span class='ocrx_word' id='word_1_168' title='bbox 1098 2556 1144 2619; x_wconf 93' lang='lat' dir='ltr'>ad</span> <span class='ocrx_word' id='word_1_169' title='bbox 1159 2556 1419 2622; x_wconf 89' lang='lat' dir='ltr'>confessionem</span> <span class='ocrx_word' id='word_1_170' title='bbox 1430 2559 1599 2640; x_wconf 91' lang='lat' dir='ltr'>populum</span> 
     </span>
     <span class='ocr_line' id='line_1_22' title="bbox 370 2662 1531 2746; baseline -0.003 -15"><span class='ocrx_word' id='word_1_171' title='bbox 370 2665 590 2745; x_wconf 88' lang='lat' dir='ltr'>hortabatur;</span> <span class='ocrx_word' id='word_1_172' title='bbox 604 2683 687 2731; x_wconf 93' lang='lat' dir='ltr'>nam</span> <span class='ocrx_word' id='word_1_173' title='bbox 698 2662 772 2746; x_wconf 88' lang='lat' dir='ltr'>jam</span> <span class='ocrx_word' id='word_1_174' title='bbox 786 2664 910 2730; x_wconf 89' lang='lat' dir='ltr'>ultima</span> <span class='ocrx_word' id='word_1_175' title='bbox 926 2682 1012 2746; x_wconf 90' lang='lat' dir='ltr'>pars</span> <span class='ocrx_word' id='word_1_176' title='bbox 1025 2663 1330 2746; x_wconf 89' lang='lat' dir='ltr'>Quadragesimae</span> <span class='ocrx_word' id='word_1_177' title='bbox 1345 2665 1531 2746; x_wconf 83' lang='lat' dir='ltr'>agebatur.</span> 
     </span>
    </p>

    <p class='ocr_par' dir='ltr' id='par_1_5' title="bbox 355 2771 1600 3714">
     <span class='ocr_line' id='line_1_23' title="bbox 433 2771 1599 2855; baseline 0 -17"><span class='ocrx_word' id='word_1_178' title='bbox 433 2773 521 2838; x_wconf 83' lang='lat'>1367.</span> <span class='ocrx_word' id='word_1_179' title='bbox 566 2773 751 2854; x_wconf 87' lang='lat' dir='ltr'>Vigesima</span> <span class='ocrx_word' id='word_1_180' title='bbox 770 2781 873 2836; x_wconf 85' lang='lat' dir='ltr'>sexta</span> <span class='ocrx_word' id='word_1_181' title='bbox 894 2771 1014 2837; x_wconf 89' lang='lat' dir='ltr'>Martii</span> <span class='ocrx_word' id='word_1_182' title='bbox 1032 2773 1194 2852; x_wconf 85' lang='lat' dir='ltr'>pervenit</span> <span class='ocrx_word' id='word_1_183' title='bbox 1218 2774 1326 2837; x_wconf 90' lang='lat' dir='ltr'>etiam</span> <span class='ocrx_word' id='word_1_184' title='bbox 1351 2772 1538 2855; x_wconf 86' lang='lat' dir='ltr'>catanam,</span> <span class='ocrx_word' id='word_1_185' title='bbox 1554 2774 1599 2838; x_wconf 92' lang='lat' dir='ltr'>ab</span> 
     </span>
     <span class='ocr_line' id='line_1_24' title="bbox 355 2859 1600 2963; baseline -0.001 -17"><span class='ocrx_word' id='word_1_186' title='bbox 355 2859 494 2946; x_wconf 72' lang='lat' dir='ltr'>&#39;eodem</span> <span class='ocrx_word' id='word_1_187' title='bbox 509 2880 726 2946; x_wconf 87' lang='lat' dir='ltr'>Provinciali</span> <span class='ocrx_word' id='word_1_188' title='bbox 739 2880 881 2959; x_wconf 78' lang='lat' dir='ltr'>missua,</span> <span class='ocrx_word' id='word_1_189' title='bbox 898 2878 936 2943; x_wconf 89' lang='lat' dir='ltr'>P.</span> <span class='ocrx_word' id='word_1_190' title='bbox 959 2876 1136 2944; x_wconf 91' lang='lat' dir='ltr'>Sanchius</span> <span class='ocrx_word' id='word_1_191' title='bbox 1155 2878 1312 2960; x_wconf 89' lang='lat' dir='ltr'>Occhoa,</span> <span class='ocrx_word' id='word_1_192' title='bbox 1334 2897 1523 2962; x_wconf 87' lang='lat' dir='ltr'>navarrus,</span> <span class='ocrx_word' id='word_1_193' title='bbox 1539 2882 1600 2963; x_wconf 93' lang='lat' dir='ltr'>qui</span> 
     </span>
     <span class='ocr_line' id='line_1_25' title="bbox 370 2985 1600 3071; baseline 0.001 -18"><span class='ocrx_word' id='word_1_194' title='bbox 370 2989 531 3070; x_wconf 80' lang='lat' dir='ltr'>collegio</span> <span class='ocrx_word' id='word_1_195' title='bbox 545 2987 822 3068; x_wconf 89' lang='lat' dir='ltr'>Montis-regalis</span> <span class='ocrx_word' id='word_1_196' title='bbox 836 2988 1040 3068; x_wconf 80' lang='lat' dir='ltr'>praefuerat</span> <span class='ocrx_word' id='word_1_197' title='bbox 1050 2985 1073 3066; x_wconf 79' lang='lat'>¹,</span> <span class='ocrx_word' id='word_1_198' title='bbox 1088 3005 1169 3052; x_wconf 93' lang='lat' dir='ltr'>cum</span> <span class='ocrx_word' id='word_1_199' title='bbox 1186 2989 1258 3051; x_wconf 91' lang='lat' dir='ltr'>alio</span> <span class='ocrx_word' id='word_1_200' title='bbox 1274 2989 1437 3067; x_wconf 75' lang='lat' dir='ltr'>socio‚et</span> <span class='ocrx_word' id='word_1_201' title='bbox 1452 2991 1502 3054; x_wconf 87' lang='lat' dir='ltr'>ita</span> <span class='ocrx_word' id='word_1_202' title='bbox 1516 3006 1600 3071; x_wconf 85' lang='lat' dir='ltr'>qua-</span> 
     </span>
     <span class='ocr_line' id='line_1_26' title="bbox 370 3093 1600 3177; baseline 0.002 -17"><span class='ocrx_word' id='word_1_203' title='bbox 370 3105 450 3160; x_wconf 91' lang='lat' dir='ltr'>tuor</span> <span class='ocrx_word' id='word_1_204' title='bbox 464 3115 509 3160; x_wconf 85' lang='lat' dir='ltr'>ex</span> <span class='ocrx_word' id='word_1_205' title='bbox 527 3094 670 3174; x_wconf 89' lang='lat' dir='ltr'>nostris,</span> <span class='ocrx_word' id='word_1_206' title='bbox 692 3095 761 3158; x_wconf 92' lang='lat' dir='ltr'>duo</span> <span class='ocrx_word' id='word_1_207' title='bbox 780 3094 921 3159; x_wconf 90' lang='lat' dir='ltr'>illorum</span> <span class='ocrx_word' id='word_1_208' title='bbox 941 3094 1157 3169; x_wconf 68' lang='lat' dir='ltr'>sacerdotes</span> <span class='ocrx_word' id='word_1_209' title='bbox 1175 3095 1333 3159; x_wconf 88' lang='lat' dir='ltr'>Catanae</span> <span class='ocrx_word' id='word_1_210' title='bbox 1353 3098 1493 3160; x_wconf 86' lang='lat' dir='ltr'>versari</span> <span class='ocrx_word' id='word_1_211' title='bbox 1509 3093 1600 3177; x_wconf 89' lang='lat' dir='ltr'>[coe-</span> 
     </span>
     <span class='ocr_line' id='line_1_27' title="bbox 369 3200 1600 3285; baseline 0 -17"><span class='ocrx_word' id='word_1_212' title='bbox 369 3200 522 3285; x_wconf 91' lang='lat' dir='ltr'>perunt],</span> <span class='ocrx_word' id='word_1_213' title='bbox 543 3211 578 3266; x_wconf 92' lang='lat' dir='ltr'>et</span> <span class='ocrx_word' id='word_1_214' title='bbox 598 3201 820 3266; x_wconf 88' lang='lat' dir='ltr'>hebdomada</span> <span class='ocrx_word' id='word_1_215' title='bbox 841 3212 967 3266; x_wconf 91' lang='lat' dir='ltr'>sancta</span> <span class='ocrx_word' id='word_1_216' title='bbox 989 3210 1023 3266; x_wconf 92' lang='lat' dir='ltr'>et</span> <span class='ocrx_word' id='word_1_217' title='bbox 1042 3201 1202 3266; x_wconf 90' lang='lat' dir='ltr'>Paschae</span> <span class='ocrx_word' id='word_1_218' title='bbox 1225 3219 1394 3283; x_wconf 91' lang='lat' dir='ltr'>magnam</span> <span class='ocrx_word' id='word_1_219' title='bbox 1419 3203 1600 3284; x_wconf 92' lang='lat' dir='ltr'>poeniten·</span> 
     </span>
     <span class='ocr_line' id='line_1_28' title="bbox 370 3309 1598 3392; baseline 0.001 -18"><span class='ocrx_word' id='word_1_220' title='bbox 370 3310 456 3375; x_wconf 93' lang='lat' dir='ltr'>tium</span> <span class='ocrx_word' id='word_1_221' title='bbox 471 3327 623 3374; x_wconf 90' lang='lat' dir='ltr'>messem</span> <span class='ocrx_word' id='word_1_222' title='bbox 641 3310 851 3386; x_wconf 87' lang='lat' dir='ltr'>habuerunt,</span> <span class='ocrx_word' id='word_1_223' title='bbox 869 3309 1060 3391; x_wconf 89' lang='lat' dir='ltr'>etquidem</span> <span class='ocrx_word' id='word_1_224' title='bbox 1079 3327 1188 3391; x_wconf 87' lang='lat' dir='ltr'>supra</span> <span class='ocrx_word' id='word_1_225' title='bbox 1203 3311 1498 3392; x_wconf 82' lang='lat' dir='ltr'>expectationem,</span> <span class='ocrx_word' id='word_1_226' title='bbox 1514 3311 1598 3392; x_wconf 88' lang='lat' dir='ltr'>quia</span> 
     </span>
     <span class='ocr_line' id='line_1_29' title="bbox 370 3417 1600 3484; baseline 0.001 -1"><span class='ocrx_word' id='word_1_227' title='bbox 370 3427 587 3483; x_wconf 86' lang='lat' dir='ltr'>recenserat</span> <span class='ocrx_word' id='word_1_228' title='bbox 602 3435 724 3482; x_wconf 89' lang='lat' dir='ltr'>eorum</span> <span class='ocrx_word' id='word_1_229' title='bbox 744 3417 920 3482; x_wconf 89' lang='lat' dir='ltr'>adventus</span> <span class='ocrx_word' id='word_1_230' title='bbox 939 3425 973 3480; x_wconf 92' lang='lat' dir='ltr'>et</span> <span class='ocrx_word' id='word_1_231' title='bbox 992 3433 1063 3481; x_wconf 92' lang='lat' dir='ltr'>non</span> <span class='ocrx_word' id='word_1_232' title='bbox 1079 3417 1270 3482; x_wconf 88' lang='lat' dir='ltr'>admodum</span> <span class='ocrx_word' id='word_1_233' title='bbox 1291 3417 1429 3482; x_wconf 88' lang='lat' dir='ltr'>civitati</span> <span class='ocrx_word' id='word_1_234' title='bbox 1443 3419 1600 3484; x_wconf 90' lang='lat' dir='ltr'>innotue-</span> 
     </span>
     <span class='ocr_line' id='line_1_30' title="bbox 370 3524 1599 3608; baseline -0.001 -17"><span class='ocrx_word' id='word_1_235' title='bbox 370 3535 437 3606; x_wconf 87' lang='lat' dir='ltr'>rat;</span> <span class='ocrx_word' id='word_1_236' title='bbox 460 3526 523 3590; x_wconf 89' lang='lat' dir='ltr'>sed</span> <span class='ocrx_word' id='word_1_237' title='bbox 545 3527 605 3608; x_wconf 95' lang='lat' dir='ltr'>qui</span> <span class='ocrx_word' id='word_1_238' title='bbox 626 3527 678 3590; x_wconf 91' lang='lat' dir='ltr'>eis</span> <span class='ocrx_word' id='word_1_239' title='bbox 699 3525 855 3589; x_wconf 81' lang='lat' dir='ltr'>confessi</span> <span class='ocrx_word' id='word_1_240' title='bbox 875 3524 1028 3606; x_wconf 89' lang='lat' dir='ltr'>fuerant,</span> <span class='ocrx_word' id='word_1_241' title='bbox 1056 3533 1095 3588; x_wconf 93' lang='lat' dir='ltr'>ut</span> <span class='ocrx_word' id='word_1_242' title='bbox 1120 3527 1262 3606; x_wconf 89' lang='lat' dir='ltr'>assolet,</span> <span class='ocrx_word' id='word_1_243' title='bbox 1290 3526 1370 3589; x_wconf 89' lang='lat' dir='ltr'>aliis</span> <span class='ocrx_word' id='word_1_244' title='bbox 1396 3526 1599 3590; x_wconf 82' lang='lat' dir='ltr'>referebant</span> 
     </span>
     <span class='ocr_line' id='line_1_31' title="bbox 370 3631 1596 3714; baseline -0.001 -15"><span class='ocrx_word' id='word_1_245' title='bbox 370 3651 451 3699; x_wconf 91' lang='lat' dir='ltr'>cum</span> <span class='ocrx_word' id='word_1_246' title='bbox 465 3642 598 3714; x_wconf 89' lang='lat' dir='ltr'>quanta</span> <span class='ocrx_word' id='word_1_247' title='bbox 613 3650 678 3697; x_wconf 91' lang='lat' dir='ltr'>sua</span> <span class='ocrx_word' id='word_1_248' title='bbox 693 3633 937 3697; x_wconf 91' lang='lat' dir='ltr'>consolatione</span> <span class='ocrx_word' id='word_1_249' title='bbox 952 3641 987 3696; x_wconf 91' lang='lat' dir='ltr'>et</span> <span class='ocrx_word' id='word_1_250' title='bbox 1000 3631 1244 3697; x_wconf 88' lang='lat' dir='ltr'>satisfactione</span> <span class='ocrx_word' id='word_1_251' title='bbox 1260 3634 1415 3698; x_wconf 91' lang='lat' dir='ltr'>confessi</span> <span class='ocrx_word' id='word_1_252' title='bbox 1433 3633 1596 3714; x_wconf 89' lang='lat' dir='ltr'>fuissent;</span> 
     </span>
    </p>
   </div>
   <div class='ocr_carea' id='block_1_3' title="bbox 268 3740 1595 3822">
    <p class='ocr_par' dir='ltr' id='par_1_6' title="bbox 268 3740 1595 3822">
     <span class='ocr_line' id='line_1_32' title="bbox 268 3740 1595 3822; baseline -0.002 -16"><span class='ocrx_word' id='word_1_253' title='bbox 268 3753 271 3758; x_wconf 84' lang='lat'>&#39;</span> <span class='ocrx_word' id='word_1_254' title='bbox 369 3750 404 3806; x_wconf 92' lang='lat' dir='ltr'>et</span> <span class='ocrx_word' id='word_1_255' title='bbox 417 3742 468 3806; x_wconf 92' lang='lat' dir='ltr'>ita</span> <span class='ocrx_word' id='word_1_256' title='bbox 481 3753 555 3804; x_wconf 89' lang='lat' dir='ltr'>tarn</span> <span class='ocrx_word' id='word_1_257' title='bbox 576 3740 675 3804; x_wconf 90' lang='lat' dir='ltr'>multi</span> <span class='ocrx_word' id='word_1_258' title='bbox 695 3740 924 3820; x_wconf 89' lang='lat' dir='ltr'>accedebant,</span> <span class='ocrx_word' id='word_1_259' title='bbox 941 3750 979 3804; x_wconf 94' lang='lat' dir='ltr'>ut</span> <span class='ocrx_word' id='word_1_260' title='bbox 997 3742 1048 3804; x_wconf 89' lang='lat' dir='ltr'>eis</span> <span class='ocrx_word' id='word_1_261' title='bbox 1060 3740 1267 3806; x_wconf 89' lang='lat' dir='ltr'>satisfacere</span> <span class='ocrx_word' id='word_1_262' title='bbox 1278 3741 1423 3805; x_wconf 91' lang='lat' dir='ltr'>minime</span> <span class='ocrx_word' id='word_1_263' title='bbox 1438 3751 1595 3822; x_wconf 89' lang='lat' dir='ltr'>possent.</span> 
     </span>
    </p>
   </div>
   <div class='ocr_carea' id='block_1_4' title="bbox 368 3846 1597 4362">
    <p class='ocr_par' dir='ltr' id='par_1_7' title="bbox 368 3846 1597 4036">
     <span class='ocr_line' id='line_1_33' title="bbox 369 3846 1597 3929; baseline 0 -17"><span class='ocrx_word' id='word_1_264' title='bbox 369 3848 469 3912; x_wconf 93' lang='lat' dir='ltr'>Multi</span> <span class='ocrx_word' id='word_1_265' title='bbox 484 3858 602 3913; x_wconf 89' lang='lat' dir='ltr'>autem</span> <span class='ocrx_word' id='word_1_266' title='bbox 616 3848 762 3929; x_wconf 91' lang='lat' dir='ltr'>polliciti</span> <span class='ocrx_word' id='word_1_267' title='bbox 776 3846 918 3912; x_wconf 86' lang='lat' dir='ltr'>fuerant</span> <span class='ocrx_word' id='word_1_268' title='bbox 932 3848 1058 3912; x_wconf 90' lang='lat' dir='ltr'>crebro</span> <span class='ocrx_word' id='word_1_269' title='bbox 1073 3865 1112 3911; x_wconf 91' lang='lat' dir='ltr'>se</span> <span class='ocrx_word' id='word_1_270' title='bbox 1122 3847 1169 3911; x_wconf 94' lang='lat' dir='ltr'>ad</span> <span class='ocrx_word' id='word_1_271' title='bbox 1181 3847 1440 3912; x_wconf 91' lang='lat' dir='ltr'>confessionem</span> <span class='ocrx_word' id='word_1_272' title='bbox 1455 3857 1491 3912; x_wconf 89' lang='lat' dir='ltr'>et</span> <span class='ocrx_word' id='word_1_273' title='bbox 1506 3866 1597 3913; x_wconf 88' lang='lat' dir='ltr'>com-</span> 
     </span>
     <span class='ocr_line' id='line_1_34' title="bbox 368 3954 1443 4036; baseline -0.005 -15"><span class='ocrx_word' id='word_1_274' title='bbox 368 3957 572 4022; x_wconf 91' lang='lat' dir='ltr'>munionem</span> <span class='ocrx_word' id='word_1_275' title='bbox 587 3971 807 4036; x_wconf 89' lang='lat' dir='ltr'>accessuros,</span> <span class='ocrx_word' id='word_1_276' title='bbox 824 3956 887 4020; x_wconf 91' lang='lat' dir='ltr'>sed</span> <span class='ocrx_word' id='word_1_277' title='bbox 902 3972 974 4020; x_wconf 92' lang='lat' dir='ltr'>non</span> <span class='ocrx_word' id='word_1_278' title='bbox 989 3971 1110 4019; x_wconf 87' lang='lat' dir='ltr'>omnes</span> <span class='ocrx_word' id='word_1_279' title='bbox 1125 3954 1162 4018; x_wconf 92' lang='lat' dir='ltr'>id</span> <span class='ocrx_word' id='word_1_280' title='bbox 1177 3956 1443 4035; x_wconf 90' lang='lat' dir='ltr'>praestiterunt.</span> 
     </span>
    </p>

    <p class='ocr_par' dir='ltr' id='par_1_8' title="bbox 368 4056 1596 4362">
     <span class='ocr_line' id='line_1_35' title="bbox 431 4056 1594 4146; baseline 0.001 -19"><span class='ocrx_word' id='word_1_281' title='bbox 431 4061 519 4127; x_wconf 83' lang='grc'><strong>1368.</strong></span> <span class='ocrx_word' id='word_1_282' title='bbox 561 4063 642 4144; x_wconf 91' lang='lat' dir='ltr'>Ipso</span> <span class='ocrx_word' id='word_1_283' title='bbox 653 4063 709 4127; x_wconf 93' lang='lat' dir='ltr'>die</span> <span class='ocrx_word' id='word_1_284' title='bbox 720 4056 858 4127; x_wconf 87' lang='lat' dir='ltr'>sabbati</span> <span class='ocrx_word' id='word_1_285' title='bbox 871 4063 986 4127; x_wconf 87' lang='lat' dir='ltr'>sancti</span> <span class='ocrx_word' id='word_1_286' title='bbox 996 4061 1425 4128; x_wconf 90' lang='lat' dir='ltr'>DominusFerdinandus</span> <span class='ocrx_word' id='word_1_287' title='bbox 1437 4064 1480 4128; x_wconf 91' lang='lat' dir='ltr'>de</span> <span class='ocrx_word' id='word_1_288' title='bbox 1489 4062 1594 4146; x_wconf 86' lang='lat' dir='ltr'>Vega</span> 
     </span>
     <span class='ocr_line' id='line_1_36' title="bbox 368 4169 1596 4251; baseline -0.002 -14"><span class='ocrx_word' id='word_1_289' title='bbox 368 4172 554 4237; x_wconf 90' lang='lat' dir='ltr'>confessus</span> <span class='ocrx_word' id='word_1_290' title='bbox 577 4179 631 4235; x_wconf 90' lang='lat' dir='ltr'>est</span> <span class='ocrx_word' id='word_1_291' title='bbox 651 4169 750 4235; x_wconf 86' lang='lat' dir='ltr'>Patri</span> <span class='ocrx_word' id='word_1_292' title='bbox 770 4169 929 4235; x_wconf 91' lang='lat' dir='ltr'>Antonio</span> <span class='ocrx_word' id='word_1_293' title='bbox 951 4171 988 4236; x_wconf 90' lang='lat' dir='ltr'>in</span> <span class='ocrx_word' id='word_1_294' title='bbox 1011 4172 1227 4236; x_wconf 89' lang='lat' dir='ltr'>monasterio</span> <span class='ocrx_word' id='word_1_295' title='bbox 1252 4169 1313 4235; x_wconf 67' lang='lat' dir='ltr'>S.t¹</span> <span class='ocrx_word' id='word_1_296' title='bbox 1331 4169 1521 4251; x_wconf 87' lang='lat' dir='ltr'>Dominici‚</span> <span class='ocrx_word' id='word_1_297' title='bbox 1548 4172 1596 4235; x_wconf 86' lang='lat' dir='ltr'>ad</span> 
     </span>
     <span class='ocr_line' id='line_1_37' title="bbox 369 4278 950 4362; baseline -0.002 -18"><span class='ocrx_word' id='word_1_298' title='bbox 369 4280 464 4362; x_wconf 90' lang='lat' dir='ltr'>quod</span> <span class='ocrx_word' id='word_1_299' title='bbox 477 4279 545 4344; x_wconf 92' lang='lat' dir='ltr'>illis</span> <span class='ocrx_word' id='word_1_300' title='bbox 559 4278 683 4344; x_wconf 90' lang='lat' dir='ltr'>diebus</span> <span class='ocrx_word' id='word_1_301' title='bbox 698 4295 738 4343; x_wconf 91' lang='lat' dir='ltr'>se</span> <span class='ocrx_word' id='word_1_302' title='bbox 751 4289 950 4360; x_wconf 90' lang='lat' dir='ltr'>receperat.</span> 
     </span>
    </p>
   </div>
   <div class='ocr_carea' id='block_1_5' title="bbox 371 4416 568 4432">
    <p class='ocr_par' dir='ltr' id='par_1_9' title="bbox 371 4416 568 4432">
     <span class='ocr_line' id='line_1_38' title="bbox 371 4416 568 4432; baseline 0 0"><span class='ocrx_word' id='word_1_303' title='bbox 371 4416 568 4432; x_wconf 61' lang='lat' dir='ltr'>——n-——f</span> 
     </span>
    </p>
   </div>
   <div class='ocr_carea' id='block_1_6' title="bbox 369 4483 1597 4686">
    <p class='ocr_par' dir='ltr' id='par_1_10' title="bbox 369 4483 1597 4686">
     <span class='ocr_line' id='line_1_39' title="bbox 411 4483 1597 4542; baseline 0.002 -13"><span class='ocrx_word' id='word_1_304' title='bbox 411 4487 417 4520; x_wconf 82' lang='lat'><strong>¹</strong></span> <span class='ocrx_word' id='word_1_305' title='bbox 447 4487 513 4530; x_wconf 73' lang='lat' dir='ltr'>Vide</span> <span class='ocrx_word' id='word_1_306' title='bbox 528 4495 616 4542; x_wconf 72' lang='lat' dir='ltr'>supra.</span> <span class='ocrx_word' id='word_1_307' title='bbox 632 4492 650 4532; x_wconf 93' lang='lat' dir='ltr'>t.</span> <span class='ocrx_word' id='word_1_308' title='bbox 665 4497 690 4542; x_wconf 75' lang='lat' dir='ltr'>u,</span> <span class='ocrx_word' id='word_1_309' title='bbox 701 4497 762 4542; x_wconf 78' lang='lat' dir='ltr'>pag.</span> <span class='ocrx_word' id='word_1_310' title='bbox 777 4485 825 4541; x_wconf 72' lang='lat'>192,</span> <span class='ocrx_word' id='word_1_311' title='bbox 841 4499 863 4531; x_wconf 88' lang='lat' dir='ltr'>n.</span> <span class='ocrx_word' id='word_1_312' title='bbox 880 4486 929 4542; x_wconf 71' lang='lat' dir='ltr'>ato,</span> <span class='ocrx_word' id='word_1_313' title='bbox 944 4491 971 4530; x_wconf 84' lang='lat' dir='ltr'>et</span> <span class='ocrx_word' id='word_1_314' title='bbox 985 4487 1011 4532; x_wconf 86' lang='lat' dir='ltr'>ln</span> <span class='ocrx_word' id='word_1_315' title='bbox 1026 4487 1075 4532; x_wconf 90' lang='lat' dir='ltr'>hoc</span> <span class='ocrx_word' id='word_1_316' title='bbox 1089 4486 1146 4542; x_wconf 79' lang='lat' dir='ltr'>ipsu</span> <span class='ocrx_word' id='word_1_317' title='bbox 1160 4487 1298 4541; x_wconf 83' lang='lat' dir='ltr'>volumine,</span> <span class='ocrx_word' id='word_1_318' title='bbox 1313 4484 1436 4542; x_wconf 68' lang='lat' dir='ltr'>pag-257,</span> <span class='ocrx_word' id='word_1_319' title='bbox 1453 4495 1479 4529; x_wconf 88' lang='lat' dir='ltr'>u.</span> <span class='ocrx_word' id='word_1_320' title='bbox 1494 4483 1555 4540; x_wconf 74' lang='lat' dir='ltr'>litat,</span> <span class='ocrx_word' id='word_1_321' title='bbox 1570 4491 1597 4531; x_wconf 86' lang='lat' dir='ltr'>et</span> 
     </span>
     <span class='ocr_line' id='line_1_40' title="bbox 369 4558 595 4613; baseline 0.004 -11"><span class='ocrx_word' id='word_1_322' title='bbox 369 4570 429 4613; x_wconf 79' lang='lat' dir='ltr'>pag.</span> <span class='ocrx_word' id='word_1_323' title='bbox 439 4558 487 4611; x_wconf 70' lang='lat'>275,</span> <span class='ocrx_word' id='word_1_324' title='bbox 498 4569 522 4601; x_wconf 92' lang='grc' dir='ltr'>ιι.</span> <span class='ocrx_word' id='word_1_325' title='bbox 536 4559 595 4603; x_wconf 81' lang='lat' dir='ltr'>tuti.</span> 
     </span>
     <span class='ocr_line' id='line_1_41' title="bbox 409 4629 899 4686; baseline -0.004 -10"><span class='ocrx_word' id='word_1_326' title='bbox 409 4631 420 4666; x_wconf 81' lang='lat'>¹</span> <span class='ocrx_word' id='word_1_327' title='bbox 447 4629 514 4676; x_wconf 79' lang='lat' dir='ltr'>vioe</span> <span class='ocrx_word' id='word_1_328' title='bbox 525 4640 612 4685; x_wconf 77' lang='lat' dir='ltr'>supra,</span> <span class='ocrx_word' id='word_1_329' title='bbox 621 4636 639 4674; x_wconf 92' lang='lat' dir='ltr'>t.</span> <span class='ocrx_word' id='word_1_330' title='bbox 650 4643 678 4686; x_wconf 88' lang='lat' dir='ltr'>v,</span> <span class='ocrx_word' id='word_1_331' title='bbox 687 4641 748 4686; x_wconf 79' lang='lat' dir='ltr'>pag.</span> <span class='ocrx_word' id='word_1_332' title='bbox 758 4629 806 4686; x_wconf 74' lang='lat'>207,</span> <span class='ocrx_word' id='word_1_333' title='bbox 817 4641 833 4674; x_wconf 90' lang='lat' dir='ltr'>n</span> <span class='ocrx_word' id='word_1_334' title='bbox 850 4629 899 4674; x_wconf 81' lang='grc'><strong>603.</strong></span> 
     </span>
    </p>
   </div>
   <div class='ocr_carea' id='block_1_7' title="bbox 0 0 1826 5350">
    <p class='ocr_par' dir='ltr' id='par_1_11' title="bbox 0 0 1826 5350">
     <span class='ocr_line' id='line_1_42' title="bbox 0 0 1826 5350; baseline 0 3"><span class='ocrx_word' id='word_1_335' title='bbox 0 0 1826 5350; x_wconf 95' lang='lat' dir='ltr'> </span> 
     </span>
    </p>
   </div>
  </div>
 </body>
</html>
