<?xml version="1.0" encoding="UTF-8"?>
<!DOCTYPE html PUBLIC "-//W3C//DTD XHTML 1.0 Transitional//EN"
    "http://www.w3.org/TR/xhtml1/DTD/xhtml1-transitional.dtd">
<html xmlns="http://www.w3.org/1999/xhtml" xml:lang="en" lang="en">
 <head>
  <title>
</title>
<meta http-equiv="Content-Type" content="text/html;charset=utf-8" />
  <meta name='ocr-system' content='tesseract 3.04.00' />
  <meta name='ocr-capabilities' content='ocr_page ocr_carea ocr_par ocr_line ocrx_word'/>
</head>
<body>
  <div class='ocr_page' id='page_1' title='image "./vitaignatiiloio00polagoog_0379.png"; bbox 0 0 3642 5350; ppageno 0'>
   <div class='ocr_carea' id='block_1_1' title="bbox 774 402 1465 478">
    <p class='ocr_par' dir='ltr' id='par_1_1' title="bbox 774 402 1465 478">
     <span class='ocr_line' id='line_1_1' title="bbox 774 402 1465 478; baseline 0.009 -6"><span class='ocrx_word' id='word_1_1' title='bbox 774 405 834 472; x_wconf 75' lang='lat' dir='ltr'>Ax.</span> <span class='ocrx_word' id='word_1_2' title='bbox 857 402 926 474; x_wconf 79' lang='grc'>1556</span> <span class='ocrx_word' id='word_1_3' title='bbox 1410 404 1465 478; x_wconf 73' lang='lat'>369</span> 
     </span>
    </p>
   </div>
   <div class='ocr_carea' id='block_1_2' title="bbox 224 552 1469 4078">
    <p class='ocr_par' dir='ltr' id='par_1_2' title="bbox 230 552 1464 1588">
     <span class='ocr_line' id='line_1_2' title="bbox 230 552 1463 639; baseline 0.002 -16"><span class='ocrx_word' id='word_1_4' title='bbox 230 555 287 623; x_wconf 89' lang='lat' dir='ltr'>nis</span> <span class='ocrx_word' id='word_1_5' title='bbox 301 552 457 639; x_wconf 87' lang='lat' dir='ltr'><strong>Domini,</strong></span> <span class='ocrx_word' id='word_1_6' title='bbox 480 575 562 623; x_wconf 90' lang='lat' dir='ltr'>cum</span> <span class='ocrx_word' id='word_1_7' title='bbox 581 555 620 623; x_wconf 89' lang='lat' dir='ltr'>P.</span> <span class='ocrx_word' id='word_1_8' title='bbox 641 558 829 624; x_wconf 91' lang='lat' dir='ltr'>Cornelius</span> <span class='ocrx_word' id='word_1_9' title='bbox 843 557 1078 637; x_wconf 85' lang='lat' dir='ltr'>Brogelmans</span> <span class='ocrx_word' id='word_1_10' title='bbox 1093 558 1239 624; x_wconf 82' lang='lat' dir='ltr'><strong>Missam</strong></span> <span class='ocrx_word' id='word_1_11' title='bbox 1253 563 1463 639; x_wconf 85' lang='lat' dir='ltr'><strong>celebraret,</strong></span> 
     </span>
     <span class='ocr_line' id='line_1_3' title="bbox 230 665 1461 749; baseline 0.002 -18"><span class='ocrx_word' id='word_1_12' title='bbox 230 665 374 749; x_wconf 87' lang='lat' dir='ltr'>quidam</span> <span class='ocrx_word' id='word_1_13' title='bbox 388 667 560 731; x_wconf 88' lang='lat' dir='ltr'>bohemus</span> <span class='ocrx_word' id='word_1_14' title='bbox 572 675 651 747; x_wconf 92' lang='lat' dir='ltr'>post</span> <span class='ocrx_word' id='word_1_15' title='bbox 663 665 972 729; x_wconf 90' lang='lat' dir='ltr'>consecrationem</span> <span class='ocrx_word' id='word_1_16' title='bbox 983 667 1028 730; x_wconf 94' lang='lat' dir='ltr'>ad</span> <span class='ocrx_word' id='word_1_17' title='bbox 1039 685 1119 731; x_wconf 91' lang='lat' dir='ltr'>eum</span> <span class='ocrx_word' id='word_1_18' title='bbox 1131 670 1294 749; x_wconf 89' lang='lat' dir='ltr'>accessit,</span> <span class='ocrx_word' id='word_1_19' title='bbox 1308 678 1343 733; x_wconf 88' lang='lat' dir='ltr'>et</span> <span class='ocrx_word' id='word_1_20' title='bbox 1358 671 1461 735; x_wconf 89' lang='lat' dir='ltr'>malis</span> 
     </span>
     <span class='ocr_line' id='line_1_4' title="bbox 232 762 1463 858; baseline 0.002 -20"><span class='ocrx_word' id='word_1_21' title='bbox 232 774 352 838; x_wconf 87' lang='lat' dir='ltr'>verbis</span> <span class='ocrx_word' id='word_1_22' title='bbox 367 792 448 839; x_wconf 88' lang='lat' dir='ltr'>eum</span> <span class='ocrx_word' id='word_1_23' title='bbox 467 775 680 856; x_wconf 85' lang='lat' dir='ltr'>compellare</span> <span class='ocrx_word' id='word_1_24' title='bbox 696 771 705 805; x_wconf 85' lang='lat'><strong>¹</strong></span> <span class='ocrx_word' id='word_1_25' title='bbox 721 773 837 854; x_wconf 92' lang='lat' dir='ltr'>coepit</span> <span class='ocrx_word' id='word_1_26' title='bbox 857 781 891 837; x_wconf 91' lang='lat' dir='ltr'>et</span> <span class='ocrx_word' id='word_1_27' title='bbox 912 783 1082 855; x_wconf 89' lang='lat' dir='ltr'>tanquam</span> <span class='ocrx_word' id='word_1_28' title='bbox 1101 762 1334 841; x_wconf 88' lang='lat' dir='ltr'>idololatram</span> <span class='ocrx_word' id='word_1_29' title='bbox 1346 794 1463 858; x_wconf 89' lang='lat' dir='ltr'>repre·</span> 
     </span>
     <span class='ocr_line' id='line_1_5' title="bbox 232 879 1464 964; baseline 0.004 -20"><span class='ocrx_word' id='word_1_30' title='bbox 232 880 399 946; x_wconf 87' lang='lat' dir='ltr'>bendere.</span> <span class='ocrx_word' id='word_1_31' title='bbox 422 881 466 946; x_wconf 89' lang='lat' dir='ltr'>Et</span> <span class='ocrx_word' id='word_1_32' title='bbox 487 898 568 945; x_wconf 90' lang='lat' dir='ltr'>cum</span> <span class='ocrx_word' id='word_1_33' title='bbox 586 889 733 960; x_wconf 89' lang='lat' dir='ltr'>taceret,</span> <span class='ocrx_word' id='word_1_34' title='bbox 751 889 786 943; x_wconf 91' lang='lat' dir='ltr'>et</span> <span class='ocrx_word' id='word_1_35' title='bbox 804 879 952 944; x_wconf 85' lang='lat' dir='ltr'>Missam</span> <span class='ocrx_word' id='word_1_36' title='bbox 971 891 1246 963; x_wconf 85' lang='lat' dir='ltr'>prosequeretur</span> <span class='ocrx_word' id='word_1_37' title='bbox 1260 885 1464 964; x_wconf 90' lang='lat' dir='ltr'>praedictus</span> 
     </span>
     <span class='ocr_line' id='line_1_6' title="bbox 231 986 1464 1071; baseline 0.003 -20"><span class='ocrx_word' id='word_1_38' title='bbox 231 988 349 1052; x_wconf 91' lang='lat' dir='ltr'>Pater:</span> <span class='ocrx_word' id='word_1_39' title='bbox 363 986 443 1052; x_wconf 93' lang='lat' dir='ltr'>Non</span> <span class='ocrx_word' id='word_1_40' title='bbox 458 987 544 1053; x_wconf 90' lang='lat' dir='ltr'>mihi</span> <span class='ocrx_word' id='word_1_41' title='bbox 558 988 767 1068; x_wconf 81' lang='lat' dir='ltr'>respondes?</span> <span class='ocrx_word' id='word_1_42' title='bbox 782 988 895 1069; x_wconf 91' lang='lat' dir='ltr'>inquit</span> <span class='ocrx_word' id='word_1_43' title='bbox 908 987 975 1059; x_wconf 90' lang='lat' dir='ltr'>ille,</span> <span class='ocrx_word' id='word_1_44' title='bbox 989 988 1110 1067; x_wconf 83' lang='lat' dir='ltr'>lingua</span> <span class='ocrx_word' id='word_1_45' title='bbox 1124 989 1323 1071; x_wconf 86' lang='lat' dir='ltr'>bohemica;</span> <span class='ocrx_word' id='word_1_46' title='bbox 1341 1002 1374 1055; x_wconf 90' lang='lat' dir='ltr'>et</span> <span class='ocrx_word' id='word_1_47' title='bbox 1389 1009 1464 1055; x_wconf 88' lang='lat' dir='ltr'>ma·</span> 
     </span>
     <span class='ocr_line' id='line_1_7' title="bbox 232 1095 1463 1179; baseline 0.003 -20"><span class='ocrx_word' id='word_1_48' title='bbox 232 1112 316 1159; x_wconf 91' lang='lat' dir='ltr'>num</span> <span class='ocrx_word' id='word_1_49' title='bbox 332 1096 366 1159; x_wconf 93' lang='lat' dir='ltr'>in</span> <span class='ocrx_word' id='word_1_50' title='bbox 382 1095 493 1159; x_wconf 90' lang='lat' dir='ltr'>altum</span> <span class='ocrx_word' id='word_1_51' title='bbox 510 1096 635 1176; x_wconf 86' lang='lat' dir='ltr'>erexit,</span> <span class='ocrx_word' id='word_1_52' title='bbox 653 1104 692 1160; x_wconf 92' lang='lat' dir='ltr'>ut</span> <span class='ocrx_word' id='word_1_53' title='bbox 711 1112 792 1159; x_wconf 91' lang='lat' dir='ltr'>eum</span> <span class='ocrx_word' id='word_1_54' title='bbox 812 1110 934 1175; x_wconf 83' lang='lat' dir='ltr'>pugno</span> <span class='ocrx_word' id='word_1_55' title='bbox 954 1105 1166 1176; x_wconf 88' lang='lat' dir='ltr'>percuteret;</span> <span class='ocrx_word' id='word_1_56' title='bbox 1183 1096 1245 1166; x_wconf 88' lang='lat' dir='ltr'>sed</span> <span class='ocrx_word' id='word_1_57' title='bbox 1265 1098 1361 1161; x_wconf 84' lang='lat' dir='ltr'>dedit</span> <span class='ocrx_word' id='word_1_58' title='bbox 1381 1115 1463 1179; x_wconf 83' lang='lat' dir='ltr'>gra·</span> 
     </span>
     <span class='ocr_line' id='line_1_8' title="bbox 232 1201 1463 1287; baseline 0.002 -21"><span class='ocrx_word' id='word_1_59' title='bbox 232 1202 318 1266; x_wconf 90' lang='lat' dir='ltr'>tiam</span> <span class='ocrx_word' id='word_1_60' title='bbox 338 1202 514 1267; x_wconf 86' lang='lat' dir='ltr'>Dominus</span> <span class='ocrx_word' id='word_1_61' title='bbox 531 1203 592 1266; x_wconf 90' lang='lat' dir='ltr'>uni</span> <span class='ocrx_word' id='word_1_62' title='bbox 612 1220 657 1265; x_wconf 87' lang='lat' dir='ltr'>ex</span> <span class='ocrx_word' id='word_1_63' title='bbox 675 1203 818 1287; x_wconf 89' lang='lat' dir='ltr'>nostris,</span> <span class='ocrx_word' id='word_1_64' title='bbox 840 1202 900 1283; x_wconf 87' lang='lat' dir='ltr'>qui</span> <span class='ocrx_word' id='word_1_65' title='bbox 920 1201 1051 1267; x_wconf 86' lang='lat' dir='ltr'>Missae</span> <span class='ocrx_word' id='word_1_66' title='bbox 1072 1203 1299 1283; x_wconf 88' lang='lat' dir='ltr'>inserviebat,</span> <span class='ocrx_word' id='word_1_67' title='bbox 1320 1205 1463 1269; x_wconf 89' lang='lat' dir='ltr'>nomine</span> 
     </span>
     <span class='ocr_line' id='line_1_9' title="bbox 230 1308 1462 1391; baseline 0.001 -18"><span class='ocrx_word' id='word_1_68' title='bbox 230 1308 395 1391; x_wconf 89' lang='lat' dir='ltr'>Gaspari,</span> <span class='ocrx_word' id='word_1_69' title='bbox 412 1321 448 1374; x_wconf 92' lang='lat' dir='ltr'>et</span> <span class='ocrx_word' id='word_1_70' title='bbox 467 1310 528 1375; x_wconf 89' lang='lat' dir='ltr'>alii</span> <span class='ocrx_word' id='word_1_71' title='bbox 546 1310 688 1375; x_wconf 88' lang='lat' dir='ltr'>cuidam</span> <span class='ocrx_word' id='word_1_72' title='bbox 707 1310 784 1373; x_wconf 91' lang='lat' dir='ltr'>seni</span> <span class='ocrx_word' id='word_1_73' title='bbox 810 1310 871 1390; x_wconf 92' lang='lat' dir='ltr'>qui</span> <span class='ocrx_word' id='word_1_74' title='bbox 892 1308 1028 1389; x_wconf 90' lang='lat' dir='ltr'>aderat,</span> <span class='ocrx_word' id='word_1_75' title='bbox 1046 1319 1083 1373; x_wconf 94' lang='lat' dir='ltr'>ut</span> <span class='ocrx_word' id='word_1_76' title='bbox 1105 1310 1285 1375; x_wconf 90' lang='lat' dir='ltr'>hominem</span> <span class='ocrx_word' id='word_1_77' title='bbox 1305 1312 1403 1376; x_wconf 91' lang='lat' dir='ltr'>illum</span> <span class='ocrx_word' id='word_1_78' title='bbox 1418 1311 1462 1375; x_wconf 90' lang='lat' dir='ltr'>ab</span> 
     </span>
     <span class='ocr_line' id='line_1_10' title="bbox 231 1416 1462 1495; baseline 0.002 -14"><span class='ocrx_word' id='word_1_79' title='bbox 231 1417 335 1481; x_wconf 88' lang='lat' dir='ltr'>altari</span> <span class='ocrx_word' id='word_1_80' title='bbox 355 1417 556 1493; x_wconf 88' lang='lat' dir='ltr'>deductum,</span> <span class='ocrx_word' id='word_1_81' title='bbox 574 1418 656 1480; x_wconf 92' lang='lat' dir='ltr'>licet</span> <span class='ocrx_word' id='word_1_82' title='bbox 675 1416 1012 1495; x_wconf 86' lang='lat' dir='ltr'>obmurmurantem,</span> <span class='ocrx_word' id='word_1_83' title='bbox 1029 1425 1132 1481; x_wconf 90' lang='lat' dir='ltr'>extra</span> <span class='ocrx_word' id='word_1_84' title='bbox 1152 1419 1340 1483; x_wconf 89' lang='lat' dir='ltr'>ecclesiam</span> <span class='ocrx_word' id='word_1_85' title='bbox 1356 1419 1462 1483; x_wconf 91' lang='lat' dir='ltr'>dedu·</span> 
     </span>
     <span class='ocr_line' id='line_1_11' title="bbox 230 1533 363 1588; baseline 0.008 -1"><span class='ocrx_word' id='word_1_86' title='bbox 230 1533 363 1588; x_wconf 90' lang='lat' dir='ltr'>cerent.</span> 
     </span>
    </p>

    <p class='ocr_par' dir='ltr' id='par_1_3' title="bbox 229 1629 1460 2249">
     <span class='ocr_line' id='line_1_12' title="bbox 291 1629 1460 1713; baseline 0.005 -21"><span class='ocrx_word' id='word_1_87' title='bbox 291 1629 381 1695; x_wconf 83' lang='lat'>1550.</span> <span class='ocrx_word' id='word_1_88' title='bbox 425 1630 480 1695; x_wconf 76' lang='lat' dir='ltr'>Ex</span> <span class='ocrx_word' id='word_1_89' title='bbox 505 1631 632 1713; x_wconf 89' lang='lat' dir='ltr'>quibus</span> <span class='ocrx_word' id='word_1_90' title='bbox 656 1631 761 1696; x_wconf 87' lang='lat' dir='ltr'>facile</span> <span class='ocrx_word' id='word_1_91' title='bbox 789 1642 906 1712; x_wconf 89' lang='lat' dir='ltr'>potest</span> <span class='ocrx_word' id='word_1_92' title='bbox 930 1632 1080 1711; x_wconf 82' lang='lat' dir='ltr'>intelligi</span> <span class='ocrx_word' id='word_1_93' title='bbox 1105 1632 1141 1695; x_wconf 92' lang='lat' dir='ltr'>in</span> <span class='ocrx_word' id='word_1_94' title='bbox 1168 1633 1227 1696; x_wconf 92' lang='lat' dir='ltr'>illa</span> <span class='ocrx_word' id='word_1_95' title='bbox 1252 1633 1460 1699; x_wconf 84' lang='lat' dir='ltr'>confusione</span> 
     </span>
     <span class='ocr_line' id='line_1_13' title="bbox 230 1738 1460 1821; baseline 0.002 -19"><span class='ocrx_word' id='word_1_96' title='bbox 230 1739 430 1803; x_wconf 84' lang='lat' dir='ltr'>babilonico</span> <span class='ocrx_word' id='word_1_97' title='bbox 448 1739 659 1819; x_wconf 90' lang='lat' dir='ltr'>husitarum,</span> <span class='ocrx_word' id='word_1_98' title='bbox 675 1739 940 1820; x_wconf 90' lang='lat' dir='ltr'>pichardorum,</span> <span class='ocrx_word' id='word_1_99' title='bbox 954 1738 1272 1820; x_wconf 88' lang='lat' dir='ltr'>anabaptistarum,</span> <span class='ocrx_word' id='word_1_100' title='bbox 1290 1741 1460 1821; x_wconf 84' lang='lat' dir='ltr'>zuinglia·</span> 
     </span>
     <span class='ocr_line' id='line_1_14' title="bbox 231 1844 1460 1927; baseline 0.003 -18"><span class='ocrx_word' id='word_1_101' title='bbox 231 1862 368 1925; x_wconf 90' lang='lat' dir='ltr'>norum,</span> <span class='ocrx_word' id='word_1_102' title='bbox 395 1845 662 1911; x_wconf 87' lang='lat' dir='ltr'>lutheranorum</span> <span class='ocrx_word' id='word_1_103' title='bbox 689 1864 732 1909; x_wconf 93' lang='lat' dir='ltr'>ac</span> <span class='ocrx_word' id='word_1_104' title='bbox 754 1844 965 1925; x_wconf 88' lang='lat' dir='ltr'>jndaeornm</span> <span class='ocrx_word' id='word_1_105' title='bbox 993 1864 1075 1910; x_wconf 91' lang='lat' dir='ltr'>cum</span> <span class='ocrx_word' id='word_1_106' title='bbox 1103 1863 1235 1927; x_wconf 86' lang='lat' dir='ltr'>magna</span> <span class='ocrx_word' id='word_1_107' title='bbox 1261 1850 1400 1912; x_wconf 89' lang='lat' dir='ltr'>cautela</span> <span class='ocrx_word' id='word_1_108' title='bbox 1426 1860 1460 1913; x_wconf 88' lang='lat' dir='ltr'>et</span> 
     </span>
     <span class='ocr_line' id='line_1_15' title="bbox 229 1952 1460 2035; baseline 0.002 -19"><span class='ocrx_word' id='word_1_109' title='bbox 229 1952 441 2017; x_wconf 87' lang='lat' dir='ltr'>dexteritate</span> <span class='ocrx_word' id='word_1_110' title='bbox 456 1952 719 2033; x_wconf 87' lang='lat' dir='ltr'>procedendum</span> <span class='ocrx_word' id='word_1_111' title='bbox 730 1971 819 2018; x_wconf 91' lang='lat' dir='ltr'>esse.</span> <span class='ocrx_word' id='word_1_112' title='bbox 832 1952 914 2017; x_wconf 92' lang='lat' dir='ltr'>Fuit</span> <span class='ocrx_word' id='word_1_113' title='bbox 925 1963 1043 2017; x_wconf 91' lang='lat' dir='ltr'>autem</span> <span class='ocrx_word' id='word_1_114' title='bbox 1055 1954 1297 2035; x_wconf 89' lang='lat' dir='ltr'>constitutum,</span> <span class='ocrx_word' id='word_1_115' title='bbox 1311 1965 1349 2018; x_wconf 93' lang='lat' dir='ltr'>ut</span> <span class='ocrx_word' id='word_1_116' title='bbox 1362 1956 1460 2019; x_wconf 90' lang='lat' dir='ltr'>circa</span> 
     </span>
     <span class='ocr_line' id='line_1_16' title="bbox 229 2058 1457 2143; baseline 0.002 -20"><span class='ocrx_word' id='word_1_117' title='bbox 229 2070 397 2124; x_wconf 88' lang='lat' dir='ltr'>octavam</span> <span class='ocrx_word' id='word_1_118' title='bbox 410 2058 506 2125; x_wconf 57' lang='lat' dir='ltr'>smne</span> <span class='ocrx_word' id='word_1_119' title='bbox 527 2058 711 2125; x_wconf 90' lang='lat' dir='ltr'>Trinitatis</span> <span class='ocrx_word' id='word_1_120' title='bbox 726 2060 870 2125; x_wconf 90' lang='lat' dir='ltr'>scholae</span> <span class='ocrx_word' id='word_1_121' title='bbox 890 2060 1029 2124; x_wconf 91' lang='lat' dir='ltr'>initium</span> <span class='ocrx_word' id='word_1_122' title='bbox 1043 2071 1253 2137; x_wconf 88' lang='lat' dir='ltr'>sumeretur,</span> <span class='ocrx_word' id='word_1_123' title='bbox 1269 2072 1304 2126; x_wconf 88' lang='lat' dir='ltr'>ct</span> <span class='ocrx_word' id='word_1_124' title='bbox 1326 2062 1457 2143; x_wconf 85' lang='lat' dir='ltr'>profes·</span> 
     </span>
     <span class='ocr_line' id='line_1_17' title="bbox 234 2166 997 2249; baseline -0.003 -18"><span class='ocrx_word' id='word_1_125' title='bbox 234 2184 333 2233; x_wconf 92' lang='lat' dir='ltr'>sores</span> <span class='ocrx_word' id='word_1_126' title='bbox 348 2185 431 2232; x_wconf 90' lang='lat' dir='ltr'>suas</span> <span class='ocrx_word' id='word_1_127' title='bbox 446 2168 625 2233; x_wconf 91' lang='lat' dir='ltr'>orationes</span> <span class='ocrx_word' id='word_1_128' title='bbox 639 2168 799 2249; x_wconf 89' lang='lat' dir='ltr'>publicas</span> <span class='ocrx_word' id='word_1_129' title='bbox 814 2166 997 2231; x_wconf 89' lang='lat' dir='ltr'>haberent.</span> 
     </span>
    </p>

    <p class='ocr_par' dir='ltr' id='par_1_4' title="bbox 224 2273 1469 3753">
     <span class='ocr_line' id='line_1_18' title="bbox 292 2273 1457 2356; baseline 0.003 -19"><span class='ocrx_word' id='word_1_130' title='bbox 292 2274 379 2339; x_wconf 85' lang='lat'>1551.</span> <span class='ocrx_word' id='word_1_131' title='bbox 424 2274 708 2356; x_wconf 76' lang='lat' dir='ltr'>praescripserat</span> <span class='ocrx_word' id='word_1_132' title='bbox 723 2284 841 2339; x_wconf 91' lang='lat' dir='ltr'>autem</span> <span class='ocrx_word' id='word_1_133' title='bbox 855 2274 933 2338; x_wconf 89' lang='lat' dir='ltr'>Rex</span> <span class='ocrx_word' id='word_1_134' title='bbox 948 2274 986 2338; x_wconf 90' lang='lat' dir='ltr'>P.</span> <span class='ocrx_word' id='word_1_135' title='bbox 1003 2273 1146 2340; x_wconf 82' lang='lat' dir='ltr'>canisio</span> <span class='ocrx_word' id='word_1_136' title='bbox 1161 2293 1205 2339; x_wconf 90' lang='lat' dir='ltr'>ne</span> <span class='ocrx_word' id='word_1_137' title='bbox 1224 2276 1342 2356; x_wconf 84' lang='lat' dir='ltr'>Praga</span> <span class='ocrx_word' id='word_1_138' title='bbox 1362 2294 1457 2341; x_wconf 89' lang='lat' dir='ltr'>rece·</span> 
     </span>
     <span class='ocr_line' id='line_1_19' title="bbox 229 2380 1456 2462; baseline 0.002 -17"><span class='ocrx_word' id='word_1_139' title='bbox 229 2380 340 2462; x_wconf 87' lang='lat' dir='ltr'>deret,</span> <span class='ocrx_word' id='word_1_140' title='bbox 367 2382 479 2447; x_wconf 90' lang='lat' dir='ltr'>donec</span> <span class='ocrx_word' id='word_1_141' title='bbox 501 2382 738 2447; x_wconf 89' lang='lat' dir='ltr'>habitationes</span> <span class='ocrx_word' id='word_1_142' title='bbox 760 2391 795 2446; x_wconf 92' lang='lat' dir='ltr'>et</span> <span class='ocrx_word' id='word_1_143' title='bbox 816 2384 959 2446; x_wconf 89' lang='lat' dir='ltr'>scholae</span> <span class='ocrx_word' id='word_1_144' title='bbox 981 2382 1214 2447; x_wconf 89' lang='lat' dir='ltr'>concinnatae</span> <span class='ocrx_word' id='word_1_145' title='bbox 1235 2382 1395 2460; x_wconf 84' lang='lat' dir='ltr'>fuissent,</span> <span class='ocrx_word' id='word_1_146' title='bbox 1421 2394 1456 2447; x_wconf 91' lang='lat' dir='ltr'>et</span> 
     </span>
     <span class='ocr_line' id='line_1_20' title="bbox 228 2489 1455 2571; baseline 0.001 -18"><span class='ocrx_word' id='word_1_147' title='bbox 228 2506 290 2555; x_wconf 91' lang='lat' dir='ltr'>aes</span> <span class='ocrx_word' id='word_1_148' title='bbox 305 2490 458 2554; x_wconf 90' lang='lat' dir='ltr'>alienum</span> <span class='ocrx_word' id='word_1_149' title='bbox 473 2489 665 2554; x_wconf 91' lang='lat' dir='ltr'>conflatum</span> <span class='ocrx_word' id='word_1_150' title='bbox 679 2489 891 2553; x_wconf 90' lang='lat' dir='ltr'>dissolutum</span> <span class='ocrx_word' id='word_1_151' title='bbox 905 2498 1010 2553; x_wconf 92' lang='lat' dir='ltr'>esset.</span> <span class='ocrx_word' id='word_1_152' title='bbox 1027 2490 1071 2553; x_wconf 91' lang='lat' dir='ltr'>Et</span> <span class='ocrx_word' id='word_1_153' title='bbox 1090 2491 1255 2570; x_wconf 88' lang='lat' dir='ltr'>quamvis</span> <span class='ocrx_word' id='word_1_154' title='bbox 1270 2492 1313 2553; x_wconf 92' lang='lat' dir='ltr'>de</span> <span class='ocrx_word' id='word_1_155' title='bbox 1332 2506 1455 2571; x_wconf 90' lang='lat' dir='ltr'>perpe·</span> 
     </span>
     <span class='ocr_line' id='line_1_21' title="bbox 225 2594 1454 2680; baseline 0.002 -20"><span class='ocrx_word' id='word_1_156' title='bbox 225 2605 287 2660; x_wconf 87' lang='lat' dir='ltr'>tua</span> <span class='ocrx_word' id='word_1_157' title='bbox 298 2595 504 2661; x_wconf 87' lang='lat' dir='ltr'>fundatione</span> <span class='ocrx_word' id='word_1_158' title='bbox 514 2596 673 2662; x_wconf 86' lang='lat' dir='ltr'>curanda</span> <span class='ocrx_word' id='word_1_159' title='bbox 685 2608 719 2660; x_wconf 89' lang='lat' dir='ltr'>et</span> <span class='ocrx_word' id='word_1_160' title='bbox 731 2596 807 2678; x_wconf 87' lang='lat' dir='ltr'>ejus</span> <span class='ocrx_word' id='word_1_161' title='bbox 814 2597 942 2660; x_wconf 91' lang='lat' dir='ltr'>litteris</span> <span class='ocrx_word' id='word_1_162' title='bbox 954 2597 1153 2661; x_wconf 90' lang='lat' dir='ltr'>obtinendis</span> <span class='ocrx_word' id='word_1_163' title='bbox 1165 2594 1454 2680; x_wconf 74' lang='lat' dir='ltr'>agere²[animus</span> 
     </span>
     <span class='ocr_line' id='line_1_22' title="bbox 225 2702 1455 2786; baseline 0.001 -17"><span class='ocrx_word' id='word_1_164' title='bbox 225 2702 328 2786; x_wconf 90' lang='lat' dir='ltr'>erat],</span> <span class='ocrx_word' id='word_1_165' title='bbox 346 2705 462 2786; x_wconf 90' lang='lat' dir='ltr'>(prout</span> <span class='ocrx_word' id='word_1_166' title='bbox 476 2705 589 2770; x_wconf 91' lang='lat' dir='ltr'>Roma</span> <span class='ocrx_word' id='word_1_167' title='bbox 605 2715 814 2786; x_wconf 83' lang='lat' dir='ltr'>suggestum</span> <span class='ocrx_word' id='word_1_168' title='bbox 830 2705 970 2784; x_wconf 85' lang='lat' dir='ltr'>fuerat),</span> <span class='ocrx_word' id='word_1_169' title='bbox 992 2705 1167 2769; x_wconf 91' lang='lat' dir='ltr'>Dominus</span> <span class='ocrx_word' id='word_1_170' title='bbox 1188 2704 1455 2770; x_wconf 89' lang='lat' dir='ltr'>Vicecancella·</span> 
     </span>
     <span class='ocr_line' id='line_1_23' title="bbox 226 2811 1455 2895; baseline 0.001 -19"><span class='ocrx_word' id='word_1_171' title='bbox 226 2812 300 2876; x_wconf 92' lang='lat' dir='ltr'>rius</span> <span class='ocrx_word' id='word_1_172' title='bbox 313 2811 434 2895; x_wconf 92' lang='lat' dir='ltr'>Jonas,</span> <span class='ocrx_word' id='word_1_173' title='bbox 451 2811 679 2877; x_wconf 89' lang='lat' dir='ltr'>fidelissimus</span> <span class='ocrx_word' id='word_1_174' title='bbox 693 2813 841 2893; x_wconf 76' lang='lat' dir='ltr'>amicuS,</span> <span class='ocrx_word' id='word_1_175' title='bbox 857 2813 969 2876; x_wconf 90' lang='lat' dir='ltr'>suasit</span> <span class='ocrx_word' id='word_1_176' title='bbox 985 2823 1021 2876; x_wconf 93' lang='lat' dir='ltr'>ut</span> <span class='ocrx_word' id='word_1_177' title='bbox 1037 2813 1105 2878; x_wconf 93' lang='lat' dir='ltr'>hoc</span> <span class='ocrx_word' id='word_1_178' title='bbox 1120 2814 1302 2892; x_wconf 82' lang='lat' dir='ltr'>negotium</span> <span class='ocrx_word' id='word_1_179' title='bbox 1316 2831 1387 2877; x_wconf 90' lang='lat' dir='ltr'>non</span> <span class='ocrx_word' id='word_1_180' title='bbox 1399 2831 1455 2877; x_wconf 90' lang='lat' dir='ltr'>ur·</span> 
     </span>
     <span class='ocr_line' id='line_1_24' title="bbox 224 2919 1453 3001; baseline 0.002 -19"><span class='ocrx_word' id='word_1_181' title='bbox 224 2931 383 2998; x_wconf 81' lang='lat' dir='ltr'>geretur;</span> <span class='ocrx_word' id='word_1_182' title='bbox 401 2919 465 2985; x_wconf 88' lang='lat' dir='ltr'>sed</span> <span class='ocrx_word' id='word_1_183' title='bbox 479 2921 777 3001; x_wconf 89' lang='lat' dir='ltr'>quemadmodum</span> <span class='ocrx_word' id='word_1_184' title='bbox 796 2920 1011 2984; x_wconf 85' lang='lat' dir='ltr'>viennenses</span> <span class='ocrx_word' id='word_1_185' title='bbox 1025 2921 1196 3000; x_wconf 91' lang='lat' dir='ltr'>paulatim</span> <span class='ocrx_word' id='word_1_186' title='bbox 1211 2938 1253 2984; x_wconf 93' lang='lat' dir='ltr'>eo</span> <span class='ocrx_word' id='word_1_187' title='bbox 1273 2921 1453 3000; x_wconf 90' lang='lat' dir='ltr'>pervenis·</span> 
     </span>
     <span class='ocr_line' id='line_1_25' title="bbox 225 3027 1454 3108; baseline 0.002 -18"><span class='ocrx_word' id='word_1_188' title='bbox 225 3035 315 3106; x_wconf 92' lang='lat' dir='ltr'>sent,</span> <span class='ocrx_word' id='word_1_189' title='bbox 336 3037 373 3091; x_wconf 94' lang='lat' dir='ltr'>ut</span> <span class='ocrx_word' id='word_1_190' title='bbox 396 3027 534 3091; x_wconf 89' lang='lat' dir='ltr'>litteras</span> <span class='ocrx_word' id='word_1_191' title='bbox 548 3028 670 3108; x_wconf 86' lang='lat' dir='ltr'>regias</span> <span class='ocrx_word' id='word_1_192' title='bbox 688 3037 880 3108; x_wconf 89' lang='lat' dir='ltr'>perpetuae</span> <span class='ocrx_word' id='word_1_193' title='bbox 899 3027 1102 3090; x_wconf 88' lang='lat' dir='ltr'>donationis</span> <span class='ocrx_word' id='word_1_194' title='bbox 1122 3028 1333 3107; x_wconf 89' lang='lat' dir='ltr'>obtinerent,</span> <span class='ocrx_word' id='word_1_195' title='bbox 1356 3028 1404 3092; x_wconf 88' lang='lat' dir='ltr'>ita</span> <span class='ocrx_word' id='word_1_196' title='bbox 1420 3038 1454 3092; x_wconf 92' lang='lat' dir='ltr'>et</span> 
     </span>
     <span class='ocr_line' id='line_1_26' title="bbox 226 3133 1452 3216; baseline 0.002 -20"><span class='ocrx_word' id='word_1_197' title='bbox 226 3133 295 3214; x_wconf 89' lang='lat' dir='ltr'>ipsi</span> <span class='ocrx_word' id='word_1_198' title='bbox 316 3150 381 3198; x_wconf 93' lang='lat' dir='ltr'>suo</span> <span class='ocrx_word' id='word_1_199' title='bbox 405 3136 483 3199; x_wconf 94' lang='lat' dir='ltr'>loco</span> <span class='ocrx_word' id='word_1_200' title='bbox 509 3143 544 3199; x_wconf 91' lang='lat' dir='ltr'>et</span> <span class='ocrx_word' id='word_1_201' title='bbox 569 3145 728 3216; x_wconf 90' lang='lat' dir='ltr'>tempore</span> <span class='ocrx_word' id='word_1_202' title='bbox 748 3134 966 3198; x_wconf 89' lang='lat' dir='ltr'>dotationem</span> <span class='ocrx_word' id='word_1_203' title='bbox 984 3143 1191 3215; x_wconf 90' lang='lat' dir='ltr'>perpetuam</span> <span class='ocrx_word' id='word_1_204' title='bbox 1212 3144 1452 3214; x_wconf 84' lang='lat' dir='ltr'>expectarent.</span> 
     </span>
     <span class='ocr_line' id='line_1_27' title="bbox 226 3238 1455 3322; baseline 0.004 -20"><span class='ocrx_word' id='word_1_205' title='bbox 226 3238 299 3304; x_wconf 92' lang='lat' dir='ltr'>Nec</span> <span class='ocrx_word' id='word_1_206' title='bbox 321 3258 449 3322; x_wconf 91' lang='lat' dir='ltr'>parum</span> <span class='ocrx_word' id='word_1_207' title='bbox 470 3241 611 3306; x_wconf 91' lang='lat' dir='ltr'>interim</span> <span class='ocrx_word' id='word_1_208' title='bbox 631 3243 820 3307; x_wconf 87' lang='lat' dir='ltr'>videbatur</span> <span class='ocrx_word' id='word_1_209' title='bbox 842 3243 936 3306; x_wconf 91' lang='lat' dir='ltr'>mille</span> <span class='ocrx_word' id='word_1_210' title='bbox 958 3251 992 3305; x_wconf 92' lang='lat' dir='ltr'>et</span> <span class='ocrx_word' id='word_1_211' title='bbox 1013 3241 1293 3322; x_wconf 82' lang='lat' dir='ltr'>quadringentos</span> <span class='ocrx_word' id='word_1_212' title='bbox 1314 3242 1455 3307; x_wconf 90' lang='lat' dir='ltr'>daleros</span> 
     </span>
     <span class='ocr_line' id='line_1_28' title="bbox 231 3347 1453 3432; baseline 0.002 -21"><span class='ocrx_word' id='word_1_213' title='bbox 231 3347 372 3428; x_wconf 80' lang='lat' dir='ltr'>(singuli</span> <span class='ocrx_word' id='word_1_214' title='bbox 388 3359 506 3413; x_wconf 88' lang='lat' dir='ltr'>autem</span> <span class='ocrx_word' id='word_1_215' title='bbox 525 3360 606 3420; x_wconf 88' lang='lat' dir='ltr'>octo</span> <span class='ocrx_word' id='word_1_216' title='bbox 619 3349 732 3432; x_wconf 90' lang='lat' dir='ltr'>Julios</span> <span class='ocrx_word' id='word_1_217' title='bbox 754 3350 893 3414; x_wconf 91' lang='lat' dir='ltr'>italicos</span> <span class='ocrx_word' id='word_1_218' title='bbox 907 3351 965 3412; x_wconf 91' lang='lat' dir='ltr'>vel</span> <span class='ocrx_word' id='word_1_219' title='bbox 984 3351 1091 3429; x_wconf 92' lang='lat' dir='ltr'>paulo</span> <span class='ocrx_word' id='word_1_220' title='bbox 1110 3350 1260 3430; x_wconf 91' lang='lat' dir='ltr'>amplius</span> <span class='ocrx_word' id='word_1_221' title='bbox 1275 3350 1453 3429; x_wconf 88' lang='lat' dir='ltr'>valebant)</span> 
     </span>
     <span class='ocr_line' id='line_1_29' title="bbox 227 3455 1469 3539; baseline 0.001 -18"><span class='ocrx_word' id='word_1_222' title='bbox 227 3455 437 3536; x_wconf 86' lang='lat' dir='ltr'>obtinuisse,</span> <span class='ocrx_word' id='word_1_223' title='bbox 468 3458 633 3539; x_wconf 91' lang='lat' dir='ltr'>quamvis</span> <span class='ocrx_word' id='word_1_224' title='bbox 661 3457 793 3537; x_wconf 89' lang='lat' dir='ltr'>aliquid</span> <span class='ocrx_word' id='word_1_225' title='bbox 820 3457 902 3521; x_wconf 89' lang='lat' dir='ltr'>inde</span> <span class='ocrx_word' id='word_1_226' title='bbox 931 3457 1209 3520; x_wconf 90' lang='lat' dir='ltr'>subtrahendum</span> <span class='ocrx_word' id='word_1_227' title='bbox 1238 3467 1314 3522; x_wconf 89' lang='lat' dir='ltr'>erat</span> <span class='ocrx_word' id='word_1_228' title='bbox 1342 3466 1381 3521; x_wconf 93' lang='lat' dir='ltr'>ut</span> <span class='ocrx_word' id='word_1_229' title='bbox 1405 3460 1469 3522; x_wconf 80' lang='lat' dir='ltr'>illi</span> 
     </span>
     <span class='ocr_line' id='line_1_30' title="bbox 225 3563 1455 3648; baseline 0.001 -20"><span class='ocrx_word' id='word_1_230' title='bbox 225 3573 521 3643; x_wconf 89' lang='lat' dir='ltr'>sustentarentur,</span> <span class='ocrx_word' id='word_1_231' title='bbox 537 3563 649 3645; x_wconf 92' lang='lat' dir='ltr'>quiin</span> <span class='ocrx_word' id='word_1_232' title='bbox 666 3565 884 3648; x_wconf 84' lang='lat' dir='ltr'>monasterio</span> <span class='ocrx_word' id='word_1_233' title='bbox 906 3563 1100 3644; x_wconf 86' lang='lat' dir='ltr'>Oybinensi</span> <span class='ocrx_word' id='word_1_234' title='bbox 1122 3565 1231 3629; x_wconf 92' lang='lat' dir='ltr'>cultui</span> <span class='ocrx_word' id='word_1_235' title='bbox 1246 3565 1366 3628; x_wconf 88' lang='lat' dir='ltr'>divino</span> <span class='ocrx_word' id='word_1_236' title='bbox 1381 3582 1455 3629; x_wconf 90' lang='lat' dir='ltr'>ma·</span> 
     </span>
     <span class='ocr_line' id='line_1_31' title="bbox 225 3671 847 3753; baseline -0.003 -16"><span class='ocrx_word' id='word_1_237' title='bbox 225 3671 426 3737; x_wconf 88' lang='lat' dir='ltr'>nutenendo</span> <span class='ocrx_word' id='word_1_238' title='bbox 442 3689 587 3753; x_wconf 91' lang='lat' dir='ltr'>operam</span> <span class='ocrx_word' id='word_1_239' title='bbox 602 3682 704 3736; x_wconf 90' lang='lat' dir='ltr'>erant</span> <span class='ocrx_word' id='word_1_240' title='bbox 719 3671 847 3736; x_wconf 91' lang='lat' dir='ltr'>daturi.</span> 
     </span>
    </p>

    <p class='ocr_par' dir='ltr' id='par_1_5' title="bbox 224 3779 1453 4078">
     <span class='ocr_line' id='line_1_32' title="bbox 287 3779 1453 3861; baseline 0.002 -19"><span class='ocrx_word' id='word_1_241' title='bbox 287 3780 375 3844; x_wconf 83' lang='lat'>1552.</span> <span class='ocrx_word' id='word_1_242' title='bbox 418 3780 456 3843; x_wconf 92' lang='lat' dir='ltr'>P.</span> <span class='ocrx_word' id='word_1_243' title='bbox 477 3779 653 3844; x_wconf 88' lang='lat' dir='ltr'>Henricus</span> <span class='ocrx_word' id='word_1_244' title='bbox 668 3780 880 3860; x_wconf 79' lang='lat' dir='ltr'>BlysemiuS,</span> <span class='ocrx_word' id='word_1_245' title='bbox 896 3780 983 3860; x_wconf 92' lang='lat' dir='ltr'>ipsis</span> <span class='ocrx_word' id='word_1_246' title='bbox 997 3780 1098 3844; x_wconf 83' lang='lat' dir='ltr'>iestis</span> <span class='ocrx_word' id='word_1_247' title='bbox 1111 3780 1350 3861; x_wconf 81' lang='lat' dir='ltr'>PentecosteS,</span> <span class='ocrx_word' id='word_1_248' title='bbox 1372 3798 1453 3844; x_wconf 91' lang='lat' dir='ltr'>con·</span> 
     </span>
     <span class='ocr_line' id='line_1_33' title="bbox 225 3887 1451 3968; baseline 0.001 -17"><span class='ocrx_word' id='word_1_249' title='bbox 225 3887 385 3953; x_wconf 92' lang='lat' dir='ltr'>cionibus</span> <span class='ocrx_word' id='word_1_250' title='bbox 399 3887 617 3968; x_wconf 85' lang='lat' dir='ltr'>germanicis</span> <span class='ocrx_word' id='word_1_251' title='bbox 632 3887 667 3951; x_wconf 92' lang='lat' dir='ltr'>in</span> <span class='ocrx_word' id='word_1_252' title='bbox 683 3889 812 3968; x_wconf 88' lang='lat' dir='ltr'>templo</span> <span class='ocrx_word' id='word_1_253' title='bbox 831 3896 954 3950; x_wconf 88' lang='lat' dir='ltr'>nostro</span> <span class='ocrx_word' id='word_1_254' title='bbox 969 3888 1180 3967; x_wconf 91' lang='lat' dir='ltr'>principium</span> <span class='ocrx_word' id='word_1_255' title='bbox 1201 3888 1348 3952; x_wconf 88' lang='lat' dir='ltr'>daturus</span> <span class='ocrx_word' id='word_1_256' title='bbox 1363 3897 1451 3968; x_wconf 77' lang='lat' dir='ltr'>erat,</span> 
     </span>
     <span class='ocr_line' id='line_1_34' title="bbox 224 3994 1451 4078; baseline 0 -18"><span class='ocrx_word' id='word_1_257' title='bbox 224 3997 388 4078; x_wconf 90' lang='lat' dir='ltr'>quamvis</span> <span class='ocrx_word' id='word_1_258' title='bbox 403 3996 497 4060; x_wconf 88' lang='lat' dir='ltr'>enim</span> <span class='ocrx_word' id='word_1_259' title='bbox 511 3995 698 4059; x_wconf 88' lang='lat' dir='ltr'>bohemica</span> <span class='ocrx_word' id='word_1_260' title='bbox 711 3995 833 4074; x_wconf 84' lang='lat' dir='ltr'>lingua</span> <span class='ocrx_word' id='word_1_261' title='bbox 849 3994 954 4058; x_wconf 89' lang='lat' dir='ltr'>valde</span> <span class='ocrx_word' id='word_1_262' title='bbox 972 3995 1017 4058; x_wconf 92' lang='lat' dir='ltr'>sit</span> <span class='ocrx_word' id='word_1_263' title='bbox 1039 3995 1182 4059; x_wconf 88' lang='lat' dir='ltr'>diversa</span> <span class='ocrx_word' id='word_1_264' title='bbox 1197 4014 1217 4060; x_wconf 94' lang='lat' dir='ltr'>a</span> <span class='ocrx_word' id='word_1_265' title='bbox 1232 3997 1451 4075; x_wconf 86' lang='lat' dir='ltr'>germanica,</span> 
     </span>
    </p>
   </div>
   <div class='ocr_carea' id='block_1_3' title="bbox 164 4241 1455 4723">
    <p class='ocr_par' dir='ltr' id='par_1_6' title="bbox 261 4241 564 4299">
     <span class='ocr_line' id='line_1_35' title="bbox 261 4241 564 4299; baseline -0.01 -11"><span class='ocrx_word' id='word_1_266' title='bbox 261 4241 272 4276; x_wconf 88' lang='lat'>¹</span> <span class='ocrx_word' id='word_1_267' title='bbox 299 4241 346 4288; x_wconf 73' lang='lat' dir='ltr'>lde.</span> <span class='ocrx_word' id='word_1_268' title='bbox 355 4241 524 4299; x_wconf 75' lang='lat' dir='ltr'>compellere.</span> <span class='ocrx_word' id='word_1_269' title='bbox 562 4247 564 4254; x_wconf 92' lang='grc'><strong><em>·</em></strong></span> 
     </span>
    </p>

    <p class='ocr_par' dir='ltr' id='par_1_7' title="bbox 164 4313 1455 4723">
     <span class='ocr_line' id='line_1_36' title="bbox 164 4313 1454 4371; baseline 0 -13"><span class='ocrx_word' id='word_1_270' title='bbox 164 4355 165 4358; x_wconf 75' lang='grc'>,</span> <span class='ocrx_word' id='word_1_271' title='bbox 262 4314 274 4347; x_wconf 77' lang='lat'>⁸</span> <span class='ocrx_word' id='word_1_272' title='bbox 299 4314 346 4360; x_wconf 77' lang='lat' dir='ltr'>iis.</span> <span class='ocrx_word' id='word_1_273' title='bbox 357 4314 392 4359; x_wconf 71' lang='lat' dir='ltr'>Er</span> <span class='ocrx_word' id='word_1_274' title='bbox 405 4319 532 4370; x_wconf 78' lang='lat' dir='ltr'>quamvis</span> <span class='ocrx_word' id='word_1_275' title='bbox 543 4315 576 4359; x_wconf 83' lang='lat' dir='ltr'>de</span> <span class='ocrx_word' id='word_1_276' title='bbox 592 4316 727 4371; x_wconf 81' lang='lat' dir='ltr'>perpetua</span> <span class='ocrx_word' id='word_1_277' title='bbox 743 4313 907 4368; x_wconf 77' lang='lat' dir='ltr'>fundatione</span> <span class='ocrx_word' id='word_1_278' title='bbox 924 4314 1048 4359; x_wconf 81' lang='lat' dir='ltr'>curanda</span> <span class='ocrx_word' id='word_1_279' title='bbox 1063 4317 1089 4358; x_wconf 79' lang='lat' dir='ltr'>et</span> <span class='ocrx_word' id='word_1_280' title='bbox 1106 4314 1166 4368; x_wconf 75' lang='lat' dir='ltr'>eJ&#39;us</span> <span class='ocrx_word' id='word_1_281' title='bbox 1181 4314 1283 4358; x_wconf 74' lang='lat' dir='ltr'>litteris</span> <span class='ocrx_word' id='word_1_282' title='bbox 1299 4314 1454 4358; x_wconf 77' lang='lat' dir='ltr'>obtinendis</span> 
     </span>
     <span class='ocr_line' id='line_1_37' title="bbox 223 4383 1452 4442; baseline 0 -13"><span class='ocrx_word' id='word_1_283' title='bbox 223 4396 302 4439; x_wconf 78' lang='lat' dir='ltr'>egere</span> <span class='ocrx_word' id='word_1_284' title='bbox 313 4387 403 4441; x_wconf 77' lang='lat' dir='ltr'>(proni</span> <span class='ocrx_word' id='word_1_285' title='bbox 413 4385 499 4431; x_wconf 84' lang='lat' dir='ltr'>Roma</span> <span class='ocrx_word' id='word_1_286' title='bbox 508 4389 667 4442; x_wconf 68' lang='lat' dir='ltr'>suggestum</span> <span class='ocrx_word' id='word_1_287' title='bbox 672 4384 791 4441; x_wconf 80' lang='lat' dir='ltr'>suerat),</span> <span class='ocrx_word' id='word_1_288' title='bbox 807 4383 942 4430; x_wconf 80' lang='lat' dir='ltr'>Dominus</span> <span class='ocrx_word' id='word_1_289' title='bbox 958 4384 1228 4434; x_wconf 58' lang='lat' dir='ltr'>mercennurius...</span> <span class='ocrx_word' id='word_1_290' title='bbox 1241 4393 1294 4430; x_wconf 89' lang='lat' dir='ltr'>etc.</span> <span class='ocrx_word' id='word_1_291' title='bbox 1307 4384 1357 4429; x_wconf 85' lang='lat' dir='ltr'>Sed</span> <span class='ocrx_word' id='word_1_292' title='bbox 1367 4384 1393 4429; x_wconf 90' lang='lat' dir='ltr'>ln</span> <span class='ocrx_word' id='word_1_293' title='bbox 1403 4386 1452 4430; x_wconf 85' lang='lat' dir='ltr'>bac</span> 
     </span>
     <span class='ocr_line' id='line_1_38' title="bbox 222 4457 1454 4516; baseline 0.001 -14"><span class='ocrx_word' id='word_1_294' title='bbox 222 4458 332 4503; x_wconf 84' lang='lat' dir='ltr'>lectione</span> <span class='ocrx_word' id='word_1_295' title='bbox 341 4459 440 4516; x_wconf 79' lang='lat' dir='ltr'>eliquld</span> <span class='ocrx_word' id='word_1_296' title='bbox 450 4459 594 4504; x_wconf 79' lang='lat' dir='ltr'>desiderari</span> <span class='ocrx_word' id='word_1_297' title='bbox 606 4459 718 4512; x_wconf 82' lang='lat' dir='ltr'>videtur,</span> <span class='ocrx_word' id='word_1_298' title='bbox 730 4459 839 4503; x_wconf 85' lang='lat' dir='ltr'>verbum</span> <span class='ocrx_word' id='word_1_299' title='bbox 854 4457 920 4508; x_wconf 80' lang='lat' dir='ltr'>scil..</span> <span class='ocrx_word' id='word_1_300' title='bbox 935 4459 1002 4514; x_wconf 86' lang='lat' dir='ltr'>quod</span> <span class='ocrx_word' id='word_1_301' title='bbox 1017 4469 1122 4502; x_wconf 76' lang='lat' dir='ltr'>sensum</span> <span class='ocrx_word' id='word_1_302' title='bbox 1136 4458 1236 4512; x_wconf 85' lang='lat' dir='ltr'>primae</span> <span class='ocrx_word' id='word_1_303' title='bbox 1251 4458 1377 4502; x_wconf 79' lang='lat' dir='ltr'>orationla</span> <span class='ocrx_word' id='word_1_304' title='bbox 1386 4469 1454 4503; x_wconf 83' lang='lat' dir='ltr'>com·</span> 
     </span>
     <span class='ocr_line' id='line_1_39' title="bbox 222 4530 1455 4587; baseline 0.001 -14"><span class='ocrx_word' id='word_1_305' title='bbox 222 4531 299 4586; x_wconf 64' lang='lat' dir='ltr'>plenu</span> <span class='ocrx_word' id='word_1_306' title='bbox 308 4544 334 4575; x_wconf 82' lang='lat' dir='ltr'>v.</span> <span class='ocrx_word' id='word_1_307' title='bbox 343 4544 368 4587; x_wconf 72' lang='lat' dir='ltr'>g.</span> <span class='ocrx_word' id='word_1_308' title='bbox 384 4543 464 4586; x_wconf 72' lang='lat' dir='ltr'>agere</span> <span class='ocrx_word' id='word_1_309' title='bbox 479 4531 616 4582; x_wconf 79' lang='lat' dir='ltr'>volebant,</span> <span class='ocrx_word' id='word_1_310' title='bbox 630 4537 677 4576; x_wconf 82' lang='lat' dir='ltr'>ant</span> <span class='ocrx_word' id='word_1_311' title='bbox 691 4531 761 4576; x_wconf 79' lang='lat' dir='ltr'>eliud</span> <span class='ocrx_word' id='word_1_312' title='bbox 777 4530 869 4575; x_wconf 80' lang='lat' dir='ltr'>elmlle:</span> <span class='ocrx_word' id='word_1_313' title='bbox 886 4530 936 4574; x_wconf 81' lang='lat' dir='ltr'>nlsl</span> <span class='ocrx_word' id='word_1_314' title='bbox 951 4531 1037 4574; x_wconf 77' lang='lat' dir='ltr'>mavia</span> <span class='ocrx_word' id='word_1_315' title='bbox 1050 4542 1099 4585; x_wconf 88' lang='lat' dir='ltr'>pro</span> <span class='ocrx_word' id='word_1_316' title='bbox 1114 4540 1195 4584; x_wconf 81' lang='lat' dir='ltr'>agere</span> <span class='ocrx_word' id='word_1_317' title='bbox 1204 4531 1291 4574; x_wconf 85' lang='lat' dir='ltr'>dicere</span> <span class='ocrx_word' id='word_1_318' title='bbox 1306 4535 1455 4583; x_wconf 78' lang='lat' dir='ltr'>agerent.-</span> 
     </span>
     <span class='ocr_line' id='line_1_40' title="bbox 223 4602 1454 4670; baseline 0.001 -22"><span class='ocrx_word' id='word_1_319' title='bbox 223 4602 360 4649; x_wconf 80' lang='lat' dir='ltr'>Ceeternm</span> <span class='ocrx_word' id='word_1_320' title='bbox 377 4604 419 4649; x_wconf 79' lang='lat' dir='ltr'>edi</span> <span class='ocrx_word' id='word_1_321' title='bbox 437 4604 652 4659; x_wconf 76' lang='lat' dir='ltr'>Bnnusaosnona,</span> <span class='ocrx_word' id='word_1_322' title='bbox 662 4604 680 4647; x_wconf 84' lang='lat' dir='ltr'>l.</span> <span class='ocrx_word' id='word_1_323' title='bbox 691 4615 722 4657; x_wconf 78' lang='lat' dir='ltr'>c..</span> <span class='ocrx_word' id='word_1_324' title='bbox 740 4609 788 4658; x_wconf 88' lang='lat' dir='ltr'>t.1,</span> <span class='ocrx_word' id='word_1_325' title='bbox 800 4615 859 4658; x_wconf 66' lang='grc' dir='ltr'>ρας.</span> <span class='ocrx_word' id='word_1_326' title='bbox 872 4602 921 4656; x_wconf 74' lang='lat'>620,</span> <span class='ocrx_word' id='word_1_327' title='bbox 934 4604 977 4647; x_wconf 83' lang='lat' dir='ltr'>nbi</span> <span class='ocrx_word' id='word_1_328' title='bbox 993 4603 1073 4647; x_wconf 77' lang='lat' dir='ltr'>babes</span> <span class='ocrx_word' id='word_1_329' title='bbox 1084 4602 1181 4648; x_wconf 79' lang='lat' dir='ltr'>canisii</span> <span class='ocrx_word' id='word_1_330' title='bbox 1197 4604 1344 4658; x_wconf 81' lang='lat' dir='ltr'>epistolam,</span> <span class='ocrx_word' id='word_1_331' title='bbox 1359 4615 1411 4670; x_wconf 81' lang='lat' dir='ltr'>qna</span> <span class='ocrx_word' id='word_1_332' title='bbox 1421 4603 1454 4649; x_wconf 80' lang='lat' dir='ltr'>ed</span> 
     </span>
     <span class='ocr_line' id='line_1_41' title="bbox 223 4675 651 4723; baseline 0 -1"><span class='ocrx_word' id='word_1_333' title='bbox 223 4675 289 4722; x_wconf 84' lang='lat' dir='ltr'>hunc</span> <span class='ocrx_word' id='word_1_334' title='bbox 301 4678 383 4722; x_wconf 82' lang='lat' dir='ltr'>locuni</span> <span class='ocrx_word' id='word_1_335' title='bbox 393 4689 455 4723; x_wconf 78' lang='lat' dir='ltr'>usne</span> <span class='ocrx_word' id='word_1_336' title='bbox 465 4677 593 4723; x_wconf 76' lang='lat' dir='ltr'>Polaticus</span> <span class='ocrx_word' id='word_1_337' title='bbox 602 4683 651 4722; x_wconf 83' lang='lat' dir='ltr'>est.</span> 
     </span>
    </p>
   </div>
   <div class='ocr_carea' id='block_1_4' title="bbox 384 4766 1282 4838">
    <p class='ocr_par' dir='ltr' id='par_1_8' title="bbox 384 4766 1282 4838">
     <span class='ocr_line' id='line_1_42' title="bbox 384 4766 1282 4838; baseline -0.007 -9"><span class='ocrx_word' id='word_1_338' title='bbox 384 4766 422 4829; x_wconf 86' lang='lat' dir='ltr'>T·</span> <span class='ocrx_word' id='word_1_339' title='bbox 437 4787 478 4836; x_wconf 77' lang='lat' dir='ltr'>vt.</span> <span class='ocrx_word' id='word_1_340' title='bbox 1044 4817 1051 4826; x_wconf 90' lang='lat'><strong>.</strong></span> <span class='ocrx_word' id='word_1_341' title='bbox 1246 4785 1282 4838; x_wconf 75' lang='lat'>24</span> 
     </span>
    </p>
   </div>
   <div class='ocr_carea' id='block_1_5' title="bbox 0 0 1826 5350">
    <p class='ocr_par' dir='ltr' id='par_1_9' title="bbox 0 0 1826 5350">
     <span class='ocr_line' id='line_1_43' title="bbox 0 0 1826 5350; baseline 0 1"><span class='ocrx_word' id='word_1_342' title='bbox 0 0 1826 5350; x_wconf 95' lang='lat' dir='ltr'> </span> 
     </span>
    </p>
   </div>
  </div>
 </body>
</html>
