3642 5350
332 384 389 444 448
793 388 922 449 Canon.
941 390 1019 447 Soc.
1050 390 1121 461 jas.

400 532 487 597 1920.
531 533 621 613 Quia
637 544 757 619 tamen
771 534 947 615 quaedam
962 535 1107 613 negotia
1119 535 1155 597 in
1166 533 1385 613 Burgundia,
1402 550 1493 614 quae
1504 550 1566 615 pa-

335 641 404 703 tria
425 640 536 721 ipsius
558 652 646 719 erat,
663 641 884 722 expedienda
906 641 956 704 illi
973 640 1132 720 fuerunt,
1154 642 1323 719 (habebat
1341 641 1436 705 enim
1454 641 1565 705 eccle·

335 747 501 811 siasticos
526 748 663 811 reditus
688 758 722 811 et
742 748 811 811 alia
833 748 943 825 bona,
964 746 1008 810 de
1029 749 1156 827 quibus
1180 748 1314 827 aliquid
1338 748 1566 831 statuendum

335 862 425 932 erat,
441 864 632 935 antequam
648 855 684 918 in
702 855 841 919 Italiam
856 854 1026 934 veniret);
1044 852 1211 932 adjuncto
1225 854 1336 918 fratre
1349 863 1473 917 nostro
1492 853 1563 917 An·

337 962 459 1039 selmo,
476 961 537 1042 qui
551 978 632 1025 eum
648 962 890 1039 comitaretur,
904 962 940 1025 in
956 963 1108 1042 patriam
1122 960 1301 1042 profectus
1315 972 1380 1027 est.

399 1068 486 1132 1921.
531 1068 651 1131 Facile
666 1078 785 1131 autern
800 1067 920 1132 docuit
934 1066 1038 1149 hujus
1049 1067 1191 1149 juvenis
1209 1068 1439 1148 experientia,
1456 1086 1564 1149 quam

334 1176 575 1257 periculosum
589 1176 634 1239 sit
650 1176 792 1255 plantas
806 1192 932 1253 novas,
949 1186 1141 1255 antequam
1155 1175 1294 1239 radices
1308 1186 1430 1255 agant,
1446 1175 1567 1240 ventis

336 1283 654 1365 perturbationum,
671 1300 762 1363 quae
778 1283 813 1346 in
829 1284 945 1363 patria
960 1282 1123 1345 accidere
1137 1285 1263 1359 solent,
1276 1299 1464 1364 exponere3
1481 1284 1565 1348 dum

336 1390 430 1455 enirn
456 1400 562 1453 vacat
582 1390 737 1469 negotiis
754 1390 999 1471 expediendis
1021 1389 1097 1469 ipse
1116 1407 1138 1451 a
1157 1389 1357 1453 vocationis
1370 1391 1488 1469 gratia
1506 1408 1566 1454 ex·

336 1497 421 1562 cidit
436 1497 457 1561 ¹.

399 1597 487 1661 1922.
531 1594 633 1675 Quod
653 1597 778 1660 attinet
799 1597 844 1659 ad
860 1596 1050 1675 collegium
1064 1597 1108 1660 ab
1122 1596 1183 1659 illo
1198 1596 1308 1661 nobili
1321 1584 1480 1660 sabaudo
1498 1594 1566 1660 Lo·

317 1704 435 1768 ¹vanii
449 1704 649 1768 institutum
672 1700 695 1782 ¹,
713 1703 881 1783 sperabat
900 1700 1076 1766 Dominus
1095 1702 1220 1767 Petrus
1239 1704 1284 1766 de
1300 1703 1430 1767 Zarate
1447 1703 1484 1766 in
1504 1701 1564 1767 So·

337 1812 477 1875 cietatis
498 1814 625 1875 manus
648 1810 770 1875 venire
788 1826 910 1891 posse;
933 1823 967 1873 et
985 1827 1050 1890 per
1068 1809 1241 1874 Comitem
1254 1810 1381 1873 Feriae
1400 1827 1443 1874 ea
1460 1810 1506 1897 ‘de
1525 1826 1566 1873 re

338 1935 446 1999 agere
461 1926 638 1998 coeperat,
656 1926 690 1979 et
703 1933 767 1998 per
782 1916 940 1995 legatum
953 1914 1063 1996 Regis
1075 1915 1319 1981 Romanorum
1332 1917 1369 1979 id
1383 1916 1481 1996 prius
1492 1926 1564 1980 ten·

336 2033 491 2104 taverat;
508 2023 581 2103 sed,
603 2024 767 2104 quamvis
785 2040 832 2086 ex
851 2022 1005 2103 quinque
1023 2023 1300 2087 testamentariis
1319 2023 1428 2103 aliqui
1449 2022 1564 2088 Socie-

337 2132 404 2195 tati
423 2139 566 2195 nostrae
585 2129 673 2193 satis
693 2130 798 2193 amici
817 2138 953 2208 essent,
973 2147 1065 2194 unus
1083 2148 1222 2209 eorum,
1243 2131 1303 2211 qui
1322 2142 1399 2194 erat
1417 2129 1481 2194 Dr.
1502 2130 1566 2195 Mi·

338 2239 441 2302 chael
456 2239 543 2319 Bay,
557 2239 659 2301 aliter
671 2237 855 2313 sentiebat;
872 2248 951 2301 erat
963 2247 1082 2301 autem
1097 2237 1154 2301 hic
1169 2236 1303 2301 Rector
1314 2238 1463 2318 Collegii
1476 2238 1566 2302 Pon·

338 2345 447 2424 tificii;
464 2356 588 2425 postea
604 2353 739 2421 tamen,
756 2356 794 2409 ut
809 2344 994 2409 admonuit
1009 2344 1048 2408 Ρ.
1072 2344 1333 2426 Ribadeneyra,
1349 2345 1567 2409 intellectum

339 2462 391 2515 est
418 2462 667 2515 testamentum
692 2452 850 2515 defuncti
873 2452 967 2515 illius
989 2451 1206 2533 fundatoris,
1236 2452 1404 2515 subaudis
1429 2460 1566 2516 tantum

338 2560 455 2625 locum
470 2560 516 2622 ad
531 2560 719 2637 collegium
734 2558 956 2639 praedictum
970 2559 1182 2639 relinquere,
1203 2568 1238 2623 et
1258 2560 1308 2622 ita
1329 2576 1401 2623 non
1419 2559 1452 2622 ei
1470 2559 1566 2623 vide-

339 2667 444 2731 batur
458 2684 663 2731 successum
678 2667 809 2730 bonum
824 2667 935 2730 ullum
950 2665 1087 2746 sperari
1102 2683 1217 2746 posse.

403 2775 490 2838 1923.
533 2773 612 2839 Non
627 2775 787 2838 omittam
802 2773 896 2855 quod
915 2773 1068 2837 facultas
1082 2775 1142 2837 illa
1161 2775 1320 2854 erigendi
1339 2776 1502 2854 collegia,
1522 2774 1568 2838 de

341 2899 410 2962 qua
436 2881 598 2962 superius
621 2881 758 2960 egimus
788 2877 810 2959 ³,
837 2881 1027 2960 impetrata
1052 2879 1117 2943 fuit
1145 2882 1251 2961 paulo
1279 2891 1359 2961 post
1387 2899 1567 2946 recessum

342 2990 380 3053 P.
396 2989 525 3067 ignatii
540 3007 583 3052 ex
599 2989 668 3051 bac
682 2988 773 3066 vita;
795 2997 829 3051 et
850 3005 931 3051 cum
950 2997 1086 3069 septem
1106 2989 1285 3052 mensibus
1305 2990 1341 3051 in
1360 3006 1404 3052 eo
1425 2989 1569 3068 negotio

343 3095 380 3158 P.
402 3094 648 3174 Ribadeneyra
664 3097 676 3130 ⁴
693 3094 882 3169 haesisset,
904 3104 939 3157 et
958 3094 1102 3158 tandem
1119 3095 1185 3157 15.1
1203 3094 1357 3175 Augusti
1372 3113 1430 3159 res
1444 3096 1569 3160 suisset

344 3205 550 3283 impetrata,
570 3201 793 3264 adscribebat
809 3201 866 3264 ille
881 3200 1062 3280 suffragiis
1076 3200 1113 3266 P.
1135 3201 1265 3280 Ignatii
1285 3202 1570 3282 impetrationem

343 3310 452 3386 hanc,
476 3309 537 3388 qui
550 3307 672 3371 ultimo
688 3307 744 3372 die
757 3307 841 3390 Julii
855 3309 1103 3388 praecedentis
1122 3309 1169 3371 ad
1187 3308 1380 3373 Dominum
1395 3311 1571 3390 migrave-

351 3468 551 3480 ....-.....--—

387 3549 396 3583 1
423 3549 481 3604 Ipse
491 3549 665 3594 Rivadeneira
673 3549 698 3592 ln
708 3559 785 3602 opere
794 3559 839 3592 ms.
851 3547 988 3602 Dialogos,
1000 3560 1060 3603 pag.
1071 3547 1099 3592 63
1107 3555 1134 3592 et
1143 3555 1358 3603 teq.,remtotum
1366 3558 1482 3605 enarrat,
1490 3552 1574 3606 luget·

346 3635 394 3679 que
405 3622 576 3666 miserrimum
588 3620 663 3664 istius
673 3621 846 3663 adolescentis
856 3631 953 3669 casum.
965 3621 1008 3675 qui
1023 3631 1083 3664 reus
1098 3621 1183 3665 lactus
1193 3627 1220 3664 et
1229 3623 1360 3666 sententia
1366 3623 1460 3677 judicis
1469 3624 1573 3670 damna-

346 3702 397 3745 tus.
408 3693 495 3748 capite
505 3694 597 3747 plexus
607 3700 652 3734 est.
663 3691 703 3735 En
714 3691 769 3747 ojus
779 3692 869 3754 verba:
880 3692 919 3734 ⁴¹...
930 3690 1033 3735 Fueron
1047 3695 1063 3751 β
1078 3691 1207 3746 Borgoba.
1220 3693 1275 3736 Alli
1290 3704 1338 3736 con
1351 3696 1375 3737 el
1391 3684 1489 3748 regalo,
1499 3700 1514 3739 0
1524 3709 1573 3742 con

346 3769 369 3811 el
381 3767 499 3820 elemplo.
509 3767 524 3808 ό
534 3775 582 3808 con
592 3765 631 3808 las
641 3765 821 3818 persuasiones
831 3763 861 3807 de
872 3775 916 3810 sus
925 3764 1065 3808 hermanus
1078 3776 1096 3820 y
1106 3764 1203 3808 deudos
1216 3775 1244 3808 re
1256 3767 1384 3819 pervlrtio
1394 3796 1410 3810 ..
1425 3778 1479 3821 yse
1490 3770 1575 3824 quedo

346 3847 420 3882 entre
431 3838 519 3881 ellos...
530 3835 596 3879 Pero
607 3846 639 3880 no
649 3847 676 3878 se
686 3835 728 3878 lue
739 3835 869 3878 alabando
882 3835 913 3877 de
923 3835 980 3884 ello:
994 3847 1091 3890 porque
1105 3835 1169 3879 Dios
1183 3843 1288 3880 nuestro
1303 3836 1386 3881 Sellor
1398 3838 1482 3894 signio
1492 3843 1572 3886 teste

346 3910 458 3963 fugitivo
468 3908 574 3952 soldado
589 3907 639 3963 yle
655 3907 769 3958 alcanzd,
784 3905 948 3960 queritndole
963 3908 1056 3950 volver
1069 3909 1086 3950 a
1101 3919 1130 3950 su
1145 3909 1201 3950 real
1216 3911 1260 3964 ya
1273 3920 1304 3952 su
1318 3910 1432 3962 gloriosa
1445 3912 1572 3959 bandera.

347 3983 420 4028 Tur-o
430 3993 463 4026 no
474 3984 502 4024 se
512 3990 560 4035 que
570 3978 712 4034 pendentia
720 3973 752 4022 ‘en
763 3989 793 4022 su
802 3979 898 4033 patria.
909 3979 1052 4022 biritndole
1062 3980 1226 4034 malamente;
1239 3979 1352 4025 dieronle
1365 3994 1417 4026 una
1427 3985 1576 4032 cnchlllarla

347 4066 395 4110 quc
406 4055 431 4098 le
441 4055 518 4096 cruzo
529 4052 554 4095 la
565 4062 627 4096 cara
638 4063 654 4107 y
664 4052 688 4094 le
698 4050 757 4094 aleo
772 4051 872 4094 mucbo.
883 4049 939 4094 llas
949 4062 980 4093 no
994 4052 1144 4104 aprovechd
1159 4057 1214 4094 este
1229 4053 1303 4095 avlso
1317 4053 1350 4095 de
1365 4063 1470 4099 nuestro
1485 4055 1576 4112 Sellor,

347 4133 422 4170 antes
432 4136 459 4186 se
470 4127 531 4167 caso
542 4123 651 4176 despuas
662 4133 709 4166 con
722 4132 773 4165 una
783 4132 882 4186 muger,
894 4122 990 4166 tocada
1000 4122 1031 4164 de
1041 4121 1150 4176 berella,
1161 4134 1209 4176 que
1219 4123 1244 4165 le
1254 4122 1373 4168 luticiono
1385 4137 1400 4179 y
1411 4127 1435 4169 le
1449 4128 1578 4182 pervlrtio

348 4209 380 4242 en
390 4201 416 4242 la
429 4197 460 4240 ie.
471 4195 496 4240 Y
503 4195 661 4251 pervortido.
673 4205 705 4238 en
715 4195 754 4238 los
764 4195 945 4238 movlmlcntos
956 4194 1153 4248 yalteraclones
1163 4206 1212 4249 que
1222 4197 1372 4241 sucedleron
1383 4209 1415 4242 en
1424 4200 1463 4242 loo
1472 4201 1579 4245 estados

348 4269 379 4313 de
390 4267 502 4313 Flandes
513 4273 605 4311 contra
614 4268 638 4310 el
648 4265 704 4322 Rey
715 4265 746 4310 D.
758 4263 847 4318 Fellpe
858 4275 888 4308 su
898 4267 982 4314 senor,
998 4265 1082 4318 signio
1094 4267 1117 4309 el
1130 4267 1156 4309 la
1171 4273 1246 4320 parte
1257 4268 1288 4311 de
1299 4269 1338 4312 los
1352 4268 1482 4326 berejesy
1495 4271 1579 4315 rebel·

349 4343 401 4393 des,
412 4355 430 4399 y
440 4343 466 4385 al
475 4341 507 4384 lin
519 4340 560 4384 lue
570 4350 646 4393 preso
656 4349 703 4382 con
714 4344 793 4382 otros.
802 4335 826 4380 Y
836 4337 860 4380 el
871 4339 921 4380 ailo
931 4337 962 4380 de
974 4337 1026 4381 15⁶8
1036 4338 1225 4392 pdblicamente
1235 4341 1259 4383 le
1270 4339 1312 4383 lue
1322 4341 1432 4386 cortada
1446 4342 1473 4386 ln
1482 4343 1581 4387 cabeza

349 4425 421 4458 corno
432 4417 447 4457 a
458 4413 558 4456 traidor
567 4424 583 4466 y
594 4410 698 4454 rebelrle
709 4412 725 4453 a
735 4409 798 4454 Dios
808 4421 825 4464 y
836 4411 892 4452 asu
903 4407 983 4465 Rey.„

388 4486 400 4518 ¹
427 4485 494 4530 Vide
505 4495 592 4538 supra,
603 4496 629 4527 n.
641 4483 693 4526 tall
703 4489 729 4525 et
740 4481 800 4525 1875.

389 4558 400 4589 ³
428 4556 458 4600 N.
470 4555 533 4601 1915.

390 4631 401 4662 ⁴
429 4627 474 4676 bis.
486 4624 578 4682 reperit
591 4627 632 4670 hle
643 4629 671 4672 in
682 4638 712 4671 eo
723 4628 837 4682 negotio.
