3642 5350
783 393 847 455 Au.
870 396 939 457 1556
1422 398 1475 459 247

304 534 376 601 944.
418 534 490 605 Sed
519 556 585 605 nce
609 537 702 605 alius
725 527 869 622 quidam
888 543 1068 624 sacerdos,
1094 544 1308 611 Franciscus
1329 544 1473 611 Benedi-

246 653 326 710 ctus
349 648 508 727 numine,
535 649 595 730 qui
613 648 855 730 philosophiae
874 661 909 715 et
928 652 1128 734 theologiae
1147 652 1293 717 dederat
1314 670 1472 736 operam,

248 749 436 834 [admissus
450 753 528 837 estl.

306 860 377 925 945.
419 860 493 928 Sub
512 864 649 929 initium
668 864 773 946 hujus
788 867 872 931 anni
890 866 974 933 Dux
992 867 1106 932 Albae
1127 866 1135 899 ¹
1156 886 1200 931 ex
1222 866 1473 948 Longobardia

246 967 431 1050 Neapolim
444 971 554 1051 venit,
570 988 674 1052 quem
693 973 786 1037 male
800 973 965 1039 affectum
980 990 1066 1055 erga
1086 974 1309 1053 Societatem,
1325 984 1360 1039 et
1375 972 1474 1055 pejus

247 1075 364 1141 adhuc
379 1076 456 1157 eius
470 1094 618 1143 uxorem
632 1078 656 1158 ¹,
671 1080 862 1161 ferebatur3
879 1090 913 1145 et
928 1081 1007 1146 ideo
1022 1100 1102 1146 cum
1113 1082 1249 1147 litteras
1260 1080 1297 1145 P.
1311 1081 1472 1162 Ignatius

246 1183 298 1247 cis
310 1185 523 1266 scripsisset,
539 1187 666 1269 quibus
680 1186 868 1253 Societatis
883 1189 998 1254 officia
1014 1201 1119 1272 atque
1141 1190 1309 1271 obsequia
1328 1190 1361 1253 ei
1379 1187 1472 1253 dele-

247 1291 346 1356 rebat
360 1289 385 1370 ⁸,
401 1291 439 1356 P.
456 1292 734 1376 christophorus
750 1296 793 1361 de
807 1295 990 1377 Mendoza,
1007 1297 1154 1377 Rector,
1172 1297 1389 1362 existimavit
1411 1310 1473 1361 eas

244 1396 444 1463 reddendas
457 1418 530 1465 non
544 1418 634 1480 esse,
650 1403 744 1482 quod
757 1420 823 1467 nos
838 1412 1019 1485 tamquam
1034 1405 1235 1469 haereticos
1250 1415 1393 1486 propter
1405 1404 1472 1485 spi·

245 1504 386 1570 ritualia
405 1509 588 1589 exercitia,
611 1511 669 1573 vel
687 1510 814 1575 saltem
827 1520 1025 1592 suspectos
1041 1511 1172 1575 habere
1192 1512 1386 1576 dicebatur.
1403 1510 1472 1575 Sed

245 1610 283 1676 P.
310 1598 469 1693 ignatius
490 1617 744 1695 poenitentiam
768 1618 950 1699 praedicto
975 1618 1118 1683 Rectori
1140 1618 1301 1700 injunxit,
1319 1619 1472 1699 eoquod

246 1719 383 1785 litteras
417 1738 488 1788 non
521 1723 753 1805 reddidisset,
788 1735 824 1789 et
856 1735 894 1791 ut
930 1726 1050 1791 statim
1083 1724 1281 1791 reddendas
1317 1736 1470 1805 curaret,

244 1826 348 1909 jussit
361 1826 384 1893 ⁴.

288 1936 377 2000 uto.
420 1937 578 2004 Fuerunt
597 1940 705 2005 etiam
723 1941 876 2023 scriptae
895 1942 1033 2005 litterae
1053 1942 1098 2005 ad
1117 1941 1308 2006 Dominum
1329 1941 1472 2007 Franci·

247 2060 347 2108 scum
369 2043 585 2123 Pachecum,
601 2058 725 2129 postea
740 2048 981 2128 cardinalem,
999 2059 1032 2113 et
1048 2047 1239 2113 Dominum
1254 2046 1473 2112 Bemardum

246 2150 289 2215 de
308 2151 418 2217 Bolea
435 2153 458 2230 ⁸3
479 2163 514 2218 et
535 2154 677 2220 demum
701 2154 842 2236 Rector,
869 2156 914 2220 ad
931 2156 1069 2221 Ducem
1083 2156 1266 2235 deductuS,
1290 2155 1327 2219 P.
1345 2154 1473 2235 Ignatii

247 2260 383 2324 litteras
403 2262 435 2325 ei
454 2261 617 2342 reddidit,
634 2280 723 2345 quas
737 2281 860 2329 coram
873 2265 955 2346 ipso
969 2266 1053 2345 legit
1076 2274 1110 2329 et
1132 2281 1235 2329 suam
1254 2280 1400 2344 operam
1415 2262 1473 2327 oh·

244 2366 376 2433 tulitin
393 2366 583 2435 Societatis
596 2370 757 2435 favorem
771 2374 860 2437 satis
875 2372 1037 2438 officiose.

307 2476 377 2540 947.
420 2476 549 2557 Aiebat
563 2487 681 2549 autem
696 2478 871 2544 Dominus
884 2479 1089 2545 Bernartius
1104 2481 1147 2544 de
1158 2479 1348 2544 Boleanon
1359 2478 1474 2559 ipsum

247 2581 384 2647 Ducem
392 2584 456 2649 sed
468 2584 657 2649 Ducissam
665 2586 778 2652 Albae
792 2589 835 2652 de
846 2588 979 2653 nostris
989 2606 1060 2653 non
1072 2588 1160 2651 bene
1171 2586 1315 2666 sentire,
1324 2584 1420 2667 quod
1431 2585 1474 2649 de

246 2689 424 2758 Societate
443 2696 537 2766 mala
560 2695 672 2760 multa
695 2695 763 2776 ipsi
788 2697 899 2760 relata
925 2705 1055 2760 essent.
1081 2696 1153 2760 Alii
1179 2706 1296 2760 autem
1317 2691 1475 2774 ejusdem

134 2847 147 2870 .
248 2815 326 2863 esse
340 2801 536 2866 sententiae
555 2802 692 2868 Ducem
712 2803 965 2884 opinabantur,
986 2802 1047 2868 sed
1069 2811 1106 2867 ut
1128 2803 1245 2867 virum
1265 2801 1473 2884 prudentem

247 2905 469 2972 dissimulare
482 2906 506 2989 ⁸,
522 2910 617 2990 quod
639 2910 781 2975 minime
800 2911 953 2975 iaciebat
973 2910 1126 2976 Ducissa
1137 2928 1145 2990 ;
1167 2928 1248 2975 cum
1268 2909 1363 2974 enim
1382 2909 1475 2990 equi·

248 3015 429 3080 remilium
444 3015 583 3081 Rullum
598 3017 654 3097 (de
669 3034 738 3100 quo
754 3020 916 3100 superius
930 3019 1163 3097 meminimus,
1181 3033 1262 3081 eum
1275 3017 1319 3081 de
1332 3017 1474 3081 Floren·
1548 3044 1552 3051 ·

247 3121 321 3189 tino
339 3120 497 3206 Collegio
517 3125 713 3206 agebamus
727 3129 750 3202 ¹)
763 3127 1012 3208 alloqueretur,
1030 3126 1269 3206 interrogavit
1283 3142 1375 3205 eum,
1392 3141 1475 3192 num

247 3498 344 3548 quanto
353 3493 392 3537 sle
402 3492 560 3548 impoeslblle
571 3493 593 3536 sl
601 3494 696 3537 accettl
707 3494 748 3537 nel
757 3498 854 3544 nostem
861 3498 888 3536 er
898 3493 934 3537 lul
945 3493 1013 3538 larle
1020 3495 1084 3538 bene
1095 3493 1120 3536 di
1130 3499 1283 3536 tornareene
1291 3471 1475 3536 ebloneerrere

247 3575 264 3610 ι
273 3564 312 3620 1¹¹
321 3563 390 3620 piedl
401 3563 441 3609 del
451 3574 498 3608 eno
507 3564 651 3620 superlore,
660 3577 675 3609 o
685 3566 787 3609 elmeno
797 3564 823 3609 ln
832 3564 901 3608 altro
912 3565 1070 3610 monasterio
1081 3565 1140 3608 dell‘
1151 3564 1240 3608 ordine
1251 3574 1296 3608 eun
1311 3563 1379 3618 degli
1390 3563 1433 3618 pili
1443 3564 1476 3608 ri·

248 3632 464 3690 lornrarl.„1rlem.
475 3636 564 3692 eidem,
576 3637 623 3681 ta·
637 3637 745 3693 Aprilis.

288 3709 297 3742 ¹
325 3707 504 3754 Ferdlnendne
514 3708 629 3754 Alrarez
639 3707 671 3752 de
682 3706 787 3754 Tuledo.

287 3779 300 3813 ¹
326 3781 393 3826 Vide
403 3791 491 3836 snpra.
500 3791 563 3836 pez.
574 3780 651 3832 reum.
660 3780 710 3824 5⁶1.

288 3851 300 3884 ⁸
326 3850 421 3908 lgnetll
432 3852 537 3898 litterae
547 3858 606 3897 runt
616 3851 643 3896 ln
654 3850 750 3896 Carlas
759 3851 793 3896 de
803 3851 859 3895 San
872 3850 987 3904 Ignacr'o,
998 3857 1016 3894 t.
1027 3861 1132 3906 v1,pag.
1147 3849 1194 3895 110.

286 3925 300 3959 ⁴
325 3924 393 3968 Vide
403 3923 514 3978 ibidem,
524 3935 583 3979 pag.
594 3923 640 3967 lae.

286 3996 298 4030 ⁸
324 3994 382 4039 line
391 3996 496 4039 litterae
507 3996 621 4049 scriptae
629 3987 701 4039 luere
711 4006 728 4040 tt
740 3995 768 4038 Ρ.
777 3994 874 4048 Jacobo
885 3995 998 4052 Laynez.
1010 3994 1101 4038 “Circo
1113 3996 1138 4038 la
1150 3996 1244 4038 lettera
1255 3994 1279 4038 dl
1287 3993 1381 4037 Nostro
1390 3992 1475 4038 Pedre

246 4079 292 4124 per
301 4067 321 4112 il
330 4066 404 4136 Dpca
414 4067 440 4111 dl
451 4067 521 4111 Alve
531 4068 556 4110 ln
565 4068 624 4121 ognl
636 4068 710 4112 modo
720 4070 796 4113 vuole
807 4067 824 4112 ll
835 4068 873 4112 sla
889 4068 961 4121 data;
972 4078 999 4110 se
1014 4078 1150 4120 convenga
1164 4075 1291 4110 mostrare
1302 4077 1318 4110 u
1328 4075 1375 4108 sua
1387 4063 1477 4108 Eceel·

245 4140 319 4185 leuze
334 4138 421 4194 quelle
436 4137 483 4182 che
498 4137 594 4183 Nostro
609 4139 695 4183 Pedre
709 4140 736 4183 vi
750 4140 870 4193 ecrlve,o
887 4151 927 4193 no,
943 4142 1005 4183 sara
1019 4139 1129 4182 secondo
1137 4139 1185 4182 che
1195 4140 1290 4193 pererit
1300 4137 1478 4190 conveniente,

246 4211 400 4259 conterendo
409 4213 555 4258 hebraeol
566 4211 661 4269 Signor
671 4213 729 4258 Don
740 4212 873 4260 Bernurdn
881 4215 907 4257 di
918 4214 1020 4258 Bolcao
1031 4213 1086 4258 Don
1096 4211 1241 4257 Francesco
1250 4211 1367 4266 Pacleco,
1375 4211 1394 4255 11
1401 4213 1476 4266 quale

246 4283 403 4330 intendianro
412 4294 499 4328 eruere
509 4285 587 4329 molto
597 4285 687 4328 intimo
696 4287 722 4330 el
738 4284 833 4339 Signor
848 4285 930 4335 Duce,
947 4298 960 4329 e
976 4285 1039 4330 tutti
1054 4284 1096 4329 doi
1110 4296 1173 4328 euno
1188 4283 1267 4328 molto
1279 4283 1355 4328 aurici
1370 4283 1476 4328 noetrle

245 4355 325 4402 molto
333 4355 466 4402 dlvotldel
476 4355 506 4400 P.
513 4355 591 4400 litto.
600 4355 715 4413 Leynez.
724 4357 743 4402 11
753 4359 829 4413 quale
839 4359 925 4402 scrire
937 4369 953 4402 e
969 4357 1029 4402 tuttl
1046 4358 1110 4412 dol...
1122 4357 1257 4410 Polancue,
1268 4365 1301 4399 ex
1315 4366 1390 4408 corn„
1403 4348 1478 4399 Petri

247 4425 435 4482 christophoro
444 4428 476 4471 de
485 4426 617 4480 llendoee,
627 4428 664 4474 8.·
673 4427 770 4472 Martii.

286 4495 300 4530 ⁸
326 4496 372 4542 111.
382 4499 568 4544 disimulant.

287 4567 298 4600 ¹
327 4567 395 4613 Vide
403 4579 492 4625 eupre.
500 4580 561 4628 pag,
572 4570 620 4626 119,
630 4582 655 4614 n.
665 4569 714 4625 5⁶0,
724 4571 767 4615 nbl
778 4575 864 4617 temen
875 4582 954 4628 eques
965 4571 1007 4617 llle
1019 4571 1116 4618 emlcus
1124 4570 1263 4618 Societetlt
1272 4578 1321 4614 uon
1330 4567 1420 4614 Rullus
1429 4568 1474 4616 ted

250 4639 517 4699 Fulvuseppelletur.
