3642 5350
353 388 389 448 80
812 385 939 446 canor.
960 383 1036 444 Soc.
1057 385 1127 459 Jas.

321 601 327 616 ,
355 533 551 597 doctissimi
566 533 694 614 quique
710 532 777 595 viri
790 540 863 595 tam
875 531 1033 612 religiosi
1045 547 1151 612 quam
1163 531 1378 608 saeculares,
1391 530 1454 594 sed
1464 530 1586 594 Domi·

354 658 421 704 nus
437 656 501 720 pro
516 657 582 704 sua
596 639 753 732 bonitate
768 637 943 702 efficiebat
957 646 995 701 ut
1015 637 1161 701 feliciter
1183 654 1306 700 omnes
1326 637 1585 717 disputationes

354 745 392 812 P.
409 747 630 810 Emmanueli
644 745 892 826 succederent,
909 744 998 808 adeo
1014 753 1051 808 ut
1059 742 1133 824 jam
1144 761 1272 824 parum
1282 744 1406 807 liberet
1418 743 1584 824 cuiquam

354 871 436 917 cum
451 871 493 918 eo
508 853 689 934 disputare
706 853 727 916 ¹.

414 959 485 1024 280.
530 960 619 1026 Cum
648 961 862 1041 capuccinos
890 959 1075 1039 inviseret,
1106 968 1186 1039 post
1214 956 1401 1039 prandium
1426 959 1584 1022 cumeis

355 1078 534 1148 sumptum
549 1077 695 1132 coactus
710 1068 754 1130 ab
769 1068 821 1130 eis
835 1067 900 1131 fuit
915 1066 959 1129 de
974 1066 1080 1130 rebus
1099 1065 1341 1146 spiritualibus
1362 1073 1583 1145 extempora-

354 1193 458 1239 neam
486 1175 617 1238 habere
644 1176 863 1254 concionem,
893 1191 986 1255 quae
1013 1183 1133 1236 tamen
1160 1173 1212 1237 eis
1239 1188 1458 1263 magnopere
1483 1170 1584 1235 satis·

354 1283 448 1346 fecit.

415 1385 487 1451 281.
532 1387 621 1453 Cum
635 1387 756 1452 autem
769 1388 966 1468 Episcopus
989 1387 1035 1450 ad
1055 1384 1232 1468 quoddam
1254 1386 1510 1450 monasterium
1530 1401 1584 1448 or·

357 1496 452 1558 dinis
474 1493 557 1559 S.tle
579 1493 705 1559 Clarae
726 1494 923 1558 audiendae
943 1494 1086 1573 Missae,
1110 1511 1218 1574 quam
1239 1492 1286 1557 ibi
1310 1492 1348 1557 Ρ.
1375 1492 1586 1556 Emmanuel

355 1602 506 1682 dicebat,
524 1620 633 1666 causa
648 1602 784 1682 ivisset,
801 1602 930 1666 ibidem
944 1601 1053 1666 etiam
1071 1601 1279 1665 concionari
1298 1600 1508 1664 monialibus
1527 1599 1584 1662 de·

354 1709 440 1788 buit,
458 1719 492 1772 et
507 1710 648 1790 quidem
663 1726 744 1773 cum
758 1709 926 1790 Episcopi
941 1719 976 1771 et
989 1708 1138 1772 aliorum
1155 1724 1226 1771 non
1240 1707 1411 1771 mediocri
1430 1706 1583 1770 admira·

355 1816 462 1879 tione.

413 1921 484 1986 282.
528 1922 834 2002 Quemadmodum
859 1931 979 1986 autem
1007 1939 1052 1985 ex
1081 1920 1208 2003 oppido
1236 1919 1296 1984 8³¹
1326 1919 1487 1985 Severini
1514 1918 1584 1982 duo

353 2028 558 2093 sacerdotes
572 2046 704 2110 magno
721 2047 801 2093 cum
815 2028 957 2093 fervore
972 2026 1188 2092 Societatem
1197 2028 1337 2108 ingredi
1347 2028 1582 2108 postularunt,

353 2153 436 2201 cum
451 2137 499 2200 ibi
513 2136 553 2201 P.
568 2137 777 2200 Emmanuel
792 2147 1013 2217 versaretur;
1030 2137 1079 2200 ita
1094 2145 1128 2200 et
1147 2135 1327 2200 Camerini
1347 2135 1416 2199 duo
1438 2134 1584 2197 ludima-

353 2244 468 2324 gistri,
495 2261 647 2324 quorum
672 2245 761 2308 alter
786 2244 955 2307 sacerdos
980 2253 1069 2322 erat,
1096 2243 1235 2306 admitti
1255 2260 1293 2306 se
1313 2242 1350 2304 in
1369 2239 1584 2306 Societatem

354 2353 595 2432 postularunt;
612 2351 674 2415 sed
689 2350 728 2415 P.
744 2351 952 2414 Emmanuel
967 2350 1059 2413 hanc
1073 2349 1282 2413 admittendi
1292 2348 1498 2413 facultatem
1513 2365 1584 2411 non

352 2459 498 2533 habens
516 2458 605 2522 haec
620 2459 764 2539 negotia
780 2459 826 2521 ad
839 2456 1027 2522 Rectorem
1042 2457 1283 2520 Lauretanum
1295 2453 1488 2536 rejiciebat.
1502 2455 1584 2520 Alia

354 2583 426 2629 non
440 2582 557 2645 pauca
572 2565 751 2629 Camerini
766 2565 801 2628 in
817 2565 885 2628 hac
900 2564 1067 2627 missione
1088 2563 1184 2626 facta
1203 2572 1297 2642 sunt,
1321 2571 1359 2626 ut
1378 2562 1582 2626 reconcilia-

353 2672 469 2736 tiones
492 2671 749 2751 dissidentium,
771 2671 969 2735 sublevatio
990 2687 1186 2751 pauperum
1204 2669 1400 2752 hospitalis
1421 2669 1584 2749 expulsio

354 2780 606 2844 circulatorum
621 2797 666 2842 ex
680 2778 808 2859 plateis
823 2787 857 2841 et
872 2778 943 2840 alia
958 2779 1078 2840 multa.

414 2883 486 2947 283.
530 2883 615 2949 Post
630 2884 830 2966 quindecim
845 2900 932 2963 ergo
952 2884 1039 2963 dies,
1063 2900 1152 2963 quos
1174 2882 1352 2947 Camerini
1373 2892 1582 2965 exegerant,

353 2991 400 3054 ad
414 2991 515 3055 varia
531 2993 608 3055 loca
625 2991 798 3055 dioecesis
811 2990 962 3072 profecti
976 3000 1068 3071 sunt,
1093 3007 1136 3053 ac
1157 2990 1271 3070 primo
1292 2989 1338 3053 ad
1360 2990 1584 3053 Mateolanos

352 3097 531 3177 (Matelica
547 3114 669 3161 eorum
684 3098 813 3161 civitas
827 3097 990 3176 vocatur)
1005 3096 1165 3178 profecti,
1182 3098 1338 3160 maximo
1358 3114 1441 3161 cum
1459 3114 1585 3160 amore

352 3213 388 3267 et
403 3203 537 3267 honore
554 3223 575 3267 a
590 3204 779 3285 praefectis
793 3204 933 3285 excepti
954 3216 1048 3267 sunt.
1071 3201 1224 3282 Quidam
1244 3212 1364 3266 tamen
1386 3203 1585 3267 monachus

354 3308 393 3373 P.
410 3310 632 3373 Emmanueli
647 3326 724 3373 sese
745 3310 921 3391 opposuit,
942 3308 1035 3391 quod
1058 3309 1104 3372 ad
1125 3309 1444 3390 frequentationem
1466 3326 1584 3373 sacra·

353 3427 555 3481 mentorum
571 3417 709 3492 attinet,
726 3418 830 3497 bono,
846 3426 884 3480 ut
900 3416 1115 3480 credendum
1129 3426 1194 3496 est,
1217 3417 1292 3480 zelo
1313 3415 1458 3497 majoris
1478 3432 1583 3479 vene-

358 3524 509 3587 rationis
525 3524 744 3588 exhibendae
767 3534 1019 3587 sacrosanctae
1037 3524 1300 3603 Eucharistiae;
1322 3523 1385 3587 sed
1407 3522 1583 3586 obstinate

353 3631 444 3695 satis
470 3631 632 3694 crebram
657 3628 731 3710 ejus
756 3632 1020 3711 perceptionem
1044 3631 1175 3711 populo
1198 3629 1390 3693 convenire
1414 3630 1580 3709 negabat;

355 3736 584 3801 nihilominus
600 3736 766 3817 egregius
781 3736 888 3800 etiam
903 3754 1005 3801 exeo
1025 3738 1154 3817 populo
1173 3737 1309 3800 fruetus
1327 3737 1496 3799 collectus
1514 3746 1579 3799 est.

412 3841 483 3907 284.
528 3842 618 3922 Quia
644 3853 762 3907 autem
787 3843 922 3908 ordinis
945 3852 1022 3907 erat
1051 3841 1111 3908 S.ti
1143 3842 1327 3907 Francisci
1352 3843 1582 3908 concionator

352 3951 423 4030 ille,
442 3950 584 4031 scripsit
599 3950 797 4033 Episcopus
812 3950 992 4016 Camerini
1006 3950 1187 4015 Cardinali
1201 3949 1385 4032 Carpensi,
1406 3966 1529 4017 eorum
1548 3959 1583 4013 et

353 4066 558 4122 nostrorum
579 4059 785 4138 protectori,
809 4067 844 4122 et
864 4057 963 4121 Patri
987 4058 1094 4122 etiam
1121 4057 1273 4138 ignatio,
1298 4066 1516 4135 contestans,
1545 4073 1584 4119 se

313 4164 315 4167 ’
354 4174 555 4245 praesente,
573 4164 772 4246 quindecim
788 4166 912 4230 diebus
926 4184 1031 4229 mane
1050 4174 1086 4228 et
1105 4164 1245 4245 vesperi
1267 4164 1423 4246 quotidie
1445 4165 1584 4228 concio·

351 4281 477 4335 natum
493 4272 601 4336 fuisse
616 4271 654 4336 P.
672 4272 938 4337 Emmanuelem
953 4290 1034 4337 cum
1047 4288 1180 4352 magna
1197 4271 1319 4353 populi
1340 4271 1584 4335 satisfactione

353 4387 390 4441 et
404 4377 535 4459 fructu,
553 4378 612 4460 qui
627 4398 672 4443 ex
686 4379 883 4461 frequentia
897 4390 1202 4444 sacramentorum
1220 4380 1463 4462 proveniebat,
1489 4388 1524 4441 et
1545 4395 1584 4441 se

393 4621 401 4655 ¹
431 4620 498 4666 Vide
509 4620 631 4668 Litterae
640 4622 870 4678 Quadrimeslres,
878 4628 896 4669 t.
907 4634 944 4678 tr,
954 4634 1014 4679 pag.
1024 4622 1072 4667 578.
