3642 5350
798 462 861 523 Aa.
883 463 953 525 1556
1433 462 1488 521 707

256 606 454 689 videbatur,
471 616 506 673 et
519 607 697 673 conducta
712 608 838 673 domus
858 607 903 672 ad
928 607 1086 672 omnium
1101 605 1359 673 habitationem
1382 608 1488 672 simul

259 715 422 796 cumbis,
439 714 499 797 qui
511 714 584 796 J‘am
600 714 783 780 Granatae
797 714 1049 795 versabantur,
1064 713 1271 780 sufficiebat.

318 819 409 886 3062.
452 822 540 887 Erat
564 821 656 886 inter
681 822 848 900 novitios
875 821 936 903 qui
957 821 1024 886 hoc
1045 838 1139 886 anno
1160 822 1314 902 ingressi
1333 820 1486 902 lucrant,

260 927 325 994 Dr.
342 927 502 994 Didacus
516 929 560 993 de
574 928 808 1009 Avellaneda,
821 928 881 1009 qui
895 928 933 992 in
947 928 1190 993 Universitate
1202 926 1346 993 Osunae
1356 927 1488 993 Rector

261 1046 338 1101 erat
352 1046 387 1101 et
401 1036 603 1116 theologiae
618 1036 744 1115 lector,
762 1053 843 1100 cum
862 1036 908 1100 ad
928 1034 1142 1102 Societatem
1161 1054 1183 1100 a
1205 1036 1358 1101 Domino
1372 1047 1489 1101 motus

260 1154 325 1224 est,
341 1144 469 1223 viginti
484 1151 564 1209 octo
577 1160 692 1209 annos
706 1152 823 1222 natus;
838 1144 899 1225 qui
913 1142 982 1208 boc
995 1143 1111 1225 primo
1125 1160 1211 1207 vere
1226 1144 1414 1224 admissus,
1435 1144 1489 1208 sic

260 1250 483 1332 proficiebat,
507 1260 546 1315 ut
565 1248 641 1331 ejus
659 1250 841 1317 humilitas
860 1259 895 1314 et
915 1250 1105 1331 abnegatio
1124 1251 1286 1315 omnibus
1300 1251 1489 1316 admiratio

260 1367 354 1423 esset
381 1358 401 1437 ¹,
424 1358 532 1423 sicuti
555 1367 590 1422 et
611 1357 774 1437 Magistri
800 1358 985 1438 Martinez,
1012 1375 1116 1438 quern
1136 1357 1325 1423 Rectorem
1339 1356 1490 1440 Collegii

260 1464 350 1545 regii
364 1465 603 1545 granatensis,
618 1475 654 1529 et
668 1464 941 1545 Archiepiscopi
956 1465 1208 1530 consobrinum
1223 1466 1377 1529 diximus
1390 1464 1412 1545 ¹,
1429 1466 1490 1547 qui

260 1571 400 1637 dicebat
415 1572 710 1653 quemadmodum
725 1571 937 1638 Aristoteles
951 1572 1210 1653 philosophiam
1232 1573 1277 1637 ad
1298 1582 1416 1638 certas
1437 1589 1489 1636 re·

260 1681 364 1759 gulas
387 1678 589 1757 reduxerat,
607 1680 657 1744 ita
672 1680 815 1745 modum
834 1680 1013 1745 serviendi
1032 1678 1109 1743 Deo
1129 1680 1166 1744 in
1187 1680 1293 1745 domo
1313 1680 1489 1761 probatio·

261 1788 329 1867 nia
346 1787 392 1851 ad
406 1798 519 1852 artem
534 1787 726 1869 quamdam
739 1787 924 1851 reductam
939 1786 1064 1851 videri.

321 1892 412 1957 3063.
456 1893 511 1958 Ex
536 1894 659 1959 eadem
685 1893 928 1958 Universitate
953 1891 1095 1959 Osunae
1120 1894 1157 1958 iu
1181 1893 1338 1974 Baetica,
1364 1895 1488 1959 eodem

263 2012 434 2083 tempore,
450 2019 519 2083 quo
534 2000 573 2065 P.
590 2000 809 2066 Avellaneda
825 2000 1027 2065 Cordubam
1046 2002 1160 2081 venit,
1177 2001 1221 2065 de
1235 2019 1300 2065 suo
1315 2003 1352 2066 in
1372 2000 1488 2066 Socie-

263 2120 373 2174 tatem
392 2110 557 2190 ingressu
570 2107 634 2174 Dr.
655 2108 768 2187 Ferel,
790 2107 947 2189 eJusdem
961 2108 1103 2188 collegii
1118 2107 1260 2173 Osunae
1280 2108 1487 2190 collegialiS,

264 2214 431 2299 [agebat]‚
448 2216 509 2298 qui
522 2216 672 2281 celebris
681 2215 840 2280 medicus
852 2234 894 2279 ac
906 2214 1139 2297 philosophus
1146 2225 1182 2281 et
1190 2216 1265 2297 iam
1275 2217 1383 2280 etiarn
1394 2216 1489 2281 theo·

263 2326 366 2405 logus
376 2332 465 2388 erat.
481 2322 629 2388 Biennio
644 2332 726 2387 ante
744 2323 781 2387 id
800 2332 940 2404 tempus
960 2340 1042 2387 cum
1062 2321 1306 2403 Marchenam,
1327 2332 1367 2387 ut
1385 2324 1490 2389 medi·

262 2449 337 2511 cus,
354 2441 526 2496 evocatus
540 2439 634 2495 esset
648 2440 686 2495 ut
702 2428 891 2495 Ducissam
907 2439 1065 2509 curaret,
1089 2430 1230 2495 dixerat
1249 2429 1347 2495 Patri
1366 2430 1490 2495 Busta·

263 2548 382 2604 mante
396 2556 434 2605 se
449 2539 666 2618 theologiam
688 2537 811 2603 audire
831 2545 866 2601 et
888 2538 1030 2619 quidem
1044 2554 1087 2601 eo
1109 2538 1217 2601 animi
1232 2538 1432 2618 proposito,
1450 2549 1490 2601 ut

263 2645 477 2712 Societatem
490 2645 748 2728 ingrederetur.
764 2644 842 2710 Hoc
858 2661 945 2726 ergo
959 2661 1045 2711 vere
1056 2644 1102 2710 ad
1113 2645 1283 2710 exercitia
1298 2645 1490 2726 suscipien-

264 2755 310 2820 da
325 2771 363 2818 se
378 2753 536 2833 contulit,
553 2754 613 2817 ubi
632 2751 800 2817 Societati
819 2771 858 2816 se
873 2752 1039 2817 addicere
1053 2752 1228 2816 decrevit:
1245 2753 1304 2816 diu
1319 2761 1439 2816 tamen
1454 2752 1491 2816 id

265 2862 411 2938 distulit,
424 2861 546 2928 varias
558 2861 602 2925 ob
613 2877 754 2942 causas,
768 2868 802 2924 et
813 2877 894 2924 eum
905 2859 981 2942 ejus
992 2860 1104 2924 frater
1114 2859 1311 2941 praevenit;
1327 2860 1490 2942 quamvis

265 2969 312 3034 ad
325 2969 439 3050 ipsam
453 2968 731 3034 Universitatem
751 2966 894 3032 Osunae
916 2967 1087 3032 Societati
1101 2967 1351 3049 applicandam
1370 2967 1490 3031 utilem

265 3086 388 3158 postea
403 3093 548 3158 operam
563 3076 751 3157 praestitit,
776 3085 811 3140 et
826 3075 963 3140 Romae
977 3076 1095 3157 potius
1110 3092 1218 3156 quam
1233 3075 1317 3139 alibi
1336 3073 1492 3140 Societa-

265 3193 336 3248 tem
351 3183 491 3264 ingredi
505 3183 662 3265 optabat.
1155 3270 1158 3275 ‚

323 3289 414 3354 3064.
458 3290 587 3356 Mirum
602 3307 680 3356 esse
695 3300 730 3355 et
744 3289 1000 3372 propemodum
1016 3289 1218 3354 universale
1231 3289 1386 3355 studium
1405 3305 1492 3368 erga

265 3395 490 3478 Societatem,
505 3407 540 3462 et
556 3397 681 3462 indies
701 3399 827 3478 augeri
841 3395 879 3462 P.
896 3398 1127 3462 Bustamante
1148 3396 1359 3477 affirmabat,
1375 3414 1491 3478 quem·

265 3503 455 3570 admodum
480 3513 515 3568 et
534 3503 618 3570 Dux
637 3505 755 3571 Arcus
775 3505 812 3570 P.
834 3504 973 3585 Ignatio
992 3504 1152 3584 scripsit;
1173 3503 1272 3568 addit
1291 3512 1325 3566 et
1346 3520 1492 3568 causam

267 3608 355 3694 [cur]
371 3612 429 3677 Fr.
451 3611 656 3678 Ludovicus
680 3612 723 3676 de
749 3611 864 3677 Cruce
879 3609 891 3642 ⁸
905 3620 1032 3676 contra
1056 3610 1270 3675 Societatem
1284 3610 1424 3691 Hispali
1447 3611 1493 3675 sit

267 3720 441 3800 invectus,
468 3736 550 3784 cum
564 3718 754 3800 aliquando
778 3729 852 3783 tam
872 3734 1074 3800 propensus
1094 3718 1140 3782 ad
1159 3717 1273 3797 ipsam
1292 3715 1432 3798 luisset,
1456 3727 1494 3781 ut

268 3843 338 3890 non
354 3843 437 3891 raro
451 3827 585 3891 diceret
597 3843 637 3890 se
652 3843 751 3908 spem
762 3843 833 3891 non
848 3825 1031 3907 abJecisse,
1045 3825 1139 3906 quod
1151 3825 1188 3888 in
1203 3823 1417 3890 Societatem
1433 3826 1493 3889 ali·

268 3934 409 4015 quando
423 3942 517 3998 esset
530 3931 780 4014 admittendus
803 3933 897 4014 quod
918 3933 948 3996 si
969 3949 1041 3996 non
1059 3940 1255 4012 sperasset,
1272 3931 1495 3996 intolerabile

269 4040 345 4105 sore
361 4041 429 4106 sibi
442 4040 599 4120 dicebat3
615 4040 678 4105 sed
697 4029 802 4104 radix
817 4039 928 4104 animi
942 4048 1129 4120 tantopere
1144 4039 1282 4120 mutati,
1298 4050 1336 4103 ut
1353 4039 1494 4104 videba-

268 4157 326 4212 tur
339 4148 428 4213 haec
442 4147 525 4228 suit3
547 4148 641 4228 quod
661 4164 742 4212 cum
760 4146 818 4212 ille
837 4147 1078 4212 confessarius
1098 4147 1155 4210 vel
1169 4146 1403 4210 concionator
1417 4163 1495 4210 esse

268 4257 373 4320 vellet
388 4255 563 4337 Principis
579 4273 621 4320 ac
636 4254 905 4320 Gubernatricis
920 4254 1093 4337 Joannae,
1106 4261 1146 4318 ut
1156 4271 1203 4318 ex
1218 4255 1345 4318 litteris
1358 4253 1435 4335 ejus
1450 4253 1496 4318 ad

306 4499 314 4531 t
345 4499 435 4554 Agunt
445 4498 477 4542 de
487 4499 535 4544 hoc
544 4498 603 4544 viro
612 4497 733 4542 Litterae
743 4495 974 4550 Quadrimaesms,
983 4501 1003 4541 t.
1014 4507 1056 4549 rr,
1067 4507 1128 4552 pag.
1140 4497 1187 4542 ltl.

306 4568 318 4600 ²
347 4568 548 4616 consobrinum:
557 4581 637 4626 supra
647 4569 755 4614 verbnm
765 4571 814 4614 hoc
824 4567 878 4614 alla
888 4579 980 4614 mnne
988 4569 1095 4624 scripsit
1104 4569 1207 4613 sororia
1218 4567 1318 4623 filium.
1329 4567 1397 4614 Vide
1407 4581 1496 4626 supra,

268 4655 293 4688 ῃ.
302 4641 417 4760 &aaa
425 4727 511 4774 snpra,
522 4728 546 4762 n.
554 4714 616 4760 2⁹⁸1.
