3642 5350
357 399 415 458 510
821 395 950 456 Cuaou.
971 393 1048 456 Soc.
1069 395 1140 469 Jns.

421 543 513 608 2209.
556 541 754 607 Monachus
780 541 942 623 quidam,
970 558 1102 605 novem
1126 559 1251 619 annos,
1278 540 1417 620 abiecto
1443 541 1594 620 cucullo,

359 651 458 717 vitiis
472 652 660 716 immersus
674 651 827 714 vixerat.
844 649 924 728 Hic,
941 657 1108 729 rogatus,
1130 647 1271 712 cuidam
1286 648 1453 713 concioni
1471 648 1510 712 Ρ.
1526 647 1593 712 Ra·

359 761 471 824 mirez
489 756 661 833 interfuit,
687 765 876 838 postquam
898 756 1036 819 Murcia
1052 754 1219 833 redierat,
1237 764 1428 836 antequam
1447 754 1592 820 Caesar-

359 874 552 946 augustam
580 863 881 946 proficisceretur;
905 871 940 926 et
969 878 1050 925 cum
1072 862 1115 926 de
1136 862 1175 925 Β.
1210 861 1445 942 Magdalenae
1474 864 1592 943 poeni·

356 973 466 1039 tentis
480 971 716 1037 conversione
735 979 872 1050 ageret,
896 981 1130 1050 compunctus
1150 969 1366 1047 monachus,
1387 970 1532 1033 domum
1553 987 1593 1033 se

359 1079 497 1161 recipit,
523 1079 561 1142 in
583 1079 765 1158 lacrymas
789 1076 1000 1157 prorumpit,
1025 1094 1047 1139 a
1073 1075 1200 1156 quibus
1220 1093 1283 1157 per
1301 1078 1433 1140 multos
1453 1075 1529 1140 dies
1554 1093 1593 1140 se

357 1199 559 1268 temperare
573 1203 645 1249 non
665 1184 796 1266 potuit;
818 1183 961 1248 tandem
981 1183 1028 1247 ad
1047 1184 1338 1248 concionatorem
1353 1182 1542 1264 accedenS,
1558 1194 1594 1248 et

358 1293 570 1374 resipiscere
583 1291 678 1356 serio
693 1291 852 1372 cupiens,
869 1291 985 1354 adsui
1001 1289 1135 1354 ordinis
1151 1289 1364 1355 Generalem
1379 1292 1510 1356 missus
1523 1300 1591 1368 est,

358 1419 404 1466 ac
419 1401 494 1482 ejus
508 1399 591 1464 fidei
605 1417 643 1463 se
658 1407 772 1463 totum
787 1398 976 1462 commisit.

419 1506 510 1572 2210.
554 1507 640 1570 Erat
654 1506 711 1569 vit
725 1505 869 1585 quidam
881 1503 1082 1583 Valentiae,
1092 1507 1152 1585 qui
1164 1514 1237 1568 tam
1249 1506 1362 1586 ipsius
1377 1505 1414 1570 Ρ.
1429 1505 1594 1570 Ramirez

357 1633 467 1698 quarn
482 1615 633 1679 aliorum
653 1612 696 1676 de
724 1611 902 1678 Societate
922 1611 1198 1676 nostraiamam
1217 1614 1381 1677 mordere
1401 1631 1591 1678 consueve-

357 1732 426 1788 rat.
443 1721 488 1799 ts,
504 1721 614 1786 semel
628 1737 708 1784 cum
723 1719 996 1783 concionantem
1011 1718 1219 1797 audivisset,
1232 1720 1451 1800 poenitentia
1465 1721 1595 1785 ductus

356 1841 393 1894 et
407 1829 588 1911 lacrymiS,
604 1844 775 1908 magnum
790 1843 828 1890 se
844 1825 1051 1890 thesaurum
1066 1835 1172 1892 antea
1186 1833 1196 1865 ¹
1218 1845 1288 1890 non
1303 1828 1496 1908 agnovisse
1510 1846 1593 1910 que·

357 1939 514 2002 rebatur.

377 2077 384 2094 ·
416 2045 491 2110 Nec
515 2041 684 2108 dissimile
709 2042 785 2120 suit,
809 2040 904 2122 quod
930 2041 1075 2122 quidam
1101 2041 1330 2106 vehementer
1356 2042 1393 2106 in
1417 2043 1457 2107 P.
1472 2041 1590 2106 Rami-

356 2171 417 2217 rez
432 2151 677 2228 invehebatur,
703 2157 738 2212 et
753 2147 895 2230 quidem
910 2148 1036 2213 eodem
1057 2150 1093 2213 in
1115 2151 1209 2228 loco,
1231 2149 1292 2212 ubi
1311 2150 1593 2214 concionaturus

355 2267 446 2338 erat,
462 2256 661 2321 maledictis
674 2272 737 2319 eos
752 2255 969 2335 incessebat,
986 2256 1046 2338 qui
1061 2255 1137 2336 ejus
1155 2260 1275 2336 partes
1293 2257 1406 2321 tutari
1424 2257 1591 2320 videban-

355 2376 426 2430 tur.
442 2363 585 2430 Accidit
599 2371 728 2441 autem,
747 2373 784 2426 ut
800 2380 881 2426 cum
896 2363 1060 2426 eumdem
1075 2361 1216 2427 Patrem
1231 2363 1268 2426 in
1283 2373 1494 2444 suggestum
1512 2381 1590 2445 pro·

356 2472 522 2538 deuntem
533 2470 768 2551 conspiceret,
781 2481 973 2550 antequam
984 2471 1193 2534 concionem
1204 2472 1438 2551 exordiretur,
1452 2481 1487 2535 et
1498 2481 1590 2553 post·

354 2597 462 2662 quam
478 2595 692 2660 progressus
706 2587 760 2642 est
775 2578 812 2641 in
827 2594 892 2641 sua
908 2576 1093 2655 concione,
1109 2579 1280 2658 lacrymis
1294 2579 1440 2658 obortis,
1463 2578 1591 2645 indesi-

353 2698 480 2752 nenter
487 2695 658 2768 gemeret,
669 2696 704 2749 et
715 2703 753 2749 se
764 2684 1047 2750 infelicissimum
1058 2685 1202 2764 diceret,
1214 2688 1308 2767 quod
1316 2687 1505 2767 hominem,
1517 2697 1589 2752 tam

354 2796 502 2877 pulchre
518 2794 560 2858 de
585 2794 663 2857 Deo
688 2794 902 2874 loquentem,
926 2794 1027 2875 prius
1051 2810 1123 2857 non
1141 2793 1350 2873 audivisset,
1371 2803 1405 2858 et
1420 2811 1588 2875 magnam

352 2902 524 2982 temporis
536 2901 714 2985 jacturam
728 2919 750 2964 a
766 2917 804 2963 se
819 2900 954 2965 iactam
970 2900 1123 2964 dolebat.

413 3008 505 3072 2211.
549 3006 668 3077 Etiam
693 3006 769 3086 ipse
784 3006 821 3070 Ρ.
839 3006 957 3071 Mirou
971 3007 1037 3070 sub
1057 3016 1265 3073 autumnum
1285 3010 1491 3073 concionari
1511 3027 1591 3074 coe·

353 3117 415 3198 pit,
432 3124 513 3195 post
528 3112 567 3177 P.
585 3113 749 3177 Ramirez
763 3112 971 3178 discessum.
988 3114 1112 3178 Lectio
1128 3115 1235 3178 etiam
1246 3132 1394 3179 casuum
1406 3116 1587 3181 conscien-

350 3224 434 3298 tiae,
451 3220 496 3284 ad
512 3219 753 3285 consessiones
768 3220 963 3285 audiendas
978 3221 1259 3302 accommodata,
1273 3224 1445 3303 explicari
1460 3232 1586 3304 coepta

350 3338 418 3408 est;
443 3328 480 3390 in
505 3327 560 3391 his
581 3334 710 3400 autem,
735 3327 795 3407 qui
814 3327 1000 3392 doctrinae
1018 3328 1235 3393 christianae
1257 3330 1449 3394 conciones
1464 3330 1588 3395 audire

350 3434 641 3517 perseverabant,
657 3433 794 3497 fructus
809 3452 881 3497 non
897 3434 1086 3499 mediocris
1101 3437 1324 3502 cernebatur.

411 3541 503 3606 2212.
546 3540 682 3605 Nobilis
703 3541 863 3622 quidam,
886 3558 1024 3607 summo
1044 3544 1123 3607 loco
1146 3553 1262 3622 natuS,
1286 3561 1367 3608 cum
1389 3546 1458 3609 tria
1479 3545 1587 3609 millia

350 3650 562 3715 ducatorum
583 3648 662 3712 lusu
687 3650 779 3712 male
803 3648 1046 3730 dilapidasset,
1068 3650 1224 3730 sibiipsi
1245 3652 1447 3731 indignans
1471 3654 1586 3717 solum

343 3765 491 3821 vertere
507 3756 727 3834 decreverat,
744 3756 862 3819 necin
881 3756 1037 3837 patriam
1054 3755 1188 3837 redire,
1208 3760 1271 3822 sed
1286 3760 1322 3822 in
1337 3760 1525 3840 quemdam
1540 3778 1585 3824 ex

350 3864 483 3928 nostris
498 3862 670 3941 incidens
687 3873 721 3926 et
737 3862 782 3927 ad
802 3863 1063 3927 consessionem
1079 3873 1309 3945 peccatorum
1323 3869 1512 3948 excitatuS,
1525 3886 1584 3949 pe·

348 3971 478 4035 cuniae
498 3970 749 4034 detrimentum
768 3971 945 4051 spirituali
963 3971 1116 4034 utilitate
1136 3976 1392 4053 compensavit.
1413 3975 1521 4054 Nam,
1543 3994 1586 4040 eo

350 4085 575 4142 sacramento
591 4077 847 4140 conscientiam
864 4093 1083 4157 expurgans,
1097 4077 1133 4142 id
1147 4096 1254 4161 saepe
1269 4098 1308 4144 se
1320 4082 1498 4147 facturum
1512 4083 1587 4165 pol·

348 4185 467 4249 licitus
483 4192 547 4248 est.
565 4182 718 4264 Quidam
733 4184 840 4248 etiam
855 4186 948 4248 alius
972 4184 1117 4264 nobilis,
1140 4187 1200 4266 qui
1215 4200 1367 4253 mortem
1388 4189 1493 4254 alteri
1513 4207 1584 4254 ma·

347 4292 561 4355 chinabatur
575 4293 619 4354 ob
635 4300 821 4371 acceptam
841 4290 887 4355 ab
908 4308 951 4355 eo
970 4290 1153 4374 injuriam,
1170 4311 1192 4357 a
1215 4295 1369 4377 quodam
1389 4314 1435 4360 ex
1455 4298 1587 4361 nostris

347 4397 563 4475 admonitus,
579 4396 752 4461 offensam
768 4398 917 4463 remisit.

410 4503 500 4567 2213.
544 4502 614 4568 Sed
629 4504 778 4584 insignis
792 4505 858 4570 fuit
873 4505 1058 4586 cuiusdam
1073 4509 1143 4573 viri
1164 4509 1322 4575 reductio
1338 4511 1384 4575 ad
1404 4511 1586 4577 meliorem

391 4636 400 4669 ¹
428 4634 681 4693 disrepetlthicse.
