3642 5350
794 374 859 433 Aa.
881 374 952 434 ibbo
1431 376 1486 437 759

255 522 386 603 ningae
401 522 648 601 versabantur,
664 521 807 587 alebant
820 519 841 601 ';
854 524 1020 603 quamvis
1030 524 1080 589 illi
1091 524 1198 589 etiam
1213 523 1282 588 illis
1292 522 1483 601 radicibus,

254 646 344 711 quas
357 646 423 711 pro
438 630 557 718 tritico
571 640 694 695 nostro
707 632 744 695 in
763 646 857 712 pane
871 629 1092 697 conficiendo
1110 630 1273 698 adhiberi
1292 630 1447 697 diximus
1460 627 1483 709 ¹,

255 736 477 817 victitabant;
487 736 532 803 ad
543 753 693 819 quarum
705 738 839 801 cultum
850 735 995 818 quidam
1006 738 1144 804 amicus
1153 739 1351 817 saecularis
1361 754 1487 803 servos

255 840 429 927 quosdam
441 843 556 909 nostri
569 843 720 924 collegii
734 842 938 908 adhibebat.

313 948 405 1018 3282.
448 949 600 1032 Quidam
615 950 723 1017 etiam
737 968 783 1016 ex
796 950 967 1016 fratribus
979 950 1108 1017 ibidem
1119 951 1308 1033 admissus,
1321 951 1381 1032 qui
1391 950 1485 1017 fabri

254 1058 395 1123 ferrarii
409 1057 561 1123 officium
575 1059 717 1124 tenebat
731 1068 766 1123 et
781 1057 981 1138 exercebat,
998 1076 1044 1123 ex
1062 1060 1118 1125 his
1131 1059 1258 1125 ferreis
1272 1060 1485 1125 instrumen-

253 1165 312 1246 tis,
328 1182 419 1247 quae
433 1164 643 1230 conficiebat
656 1174 691 1231 et
707 1181 788 1231 cum
802 1166 980 1231 alimentis
994 1168 1303 1248 permutabantur,
1321 1185 1367 1232 ex
1380 1177 1483 1248 parte

254 1281 458 1338 nostrorum
472 1288 648 1355 expensas
659 1271 828 1354 juvabat;
847 1290 931 1338 nam
952 1273 1060 1354 Regis
1079 1276 1222 1345 nomine
1240 1293 1313 1340 non
1332 1274 1487 1355 amplius

254 1396 361 1463 quam
384 1380 508 1445 decem
532 1378 653 1445 ducati
676 1379 827 1461 singulis
844 1380 1041 1461 mensibus,
1065 1390 1101 1447 et
1120 1399 1211 1465 quae
1230 1382 1277 1448 ad
1291 1382 1427 1447 victum
1449 1391 1486 1447 et

253 1488 421 1554 vestitum
434 1497 637 1551 nostrorum
651 1486 739 1553 satis
752 1495 870 1568 erant,
891 1487 1154 1568 tribuebantur;
1173 1498 1208 1553 et
1227 1489 1309 1572 quia
1330 1488 1486 1554 inlibris

255 1596 496 1661 ministrorum
509 1594 619 1676 Regis
631 1603 812 1677 tamquam
821 1594 1036 1677 stipendium
1045 1607 1248 1663 nostrorum
1259 1597 1296 1661 id
1305 1596 1484 1661 scribeba·

254 1713 323 1782 tur,
337 1703 405 1767 hoc
416 1711 494 1791 erat
504 1701 691 1767 consilium
701 1711 905 1767 nostrorum
915 1702 1187 1785 brasiliensium,
1196 1711 1236 1769 ut
1246 1721 1319 1769 non
1331 1704 1484 1785 amplius

255 1810 512 1889 admitteretur,
527 1809 596 1874 nisi
609 1808 769 1891 Collegio
784 1827 846 1891 per
862 1809 1006 1875 modum
1020 1810 1215 1877 dotationis
1228 1811 1306 1875 Rex
1317 1829 1360 1875 ea
1374 1811 1483 1893 appli-

255 1929 365 1999 caret,
381 1936 472 2000 quae
486 1918 533 1983 ad
547 1917 617 1983 hoc
634 1934 747 2000 usque
765 1927 905 1999 tempus
924 1928 961 1983 ut
980 1919 1194 2001 stipendium
1214 1920 1383 1999 sonabat,
1405 1936 1484 2001 pro·

253 2038 333 2109 pter
339 2026 434 2109 quod
441 2026 601 2091 nonnulli
610 2025 871 2107 suscipiendam
881 2041 961 2091 esse
972 2045 993 2092 a
1004 2026 1136 2091 nostris
1147 2027 1346 2091 animarum
1360 2044 1484 2091 curam

254 2134 458 2201 censebant.

312 2241 405 2307 3283.
447 2241 665 2308 Dubitabant
678 2241 786 2306 etiam
801 2258 848 2307 an
863 2260 908 2307 ex
920 2244 1181 2325 permutatione
1190 2260 1322 2322 rerum,
1335 2260 1427 2324 quae
1439 2242 1484 2307 ab

253 2352 313 2417 illo
324 2350 436 2416 fratre
446 2363 569 2415 nostro
580 2349 730 2414 ferrario
742 2348 1020 2415 conficiebantur
1031 2350 1211 2432 (Noguera
1222 2350 1274 2415 illi
1283 2366 1484 2431 cognomen

252 2461 354 2538 erat),
370 2458 482 2523 nostri
497 2458 665 2521 alimenta
679 2456 842 2539 accipere
857 2467 1013 2540 possent.
1030 2456 1249 2523 Dubitabant
1260 2459 1369 2523 etiam
1381 2477 1427 2523 an
1438 2476 1485 2523 ex

252 2568 346 2631 lacte
361 2582 565 2644 vaccarum,
581 2582 673 2647 quae
692 2564 812 2645 pueris
833 2575 936 2629 erant
960 2563 1127 2645 donatae,
1152 2566 1266 2631 nostri
1290 2567 1485 2631 sustentari

253 2684 408 2757 possent,
425 2691 506 2738 cum
519 2672 622 2755 pueri
634 2672 721 2738 nulli
735 2682 854 2738 essent
868 2673 964 2738 domi
977 2682 1133 2750 nostrae,
1151 2692 1216 2739 nec
1228 2672 1331 2755 juxta
1347 2673 1484 2740 Consti·

254 2783 409 2848 tationes
427 2781 540 2846 teneri
558 2781 596 2846 in
614 2780 778 2846 domibus
792 2782 925 2846 nostris
944 2789 1102 2862 possent.
1122 2783 1167 2847 Et
1181 2791 1301 2846 tamen
1315 2782 1376 2846 alii
1395 2781 1484 2846 redi·

253 2900 312 2954 tus
325 2889 410 2954 nulli
425 2899 545 2968 erant,
561 2886 725 2970 quamvis
739 2887 770 2952 si
783 2889 915 2957 nostris
929 2887 1053 2953 suisset
1072 2888 1284 2970 permissum
1298 2906 1395 2954 more
1409 2907 1484 2955 sae·

253 2998 425 3063 cularium
436 3013 500 3076 per
511 3012 637 3061 servos
648 2996 851 3060 necessaria
863 2995 909 3060 ad
921 2996 1055 3061 victum
1067 3013 1349 3078 praeparare,ex
1360 3013 1484 3062 eorum

252 3104 426 3172 industria
440 3103 544 3168 laclle
559 3103 751 3168 sustentari
764 3102 974 3184 potuissent.

310 3211 402 3277 3284.
445 3210 515 3276 Sed
539 3211 576 3276 id
593 3229 664 3277 non
683 3211 759 3275 sine
778 3226 909 3290 magna
929 3210 1160 3276 distractione
1180 3222 1387 3279 nostrorum
1408 3213 1485 3277 fieri

252 3328 403 3403 poterat;
419 3330 455 3384 et
470 3320 519 3384 ita
533 3318 572 3384 Ρ.
588 3317 770 3399 Nobrega,
787 3315 1023 3383 Prouincialis
1041 3319 1226 3401 Brasiliae,
1242 3320 1384 3402 scripsit
1404 3319 1482 3385 Dri.

251 3429 432 3508 Turrensi,
448 3426 688 3507 Portugalliae
702 3424 931 3504 Provinciali,
946 3433 985 3490 ut
998 3427 1172 3507 quasdam
1182 3428 1341 3492 decimas
1351 3447 1373 3492 a
1385 3428 1484 3508 Rege

252 3537 411 3602 obtinere
435 3534 622 3614 niteretur,
649 3534 776 3615 quibus
798 3531 996 3613 Collegium
1018 3543 1221 3600 nostrorum
1241 3535 1484 3616 Piratiningae

253 3651 523 3728 sustentaretum
540 3658 606 3706 nec
621 3641 715 3705 enim
729 3657 859 3722 pueros
873 3639 970 3705 domi
990 3645 1132 3706 nostrae
1151 3641 1386 3708 instituendos
1404 3660 1483 3706 cen·

252 3751 388 3830 sebant,
403 3750 472 3813 nisi
488 3749 606 3830 aliqua
621 3747 771 3812 iniretur
788 3747 880 3813 ratio
894 3750 947 3812 eis
962 3750 1164 3814 necessaria
1179 3768 1242 3832 per
1257 3750 1412 3833 aliquem
1426 3767 1483 3815 ex·

252 3869 392 3924 ternum
406 3856 567 3935 curandi3
583 3855 634 3920 ita
647 3864 685 3920 ut
698 3855 813 3920 nostri
828 3864 968 3920 tantum
978 3855 1209 3921 institutionis
1222 3874 1345 3922 eorum
1359 3873 1484 3922 curam

252 3974 433 4048 gererent,
450 3963 545 4045 quod
558 3964 595 4026 in
614 3963 752 4044 populis
771 3962 1008 4027 lusitanorum
1029 3962 1215 4028 ditioribus
1235 3963 1313 4028 fieri
1330 3974 1482 4046 poterat;

251 4092 333 4140 nam
348 4072 513 4156 quamvis
527 4071 622 4153 apud
641 4068 705 4136 S.¹¹¹
720 4069 962 4150 Vincentium,
978 4081 1123 4152 propter
1138 4071 1322 4136 hominum
1334 4089 1482 4154 pauper·

251 4192 372 4260 tatem,
393 4180 500 4263 pauci
520 4178 712 4246 admodum
731 4195 776 4242 ex
791 4178 1027 4259 eleemosynis
1045 4182 1238 4244 sustentari
1252 4189 1430 4261 poterant;
1446 4180 1483 4245 in

291 4355 299 4386 ¹
328 4353 485 4398 binniebat.

290 4425 302 4459 ¹
328 4423 375 4470 Ma.
385 4425 464 4468 babet
476 4433 543 4478 quas
551 4427 601 4477 pro
610 4422 701 4466 tritico
711 4422 840 4464 nostruin
850 4426 923 4476 pane
930 4419 1108 4477 conficiendos
1117 4431 1177 4466 esse
1186 4423 1318 4467 diximus.
1326 4421 1410 4478 Supra
1419 4435 1483 4468 vero

252 4501 271 4540 t.
282 4507 319 4547 lv,
328 4506 388 4550 pan.
397 4494 447 4550 (³88,
459 4507 482 4540 n.
494 4493 555 4546 lddd,
566 4481 623 4538 cu'm
634 4493 665 4538 de
675 4493 715 4538 bls
725 4491 857 4537 radicibut
871 4503 957 4537 sermo
973 4499 1049 4544 esset,
1064 4493 1195 4538 scrlbebat
1210 4492 1345 4539 Polaacua:
1359 4495 1440 4540 “Erat
1455 4504 1482 4540 et

252 4567 328 4614 radix
338 4568 473 4622 quaedam.
484 4567 563 4622 alpia
573 4565 683 4616 nornine,
693 4575 759 4619 quae
769 4565 849 4610 cruda
856 4564 937 4608 etlam
945 4565 1138 4618 comedebatur,
1146 4573 1174 4610 ut
1185 4574 1211 4610 er
1222 4567 1289 4613 allae
1297 4569 1434 4612 nonnullae
1441 4579 1482 4613 ra·

253 4639 332 4694 dicet,
343 4639 476 4694 exquibus
486 4639 561 4695 panis
571 4637 779 4690 conficiebatur,
