3642 5350
797 418 860 478 Ait.
883 418 952 478 1556
1436 421 1492 481 579

255 567 352 646 legio
367 566 614 644 versabantur,
638 573 780 646 praeter
802 564 960 645 hospites
982 565 1026 628 de
1047 563 1239 644 Societate,
1261 582 1342 629 curn
1364 567 1491 647 quibus

255 674 386 738 crebro
401 673 602 736 exercenda
617 681 694 736 erat
708 671 878 751 charitas;
893 688 1024 735 novem
1036 688 1082 736 ex
1094 673 1145 736 eis
1156 672 1363 737 sacerdotes
1374 683 1489 753 erant,

257 781 353 844 inter
372 796 462 860 quos
480 779 518 842 P.
542 779 778 843 Provincialis
801 778 923 842 Araoz
946 779 998 842 sic
1023 779 1179 858 negotiis
1202 779 1325 859 variis,
1351 779 1399 844 ad
1423 780 1491 846 Dei

257 898 381 951 tamen
395 885 581 950 servitium
596 886 850 968 spectantibus,
875 885 1122 966 distinebatur,
1145 896 1185 950 ut
1206 884 1281 966 eJus
1303 887 1492 966 prandium

257 994 307 1056 ad
323 993 517 1058 secundam
531 1002 566 1057 et
581 993 722 1057 tertiam
738 993 864 1057 horam
878 1001 961 1073 post
976 992 1171 1071 meridiem,
1185 994 1285 1073 quies
1296 1003 1415 1059 autem
1428 1011 1490 1059 no·

256 1113 390 1164 cturna
405 1099 453 1164 ad
465 1100 620 1165 mediam
633 1116 744 1180 usque
758 1107 899 1162 noctem
915 1109 993 1162 erat
1006 1097 1210 1164 differenda.

321 1205 413 1271 2501.
457 1205 603 1288 Aliquot
618 1206 809 1270 conciones
828 1205 953 1269 habuit
971 1222 1094 1270 coram
1109 1205 1380 1288 Gubernatrice,
1401 1226 1492 1290 quae

260 1312 434 1393 Princeps
453 1323 530 1378 erat
548 1313 700 1396 Joanna,
721 1329 874 1392 magnae
894 1312 1078 1377 doctrinae
1101 1322 1135 1377 et
1161 1313 1431 1396 aedificationis,
1457 1325 1492 1380 et

257 1437 481 1500 magnopere
497 1420 608 1484 inilia
624 1419 723 1483 curia
739 1418 967 1498 diligebatur.

323 1525 415 1591 2502.
459 1526 651 1591 Crescebat
684 1536 804 1590 autem
832 1526 868 1588 in
902 1524 978 1589 dies
1011 1527 1079 1590 hoc
1112 1526 1328 1608 Collegium,
1357 1529 1492 1614 inquo

261 1633 300 1697 P.
317 1633 532 1698 Franciscus
546 1634 614 1697 hoc
630 1650 723 1697 anno
739 1633 976 1696 scholasticos
987 1634 1233 1714 philosophiae
1243 1646 1278 1699 et
1290 1636 1494 1717 theologiae

257 1741 454 1818 ·constituit;
473 1742 571 1805 etita
586 1742 705 1822 plures
720 1757 827 1821 quam
842 1740 972 1820 viginti
983 1759 1028 1804 ex
1039 1742 1170 1805 nostris
1182 1742 1230 1805 ibi
1241 1741 1403 1807 habitare
1414 1761 1491 1808 coe·

263 1857 406 1929 perunt,
425 1858 566 1929 praeter
591 1848 708 1928 ipsum
733 1845 874 1910 Patrem
900 1845 1177 1926 Provincialem,
1204 1849 1266 1929 qui
1291 1866 1423 1930 magna
1446 1869 1493 1916 ex

259 1965 365 2035 parte
384 1954 584 2019 Vallisoleti
603 1953 798 2028 1·esidebat;
824 1962 858 2018 et
881 1953 973 2017 inter
996 1955 1201 2019 sacerdotes
1223 1956 1292 2019 duo
1315 1955 1492 2022 Doctores

263 2061 484 2141 theologiae,
506 2071 540 2124 et
560 2061 686 2125 tertius
702 2060 884 2141 utriusque
895 2059 997 2141 juris,
1014 2062 1194 2125 consuetis
1208 2060 1379 2128 Societati
1393 2065 1491 2128 mini·

257 2168 381 2232 steriis
399 2167 677 2249 praedicationis
697 2176 732 2230 et
752 2167 987 2232 confessionis
1009 2177 1042 2232 et
1062 2168 1142 2232 aliis
1161 2169 1304 2249 pietatis
1326 2170 1493 2251 operibus

261 2275 453 2340 vacabant.

322 2380 413 2446 2503.
457 2378 671 2444 Scholastici
695 2398 782 2444 vero
807 2379 908 2444 liberi
935 2380 980 2443 ab
1005 2381 1298 2461 occupationibus
1322 2385 1491 2465 relinque-

262 2489 407 2568 bantur;
423 2496 462 2552 ut
477 2505 549 2551 non
563 2489 678 2550 solum
690 2487 914 2560 lectionibus
931 2485 1117 2551 sedetiam
1137 2489 1217 2552 aliis
1232 2491 1491 2555 exercitationi·

262 2596 327 2659 bus
343 2595 565 2659 scholasticis
580 2593 673 2658 serio
687 2605 879 2673 vacarent,
895 2603 931 2658 et
946 2594 1096 2673 singulis
1111 2594 1344 2660 hebdomadis
1357 2613 1443 2661 suas
1457 2608 1493 2662 et

259 2704 312 2767 illi
332 2702 526 2784 positiones
552 2703 753 2765 alternatim
773 2702 810 2765 in
829 2701 1009 2780 theologia
1029 2712 1064 2765 et
1083 2702 1307 2783 philosophia
1330 2703 1492 2768 desende-

261 2812 361 2873 bant.
377 2809 421 2874 Et
436 2810 489 2874 sic
503 2810 540 2873 in
554 2808 680 2872 studiis
698 2807 947 2889 proficiebant;
963 2825 1029 2871 nec
1044 2809 1161 2873 miuus
1180 2810 1217 2873 in
1236 2811 1379 2891 spiritu;
1395 2828 1491 2891 nam,

261 2926 302 2980 ut
317 2915 461 2997 quidam
475 2916 615 2995 scribit,
631 2916 693 2979 vix
707 2915 829 2979 limina
849 2924 885 2978 et
902 2915 1057 2996 primum
1079 2916 1281 2980 tirocinium
1303 2915 1494 2983 Societatis

259 3023 502 3104 attingebant,
518 3032 552 3085 et
567 3033 711 3101 repente
726 3021 885 3085 veterani
900 3022 1028 3085 milites
1043 3022 1263 3103 apparebant
1278 3024 1314 3087 in
1329 3023 1492 3088 obedien·

261 3131 312 3194 tia
328 3140 362 3194 et
377 3130 432 3193 sui
446 3128 682 3209 abnegatione
697 3138 732 3191 et
746 3128 825 3192 aliis
840 3128 1042 3192 virtutibus.
1110 3142 1117 3155 ·

323 3234 414 3301 2504.
458 3233 706 3300 Observabant
721 3242 838 3297 autem
860 3251 995 3298 morem
1014 3234 1051 3299 in
1069 3234 1243 3315 Hispania
1264 3252 1414 3316 novum,
1430 3238 1493 3302 sed

258 3342 581 3409 Constitutionibus
596 3352 883 3421 consentaneum,
900 3342 1007 3405 latine
1022 3342 1204 3424 loquendi;
1220 3351 1256 3407 et
1270 3343 1362 3407 inter
1377 3344 1493 3426 dispu-

260 3451 411 3516 tandum
425 3450 477 3514 sic
492 3448 625 3528 ingenii
641 3464 791 3511 acumen
806 3448 1053 3527 ostendebant,
1070 3459 1108 3512 ut
1120 3448 1315 3513 modestiae
1327 3468 1398 3515 non
1411 3451 1495 3515 obli-

264 3559 500 3622 viscerentur.

325 3663 416 3727 2505.
460 3661 689 3742 Praelegerat
704 3663 772 3726 hoc
793 3656 890 3725 anno'
906 3660 944 3724 P.
961 3661 1177 3752 Franciscus
1190 3662 1326 3742 Borgia
1348 3664 1496 3728 domini·

265 3772 320 3836 cis
334 3780 369 3834 et
382 3770 522 3834 festivis
536 3769 659 3833 diebus
674 3770 794 3850 aliqua
808 3786 853 3831 ex
867 3767 1019 3833 Threnis
1033 3768 1247 3849 Hieremiae,
1264 3770 1421 3835 maxima
1435 3788 1495 3851 po·

267 3878 341 3959 puli
357 3875 578 3941 multitudine
594 3892 674 3939 eum
690 3875 865 3953 audiente,
883 3884 918 3938 et
933 3874 1073 3954 quidem
1090 3892 1170 3939 cum
1184 3874 1319 3956 fructu,
1336 3887 1374 3940 ut
1390 3894 1495 3958 appa·
1595 3892 1600 3903 ’

267 3987 384 4065 rebat,
401 3983 549 4064 insigni3
566 3983 630 4047 sed
644 4000 726 4046 cum
741 3983 995 4061 occupationes
1005 3983 1213 4063 innumerae
1228 4001 1309 4048 eum
1320 3983 1495 4065 impediis-

264 4102 358 4172 sent,
388 4091 560 4157 successit
588 4091 621 4154 ei
648 4090 684 4152 in
712 4088 781 4152 hac
808 4088 961 4152 lectione
988 4087 1051 4152 Dr.
1082 4089 1223 4154 Madrid
1253 4089 1273 4169 ¹,
1300 4108 1344 4155 ac
1371 4090 1498 4155 deinde

267 4198 331 4263 Dr.
348 4200 568 4278 Rodriguez;
585 4206 733 4277 uterque
753 4212 876 4260 eorum
897 4197 1043 4276 egregie
1062 4205 1096 4260 et
1115 4197 1247 4261 utiliter
1267 4216 1333 4262 suo
1352 4215 1498 4262 munere

266 4307 426 4386 iunctus,
457 4305 519 4371 sed
546 4304 661 4386 primo
688 4303 804 4385 capite
833 4302 1058 4367 Threnorum
1087 4304 1265 4383 absoluto,
1300 4306 1418 4369 visum
1445 4314 1500 4370 est

268 4414 306 4477 P.
325 4414 455 4493 Araoz,
471 4410 701 4490 Provinciali‚
718 4419 757 4474 ut
773 4410 849 4490 ejus
864 4410 1029 4474 lectionis
1043 4411 1121 4475 loco
1136 4410 1174 4475 P.
1191 4410 1395 4492 Rodriguez
1409 4411 1500 4477 chri·

311 4657 319 4690 Ι
349 4656 479 4700 Antonius
489 4652 596 4707 Madrid,
606 4653 637 4697 de
648 4664 697 4710 qno
706 4662 794 4707 snpra,
805 4658 824 4698 t.
836 4664 861 4707 v,
872 4664 932 4708 pag.
943 4652 992 4708 ola,
1004 4664 1029 4697 n.
1040 4652 1100 4698 1398.
