3642 5350
350 370 405 430 118
808 370 936 430 Cuaoa.
957 366 1034 427 Soc.
1055 369 1125 441 Jes.

353 525 443 596 pter,
457 515 613 579 consiliis
624 517 818 579 amicorum
831 516 1109 595 acquiescentes,
1122 515 1191 577 hac
1201 521 1349 591 aestate,
1362 514 1410 592 (in
1423 530 1493 594 qua
1503 530 1582 577 mos

351 622 505 685 habebat
524 632 562 685 ut
583 640 605 685 a
624 622 833 687 lectionibus
852 631 1056 702 vacaretur,
1078 630 1113 684 et
1132 621 1178 684 ad
1196 620 1330 699 gradus
1349 620 1581 700 promovendi

353 730 532 809 specimen
558 746 644 793 suae
669 730 866 808 doctrinae,
892 730 1033 793 tuendis
1057 728 1302 809 positionibus,
1329 728 1490 807 darent,)
1514 745 1580 809 pro

350 836 465 916 gradu
480 836 830 914 bacchalaureorum,
854 836 905 899 4²
920 853 1007 899 vero
1022 834 1186 899 Octobris
1200 836 1246 899 ad
1261 835 1485 899 doctoratum
1500 845 1580 916 post

349 943 615 1025 responsionem
630 943 776 1007 admissi
787 953 869 1007 sunt
884 942 904 1005 ¹.

411 1052 499 1115 1795.
543 1051 640 1115 Haec
662 1064 780 1115 autem
800 1069 881 1115 cum
903 1068 1035 1131 magna
1059 1050 1305 1115 aedificatione
1325 1048 1578 1113 Universitatis

349 1178 393 1222 ac
407 1159 563 1223 civitatis
577 1169 721 1237 peracta
737 1168 835 1236 sunt;
858 1167 895 1221 ut
910 1175 1070 1221 summus
1090 1158 1216 1234 honor,
1233 1174 1303 1237 quo
1320 1154 1355 1237 [a
1370 1158 1462 1219 hona
1476 1165 1579 1236 parte
1623 1218 1626 1222 ,

349 1262 492 1345 civium]
513 1263 681 1344 cujusque
698 1265 845 1343 ordiniS,
868 1264 1030 1329 homines
1050 1262 1187 1345 [nostri]
1204 1264 1458 1339 alliciebantur,
1475 1272 1580 1326 testa-

349 1374 454 1437 batur
469 1371 491 1435 ¹.
508 1371 677 1435 Facultas
700 1374 807 1435 etiarn
823 1373 954 1436 artium
968 1382 1109 1436 nostros
1123 1372 1265 1435 admisit
1279 1382 1317 1435 ut
1329 1370 1580 1436 Universitatis

349 1480 559 1560 privilegiis
572 1479 868 1557 quemadmodum
883 1480 943 1542 alii
955 1480 1118 1557 magistri
1129 1488 1164 1542 et
1176 1481 1326 1542 lectores
1337 1478 1579 1556 collegiorum,

350 1586 558 1665 gauderent.
577 1586 673 1649 Inter
687 1604 779 1665 quae
793 1595 870 1649 erat
886 1596 925 1649 ut
944 1603 1029 1649 suos
1043 1586 1222 1649 studiosos
1244 1602 1457 1666 promovere
1476 1594 1581 1665 atque

349 1693 394 1756 ad
410 1694 617 1757 convictum
640 1694 675 1756 in
692 1692 851 1773 Collegio
866 1694 1087 1757 Coronarum
1102 1692 1288 1756 admittere
1302 1701 1458 1772 possent.

411 1799 499 1863 1796.
542 1800 636 1864 Nihil
651 1801 792 1864 interim
812 1802 855 1863 de
874 1801 980 1863 rebus
999 1801 1211 1863 necessariis
1225 1799 1272 1863 ad
1291 1800 1427 1863 victum
1447 1797 1579 1861 nostris

347 1906 480 1982 deerat,
497 1908 661 1986 quamvis
676 1908 809 1971 reditus
825 1908 939 1970 nullos
954 1905 965 1937 ³
980 1909 1038 1970 vel
1053 1916 1241 1986 pertenues
1260 1906 1378 1970 adhuc
1392 1906 1576 1968 haberent.

410 2014 497 2077 1797.
541 2014 635 2093 Mag.
653 2013 867 2077 Franciscus
883 2012 1064 2091 CosteruS,
1085 2014 1224 2075 interim
1244 2012 1329 2076 dum
1348 2012 1515 2091 migratio
1534 2010 1579 2074 ad

347 2122 544 2201 Collegium
566 2122 788 2185 Coronarum
813 2122 1024 2200 parabatur,
1051 2120 1087 2182 in
1111 2120 1252 2200 publica
1277 2119 1401 2183 schola
1427 2119 1579 2198 philoso-

347 2228 452 2309 phiae
472 2244 602 2306 magna
622 2244 703 2291 cum
731 2228 851 2304 laude,
874 2228 983 2290 immo
999 2236 1035 2289 et
1053 2226 1300 2305 admiratione,
1322 2224 1483 2289 ducentis
1505 2225 1580 2288 sere

347 2333 569 2397 scholasticis
584 2334 773 2415 sphaeram
788 2334 1090 2413 interpretabatur
1104 2330 1127 2392 ⁴.

409 2440 496 2504 1798.
540 2440 686 2505 Fratres
701 2441 809 2504 etiam
823 2441 932 2521 aliqui
951 2458 997 2503 ex
1012 2440 1144 2503 nostris
1166 2441 1357 2521 aliquando
1374 2440 1513 2521 publice
1527 2443 1575 2503 la·

346 2549 438 2612 tinas
454 2549 633 2613 orationes
648 2548 835 2625 habebant,
853 2548 944 2611 inter
959 2565 1060 2628 quaS,
1076 2565 1158 2611 cum
1169 2547 1265 2626 Mag.
1281 2548 1437 2630 Joannes
1451 2546 1576 2611 Retius

346 2656 389 2720 de
405 2654 590 2735 charitate,
607 2655 644 2718 in
659 2655 788 2718 artium
803 2655 927 2719 schola
942 2653 1177 2733 disseruisset,
1195 2672 1275 2718 cum
1295 2671 1427 2734 magna
1443 2654 1577 2719 audito·

347 2781 426 2828 rum
442 2764 675 2827 admiratione
689 2762 754 2826 suit
770 2763 923 2826 auditus.

410 2870 497 2934 1799.
540 2871 635 2950 Mag.
657 2869 873 2933 Franciscus
893 2869 1062 2933 Costerus
1082 2870 1189 2932 aliam
1209 2867 1420 2950 [orationem
1441 2866 1577 2950 habuit]

346 2977 382 3040 in
397 2977 556 3055 vigiliam
576 2976 712 3039 Natalis
727 2975 881 3050 Domini,
898 2985 1029 3055 rogatu
1044 2976 1169 3039 decani
1189 2976 1410 3054 theologicae
1426 2975 1577 3039 faculta-

347 3085 404 3162 115,
429 3101 471 3147 ac
492 3085 597 3164 paulo
618 3092 697 3164 post
722 3085 828 3146 aliam
844 3083 881 3146 P.
901 3081 1081 3147 Henricus
1094 3082 1301 3163 Dionysius
1318 3083 1379 3163 qui
1398 3083 1435 3146 in
1453 3083 1579 3146 eadem

346 3183 479 3265 schola,
497 3191 665 3266 secunda,
681 3192 786 3252 tertia
806 3200 840 3253 et
860 3201 986 3270 quarta
1005 3190 1094 3253 seria
1116 3192 1196 3253 libri
1218 3191 1436 3270 psalmorum
1454 3190 1573 3252 lectio·

346 3315 443 3375 nem,
472 3297 627 3361 secunda
654 3298 743 3361 hora
769 3308 849 3380 post
873 3299 1072 3377 meridiem,
1100 3298 1302 3361 enarrabat.
1329 3296 1462 3361 Eadem
1487 3297 1578 3360 hora

347 3405 541 3484 eodemque
557 3407 647 3480 loc0,
664 3405 786 3484 quinta
802 3415 836 3466 et
851 3415 952 3468 sexta
968 3405 1056 3469 seria
1069 3406 1106 3468 ‘et
1121 3405 1177 3469 die
1191 3406 1343 3482 sabbati,
1364 3404 1578 3468 Franciscus

345 3510 514 3575 Costerus
529 3511 697 3574 Genesim
713 3513 827 3591 coepit
843 3513 1033 3591 explicare,
1050 3512 1155 3593 idque
1171 3522 1269 3575 tanta
1286 3529 1369 3575 cum
1388 3511 1522 3590 gratia,
1538 3519 1577 3573 ut

345 3617 507 3681 omnibus
522 3628 615 3680 esset
630 3617 868 3681 admirationi.

387 3894 393 3914 ⁸
426 3891 496 3943 Quae
512 3891 553 3936 hic
572 3893 692 3936 dicuntur
703 3899 827 3947 excerpta
838 3901 896 3937 sunt
913 3906 945 3937 ex
955 3895 1066 3946 epistola
1079 3893 1172 3947 Rethil,
1187 3895 1244 3938 sive
1259 3895 1340 3943 Rezii.
1357 3906 1439 3950 nuper
1456 3894 1574 3938 laudata.

343 3963 411 4008 Vide
421 3963 501 4008 etiam
512 3964 589 4007 aliam
602 3963 735 4008 Franclucl
749 3963 860 4016 Costeri,
876 3977 911 4008 car
926 3977 1002 4015 com,
1018 3966 1044 4008 P.
1060 3965 1188 4009 Leonardl
1201 3966 1299 4019 Krasel,
1318 3968 1345 4009 13
1354 3966 1505 4010 Decembris
1516 3964 1575 4018 1555,

343 4033 453 4088 Lainez,
472 4034 611 4079 Societatis
630 4035 742 4084 vicario,
760 4035 864 4088 datam,
882 4047 959 4090 quam
977 4038 1058 4080 habes
1076 4039 1101 4081 in
1117 4037 1240 4080 Litterae
1254 4037 1520 4090 Quadrimestres,t.
1537 4047 1577 4092 tv,

343 4106 514 4160 papula-oto.

384 4178 395 4211 ¹
422 4177 469 4222 his.
480 4179 574 4222 habet:
586 4181 614 4220 ut
626 4189 749 4222 saturatus
758 4179 849 4230 honor,
859 4192 908 4234 quo
916 4181 1046 4234 cujusque
1054 4181 1159 4223 ordinis
1167 4181 1290 4226 homiues
1299 4181 1579 4236 afficiebanturtesta·

341 4251 431 4294 tatur.
451 4250 517 4303 Quia
528 4262 590 4293 vero
605 4250 672 4293 haec
688 4253 769 4294 verba
781 4250 898 4295 idoneum
910 4263 1013 4294 sensura
1022 4263 1071 4295 non
1081 4252 1233 4304 reddebant,
1242 4253 1379 4297 lectionem
1390 4254 1578 4306 complevimus

343 4332 375 4364 ex
396 4321 436 4364 his
455 4332 521 4375 quae
541 4322 671 4364 habentur
693 4321 717 4364 in
738 4320 861 4366 Litterae
879 4323 1112 4375 Quadrtmestres,
1129 4330 1148 4367 t.
1168 4335 1204 4378 tv,
1222 4335 1283 4379 pag.
1300 4323 1349 4376 550,
1366 4325 1410 4367 ubi
1427 4335 1469 4367 res
1486 4324 1576 4368 eadem

343 4397 476 4438 narratur.

383 4463 395 4495 ³
422 4461 560 4506 bisaltas.

382 4535 394 4566 ⁴
421 4533 586 4588 Loquitutde
598 4533 719 4588 sphaera
730 4546 745 4578 a
756 4533 853 4586 Joennc
869 4534 977 4579 Haliiax
994 4537 1025 4579 de
1039 4536 1119 4580 Sacro
1135 4537 1218 4581 Bosco
1234 4539 1390 4593 conscripta.
1402 4538 1432 4581 de
1449 4549 1500 4593 qua
1515 4536 1576 4581 vide

341 4615 428 4659 supra,
440 4605 560 4649 Litterae
569 4605 800 4658 Quadrimestres,
809 4611 827 4649 t.
836 4617 873 4658 ru,
883 4619 943 4661 pag.
955 4608 1003 4662 ou,
1014 4614 1101 4653 annot.
1115 4610 1133 4662 l,
1144 4614 1170 4651 et
1182 4616 1200 4652 t.
1211 4621 1247 4664 ιν,
1257 4621 1318 4664 pag.
1327 4609 1376 4652 551.
