3642 5350
796 426 860 488 Au.
883 425 954 486 1556
1110 425 1114 432 ’
1439 422 1493 483 347

260 590 387 639 versus
402 572 470 639 hac
484 573 562 656 ipsa
574 583 709 639 aestate
721 574 851 639 missus
863 583 929 651 est,
943 581 977 636 et
988 580 1138 654 propter
1149 571 1295 635 bellicos
1306 571 1489 648 tumultus¹

261 681 417 761 Laureti,
435 690 474 746 ut
487 680 650 762 superius
666 680 857 759 diximusf,
874 680 1042 745 substitit.
1325 764 1327 768 y

324 787 412 853 1432.
455 787 549 854 Inter
574 788 742 868 novitios,
769 788 999 871 praecedenti
1018 805 1112 852 anno
1132 785 1318 866 admissos,
1339 784 1492 850 Michael

261 914 453 979 germanus
472 905 508 960 et
527 896 682 979 Cyrillus
701 894 712 927 ⁸
734 896 812 976 suit,
833 896 894 978 qui
914 897 984 961 hoc
1004 912 1097 960 anno
1117 911 1221 959 suum
1248 902 1371 958 votum
1389 892 1492 957 emis·

260 1022 338 1069 sum
353 1002 390 1067 P.
405 1003 546 1085 ignatio
561 1004 764 1085 destinavit;
777 1002 920 1085 juvenis
934 1002 1126 1069 Bohemiae
1137 1003 1282 1082 linguae
1292 1001 1439 1082 peritus,
1454 1009 1490 1063 et

260 1112 415 1193 egregiis
430 1112 539 1175 animi
553 1111 693 1177 dotibus
707 1112 852 1193 egregie
867 1122 1027 1177 ornatus.

323 1218 411 1283 1433.
454 1217 544 1283 Cum
562 1228 681 1285 autem
699 1218 915 1285 Franciscus
933 1219 1120 1283 Emeruius
1141 1216 1153 1248 ³
1173 1218 1210 1281 in
1229 1217 1391 1298 Belgium
1415 1217 1491 1281 mit·

261 1326 389 1393 tendas
403 1335 509 1407 esset,
525 1327 679 1409 quinque
698 1336 759 1391 aut
778 1344 908 1391 senex
928 1326 1130 1409 hujusmodi
1144 1325 1327 1406 germanis
1347 1324 1492 1389 novitiis

260 1434 459 1501 Lovanium
483 1442 519 1498 et
543 1433 727 1499 Coloniam
747 1434 938 1500 mittendos
956 1432 995 1497 Ρ.
1015 1434 1184 1515 Lanoyus
1210 1433 1391 1512 censebat,
1412 1440 1491 1496 uta

260 1543 334 1607 suis
348 1541 582 1607 familiaribus
597 1551 633 1606 et
646 1542 764 1623 patria
778 1541 1055 1622 ablactarentur;
1069 1539 1234 1621 quamvis
1245 1538 1280 1603 id
1295 1556 1366 1604 non
1381 1539 1432 1603 ita
1445 1539 1492 1603 sit

260 1638 434 1729 effectum;
451 1649 514 1713 sed
528 1648 623 1729 Mag.
639 1648 765 1713 Petrus
780 1648 1001 1713 coloniensis
1016 1664 1098 1713 cum
1116 1646 1284 1712 Emerulo
1299 1647 1335 1711 in
1350 1646 1491 1711 inferio·

260 1774 335 1821 rem
351 1754 581 1821 Germaniam
595 1756 726 1821 missus
740 1764 805 1820 est.

321 1862 409 1929 1434.
453 1861 572 1927 Prima
599 1862 655 1928 die
680 1862 864 1939 Februarii
889 1863 994 1927 rediit
1018 1862 1056 1928 P.
1083 1862 1248 1928 Canisius
1272 1862 1490 1943 lngolstadio

261 1972 448 2051 Viennam,
464 1977 499 2033 et
510 1970 566 2034 his
577 1988 668 2052 quae
680 1970 820 2050 agenda
832 1979 935 2035 erant
945 1972 1108 2053 expletis,
1120 1969 1276 2050 Pragam
1288 1986 1369 2035 cum
1381 1968 1490 2050 Regis

259 2078 385 2143 litteris
399 2096 438 2143 se
452 2078 611 2157 contulit,
628 2086 667 2141 ut
687 2078 733 2142 ad
753 2076 942 2159 collegium
961 2087 1152 2143 venturum
1172 2077 1376 2143 necessaria
1392 2094 1492 2159 prae·

260 2193 416 2267 pararet.

323 2292 411 2358 1435.
455 2291 656 2358 Germanus
680 2293 823 2373 quidam
843 2292 1062 2372 lutheranus,
1083 2303 1119 2357 et
1139 2294 1280 2375 quidem
1302 2292 1490 2375 pessimus,

261 2400 402 2482 scripsit
414 2400 584 2465 idiomate
595 2401 802 2481 germanico
814 2400 954 2481 librum,
965 2402 1033 2465 hoc
1044 2409 1203 2481 tempore
1213 2401 1357 2480 editum,
1367 2410 1491 2464 contra

261 2508 516 2573 catechismum
541 2506 579 2570 P.
606 2505 751 2587 Canisii,
778 2524 883 2589 quem
910 2508 1140 2588 blasphemiis
1166 2518 1201 2572 et
1220 2507 1393 2572 conviciis
1417 2515 1491 2570 tam

262 2626 386 2682 contra
400 2612 413 2647 ⁸
426 2614 625 2681 doctrinam
637 2614 852 2680 catholicam
863 2632 970 2697 quam
986 2624 1111 2681 contra
1124 2631 1315 2698 personam
1330 2615 1490 2680 auctoris

262 2724 423 2806 replevit,
439 2732 475 2788 et
489 2723 679 2788 multorum
695 2723 858 2788 manibus
872 2725 932 2788 hic
947 2723 1033 2787 iiber
1049 2723 1379 2789 circumferebatur.

324 2831 411 2897 1436.
455 2832 666 2897 Monuerunt
681 2839 799 2895 autem
818 2829 856 2894 P.
879 2832 1062 2898 Canisium
1083 2832 1227 2915 quidam
1247 2831 1330 2897 boni
1345 2841 1381 2897 et
1395 2833 1491 2898 docti

262 2941 342 3021 viri,
358 2940 451 3004 inter
465 2956 553 3021 quos
568 2949 646 3004 erat
661 2937 836 3004 Dominus
856 2938 1099 3004 Cancellarius
1118 2939 1240 3020 Regis,
1260 2938 1324 3004 Dr.
1340 2940 1451 3024 Jonas
1465 2937 1489 3020 ⁸,

262 3059 299 3114 ut
309 3047 437 3113 librum
447 3048 545 3112 illum
558 3046 769 3128 confutaret;
783 3056 818 3111 et
829 3049 948 3112 visum
959 3058 1013 3112 est
1022 3048 1167 3128 nostris,
1177 3066 1257 3114 cum
1269 3048 1397 3130 quibus
1408 3065 1491 3112 con·

261 3157 351 3236 tulit,
368 3165 407 3221 ut
421 3156 518 3221 omni
529 3171 609 3219 cum
621 3155 796 3220 modestia
807 3165 843 3220 et
854 3155 963 3220 latine
974 3156 1091 3238 potius
1103 3173 1210 3237 quam
1221 3157 1427 3236 germanice
1438 3174 1491 3221 re·

261 3263 464 3345 sponderet.

323 3370 411 3435 1437.
455 3369 578 3436 Voluit
592 3379 711 3436 tamen
725 3371 764 3436 P.
781 3370 946 3438 Canisius
965 3369 1115 3437 Romam
1131 3371 1238 3437 scribi
1252 3381 1291 3437 ut
1305 3371 1343 3437 P.
1360 3372 1491 3453 Ignatii

261 3479 436 3544 sententia
449 3478 705 3560 intelligeretur
718 3474 742 3559 ';
758 3488 793 3544 et
807 3478 876 3560 ipsi
889 3480 1102 3559 permissum
1116 3488 1170 3544 est
1184 3489 1223 3544 ut
1237 3479 1410 3546 scriberet
1424 3483 1447 3540 ¹.

304 3758 313 3792 Ι
340 3758 406 3815 Pag.
418 3757 464 3813 107,
473 3771 498 3805 n.
507 3759 556 3806 860.

302 3831 314 3864 ¹
339 3828 408 3875 Vide
417 3842 484 3886 qnae
494 3832 605 3878 uiximus
614 3843 701 3888 supra.
713 3842 732 3878 t.
742 3846 769 3888 v,
777 3841 837 3888 pag.
849 3831 897 3887 218,
907 3845 933 3877 n.
943 3832 992 3878 663.

301 3901 312 3935 ¹
340 3902 379 3948 De
388 3913 419 3947 eo
428 3915 509 3958 supra
517 3903 590 3949 iacta
599 3912 639 3954 aar
655 3905 759 3959 mentio,
773 3915 834 3960 pag.
845 3905 880 3956 29.
895 3911 982 3950 annot.
996 3907 1053 3952 2ad
1063 3919 1087 3952 n.
1102 3907 1272 3963 76.1ssupra‚
1287 3915 1307 3954 t.
1317 3917 1354 3970 ιιι,
1371 3918 1432 3965 pag.
1442 3907 1493 3957 2⁶7.

260 3986 284 4018 n.
294 3975 343 4028 695,
358 3985 375 4020 a
389 3973 513 4030 Delplace
527 3983 638 4022 vocatur
652 3977 839 4022 Daonvsunrss
854 3975 1054 4034 (Hemerollas).
1070 3978 1109 4025 Cf.
1124 3978 1248 4025 Litterae
1261 3979 1494 4034 Quadrimeatres,

262 4053 281 4090 t.
292 4057 328 4099 nv,
337 4057 398 4102 pag.
408 4047 456 4101 616,
467 4055 555 4092 annot.
563 4048 587 4094 6.

301 4118 313 4151 ⁴
340 4117 391 4162 Ubi
401 4129 448 4163 nos
457 4119 588 4174 posuimus
597 4123 655 4164 tana
670 4122 808 4172 contram
823 4133 869 4168 ms.
883 4123 981 4176 legitur
996 4126 1138 4178 tamquam
1153 4124 1307 4170 lad-Porro
1323 4130 1416 4172 auctor
1425 4125 1494 4171 rein·

261 4188 368 4234 tationis
384 4189 537 4236 catechismi
551 4191 677 4238 cauislaul
694 4198 734 4239 est
751 4193 862 4247 Joannes
878 4193 1003 4249 ngand.
1020 4195 1218 4241 lutheranorum
1228 4197 1490 4252 magdeburgensium

260 4262 482 4319 superintendens,
492 4263 524 4307 de
534 4275 583 4319 quo
593 4265 653 4310 vide
663 4264 876 4322 Baaurrssanrma,
885 4267 904 4312 1.
914 4279 945 4319 a,
957 4274 977 4313 t.
987 4279 1004 4323 1,
1015 4279 1076 4324 pag.
1086 4267 1134 4322 606,
1142 4275 1170 4312 et
1180 4275 1199 4313 t.
1210 4279 1239 4323 ιι,
1248 4279 1309 4324 pag.
1319 4269 1355 4325 47,
1365 4277 1392 4314 et
1402 4281 1490 4326 supra.

263 4339 282 4378 t.
291 4345 318 4387 v.
327 4344 388 4391 pag.
398 4333 447 4389 262,
457 4346 482 4382 u.
491 4335 540 4390 729.
551 4345 641 4382 annot.
652 4339 671 4382 1.

300 4404 311 4437 ¹
337 4404 449 4460 Jacobns
465 4406 553 4462 Jonas,
571 4407 728 4455 Ferdlnaudl
738 4409 986 4467 vicecancellarius,
1000 4411 1141 4458 societatis
1158 4413 1338 4469 amicissimus,
1353 4425 1429 4470 quem
1447 4414 1493 4460 Po·

261 4478 352 4522 laneus
363 4476 553 4525 cancellarium
562 4491 641 4536 auepe
650 4489 738 4527 vocat.
749 4481 964 4539 balonensem,
975 4485 993 4528 l.
1004 4495 1035 4537 ε,
1045 4491 1064 4529 t.
1074 4495 1092 4538 r.
1103 4495 1163 4542 pag.
1170 4485 1218 4541 473,
1227 4493 1318 4532 annot.
1327 4487 1348 4531 1.

225 4582 231 4591 .
302 4545 314 4583 ⁸
339 4547 395 4595 llas
404 4551 438 4596 ad
446 4549 577 4607 lgnatlnnr
586 4553 690 4599 litteras
699 4555 780 4599 habes
788 4555 855 4611 apud
866 4555 1080 4611 Bastarnarum,
1091 4557 1109 4601 1.
1118 4569 1150 4612 c„
1159 4564 1178 4602 t.
1188 4567 1206 4612 r,
1213 4569 1274 4614 pag.
1283 4557 1383 4604 637642.

304 4621 315 4650 ⁷
341 4620 457 4674 Litteris.
471 4625 562 4678 quibua
572 4623 675 4669 canisio
685 4626 760 4677 eopia
770 4627 941 4682 respondendi
952 4627 1040 4684 nebat,
1047 4628 1183 4685 rescripsit
1198 4630 1253 4684 ipae
1263 4629 1409 4675 Ratlsbona
1418 4631 1493 4677 initio

263 4693 394 4748 sequentis
403 4695 463 4742 auui
475 4694 534 4742 1557:
545 4695 723 4753 “Respondete
733 4699 803 4743 circu
813 4699 832 4743 ll
843 4699 1002 4746 cathecismo
1012 4702 1115 4756 squello
1129 4701 1245 4747 heretico
1259 4711 1308 4747 eon
1322 4704 1350 4748 la
1363 4703 1451 4758 gratia
1460 4702 1493 4747 de
