3642 5350
344 418 398 479 376
802 417 931 482 Caaou.
951 416 1029 480 Soc.
1049 416 1120 493 Jas.

341 575 464 629 nostro
484 564 656 647 Pragensi
677 583 698 629 a
719 566 817 647 Rege
837 567 954 631 fuerat
974 567 1204 647 applicatum,
1221 572 1259 628 ut
1280 562 1350 627 duo
1371 563 1575 627 sacerdotes

277 678 280 685 '
339 674 468 737 ibidem
484 691 565 737 cum
580 674 658 737 aliis
673 674 943 755 quatuordecim
953 674 1127 754 personis,
1141 671 1187 737 ad
1198 671 1485 736 conservandum
1499 688 1574 734 mo·

340 782 535 845 nasterium
550 791 584 845 et
599 780 776 862 quoddam
792 792 951 846 castrum
965 781 1123 845 vicinum
1136 777 1147 813 ¹
1162 779 1389 855 necessariis,
1405 795 1428 841 a
1441 778 1573 843 nostris

309 968 314 979 ¹
342 887 473 952 ibidem
488 890 679 952 alerentur.

402 994 490 1057 1580.
533 993 1472 1075 Designaverattrescommissarios,virosprimarios
1484 1009 1570 1056 suae

340 1103 472 1182 curiae,
486 1102 573 1179 Rex,
590 1111 627 1165 ut
643 1103 748 1166 simul
763 1119 843 1166 eum
858 1102 896 1166 P.
914 1103 1058 1169 Canisio
1072 1103 1119 1166 ad
1133 1102 1217 1165 illud
1233 1102 1500 1179 monasterium,
1516 1099 1572 1162 iti·

341 1225 424 1272 nere
439 1209 588 1273 duorum
608 1210 744 1273 dierum
765 1210 882 1290 Praga
898 1209 1047 1287 distans,
1063 1227 1103 1273 se
1122 1208 1338 1287 conferrent;
1354 1208 1415 1288 qui
1432 1224 1475 1270 eo
1494 1224 1571 1287 per·

340 1316 522 1380 venientes
537 1333 618 1380 cum
629 1317 863 1381 instructione
877 1326 913 1381 et
928 1318 1141 1380 auctoritate
1154 1316 1267 1396 regia,
1280 1314 1571 1395 gubernatorem,

339 1423 398 1503 qui
414 1422 619 1503 aliquandiu
633 1424 887 1488 monasterium
906 1423 993 1487 illud
1012 1440 1055 1486 ac
1074 1423 1151 1504 ejus
1167 1424 1259 1486 bona
1282 1438 1367 1485 suae
1388 1438 1496 1485 curae
1513 1421 1572 1485 de·

338 1530 506 1593 mandata
522 1529 705 1605 habuerat,
722 1530 1047 1621 superintendentia
1058 1547 1123 1593 sua
1136 1530 1335 1610 privarunt;
1350 1537 1385 1591 et
1399 1527 1475 1609 ejus
1489 1530 1571 1592 loco

341 1638 571 1716 magistratus
596 1647 702 1719 atque
727 1648 889 1702 senatum
914 1639 1055 1702 vicinae
1076 1638 1244 1716 civitatiS,
1266 1654 1374 1718 quam
1394 1636 1572 1700 Zitaviam

339 1753 481 1823 vocant,
499 1745 752 1825 subrogarunt,
769 1760 804 1811 et
817 1746 1162 1811 administrationem
1174 1745 1348 1809 bonorum
1362 1744 1570 1807 monasterii

338 1854 586 1933 temporalium
602 1852 637 1915 in
652 1870 732 1918 eam
746 1856 1015 1932 transtulerunt;
1032 1858 1114 1934 quia
1129 1852 1176 1918 ad
1195 1850 1367 1934 majorem
1382 1852 1572 1915 utilitatem

340 1958 489 2038 Collegii
504 1959 539 2022 id
554 1960 710 2024 futurum
730 1960 1007 2037 arbitrabantur,
1025 1970 1060 2025 et
1080 1978 1137 2024 res
1156 1959 1364 2024 monasterii
1379 1959 1416 2022 in
1431 1958 1572 2022 illorum

340 2066 504 2130 manibus
519 2069 643 2131 melius
659 2069 926 2133 conservandas
941 2086 983 2132 ac
998 2067 1137 2132 fidelius
1151 2066 1428 2148 promovendas.

402 2173 491 2237 1581.
532 2174 612 2238 Fuit
627 2191 714 2253 ergo
730 2176 775 2239 ad
790 2177 1000 2239 decennium
1016 2193 1097 2239 cum
1115 2175 1184 2238 hae
1204 2174 1350 2239 civitate
1364 2181 1572 2237 contractus

243 2320 252 2335 .
340 2281 459 2356 initus,
476 2295 513 2345 ut
530 2281 733 2346 fruerentur
748 2284 850 2347 bonis
866 2284 960 2346 illius
975 2282 1182 2346 monasterii
1197 2280 1348 2345 cumbis
1363 2279 1572 2344 conditioni·

340 2390 416 2453 bus:
437 2389 568 2469 Prima;
590 2390 766 2470 videlicet,
791 2403 830 2454 ut
849 2391 1000 2469 singulis
1017 2389 1120 2453 annis
1134 2388 1278 2452 Rectori
1294 2388 1445 2467 Collegii
1459 2387 1574 2450 nostri

341 2498 434 2560 mille
450 2510 484 2561 et
499 2498 778 2579 quadringentos
793 2510 827 2561 et
842 2497 1111 2579 quatuordecim
1122 2496 1264 2560 daleros
1279 2495 1416 2559 duabus
1431 2494 1573 2558 solutio-

341 2606 454 2685 nibus,
474 2625 494 2669 a
511 2606 674 2670 semestri
689 2606 724 2669 in
740 2617 959 2686 semestrem,
976 2615 1216 2669 numerarent.
1234 2602 1409 2683 Secunda;
1422 2613 1460 2665 ut
1474 2610 1574 2665 sarta

341 2723 434 2777 tecta
449 2725 522 2778 tam
537 2717 573 2777 in
593 2715 766 2778 ecelesiae
785 2732 892 2794 quam
915 2714 951 2777 in
969 2713 1178 2777 monasterii
1199 2711 1360 2776 aedificio
1384 2726 1574 2774 conserva·

341 2833 430 2886 rent.
457 2823 590 2902 Tertia;
617 2833 655 2886 ut
684 2822 738 2886 bis
763 2823 914 2902 singulis
943 2822 1047 2886 annis
1071 2822 1146 2885 suis
1170 2819 1337 2901 expensis
1360 2820 1498 2899 aliquos
1529 2835 1574 2881 ex

340 2931 473 2992 nostris
488 2948 533 2993 ex
548 2929 708 3010 Collegio
724 2929 897 3009 Pragensi
909 2930 955 2994 ad
966 2929 1185 2993 visitandum
1200 2927 1454 2992 monasterium
1471 2925 1575 3006 Oybi·

340 3053 449 3099 nense
475 3035 703 3115 adducerent,
724 3048 759 3101 et
779 3039 847 3101 illis
867 3052 1009 3101 omnem
1028 3034 1392 3117 superintendentiam
1415 3050 1457 3097 ac
1480 3041 1574 3113 pote·

341 3152 469 3206 statem
498 3146 534 3207 in
563 3145 669 3208 rebus
698 3145 941 3224 spiritualibus
968 3144 1220 3224 relinquerent,
1246 3142 1439 3224 praecipue
1467 3157 1574 3221 supra

289 3289 292 3296 -
341 3252 605 3315 ecclesiasticas
620 3270 803 3334 personas,
820 3253 962 3332 quaein
982 3252 1199 3316 monasterio
1214 3250 1422 3315 residerent.
1439 3247 1576 3329 Quarta

341 3357 407 3421 suit
421 3359 585 3438 conditio,
603 3368 641 3422 ut
656 3359 701 3422 ad
716 3360 1009 3423 sustentationem
1024 3358 1292 3441 quatuordecim
1307 3359 1366 3422 vel
1390 3355 1572 3420 sexdecim

342 3445 587 3545 personarum,
603 3482 694 3545 quae
714 3467 750 3529 in
765 3468 824 3530 illa
844 3466 980 3531 familia
1000 3467 1207 3531 monasterii
1226 3474 1328 3530 erant
1347 3463 1576 3528 necessariae

343 3570 388 3635 ad
404 3575 669 3651 monasterium,
683 3582 717 3637 et
731 3575 764 3636 in
778 3591 820 3637 eo
832 3573 993 3637 divinum
1009 3575 1143 3638 cultum
1159 3573 1456 3650 conservandum,
1469 3587 1574 3654 quae-

343 3679 424 3742 dam
439 3681 533 3743 bona
548 3689 582 3742 et
596 3680 730 3744 reditus
745 3698 788 3744 ae
808 3680 935 3744 domus
954 3681 1094 3744 vicinae
1110 3679 1326 3744 monasterio
1348 3695 1574 3743 reservaren·

343 3796 412 3865 tur,
426 3796 462 3851 ut
474 3805 565 3868 quae
577 3789 780 3852 necessaria
792 3798 912 3852 essent
922 3789 968 3853 ad
978 3789 1092 3852 vitam
1103 3787 1372 3867 traducendam,
1387 3787 1572 3851 haberent.

405 3893 492 3958 1582.
537 3894 623 3960 Cum
644 3895 700 3959 his
721 3913 807 3976 ergo
827 3895 1089 3961 conditionibus
1113 3896 1327 3959 zitavienses
1350 3894 1575 3958 administra·

342 4002 475 4067 tionem
487 4004 659 4067 bonorum
672 4005 878 4068 monasterii
890 4014 1134 4084 susceperunt;
1148 4003 1244 4068 etita
1259 4002 1336 4067 Rex
1350 4019 1457 4067 onere
1468 4001 1576 4082 gravi

344 4109 539 4191 Collegium
561 4122 722 4175 nostrum
744 4113 955 4175 sublevavit.
979 4112 1183 4176 Dominium
1204 4121 1324 4174 autem
1346 4119 1381 4172 et
1403 4107 1576 4189 judicium

343 4234 546 4297 supremum
558 4216 660 4298 juxta
675 4218 826 4299 primam
844 4219 1087 4284 fundationem
1104 4217 1335 4300 Imperatoris
1358 4215 1498 4282 Carolis
1512 4215 1577 4293 lV,

342 4323 433 4404 Regi
448 4325 638 4390 Bohemiae
652 4337 876 4391 reservatum
892 4337 970 4391 erat
986 4325 1009 4388 ¹.

383 4529 393 4562 ¹
421 4528 468 4573 lis.
483 4531 590 4574 vicinis.

383 4599 394 4630 ¹
423 4600 470 4653 Qui
481 4602 543 4646 velit
551 4601 854 4657 ea,quaebieal³olanco
863 4608 1013 4654 narrantur,
1022 4601 1289 4658 canisianireplstoli·
1297 4603 1577 4661 confirmare,remqne

343 4677 426 4718 totam
435 4673 459 4717 in
471 4683 516 4716 suo
524 4673 597 4718 tonte
607 4673 695 4730 perlue
705 4675 818 4730 haurire,
830 4675 916 4729 adeat,
927 4680 956 4720 ut
968 4675 1024 4731 lam
1039 4675 1159 4730 dumus,
1175 4676 1208 4721 ad
1224 4686 1302 4729 saepe
1313 4677 1447 4722 laudatum
1460 4676 1574 4722 Buutta·
