3642 5350
354 410 406 469 122
809 410 937 469 Canon.
957 408 1036 469 Soc.
1056 410 1127 483 Jus.

411 558 482 621 449.
526 556 711 634 Agebatur
724 556 831 618 etiam
845 554 888 617 de
904 554 1115 635 quibusdam
1133 554 1281 617 officinis
1294 554 1404 631 urbis,
1420 570 1512 635 quae
1534 553 1581 617 ad

352 666 506 745 plateam
525 663 736 741 vergebant,
759 680 780 725 a
799 662 944 725 civitate
963 660 1213 741 impetrandis,
1233 662 1327 725 utin
1350 661 1402 725 eis
1427 661 1580 724 ecclesia

352 772 467 851 fieret;
483 788 566 834 nam
582 788 644 851 per
657 770 791 849 gradus
805 770 979 849 quosdam
992 771 1100 833 etiam
1114 769 1289 833 foeminae
1311 768 1358 832 ad
1379 769 1578 845 ecclesiam,

351 897 421 960 qua
446 889 530 941 tunc
549 877 747 956 utebantur,
769 875 1023 955 ascendebant,
1044 876 1109 940 sub
1131 894 1201 957 quo
1223 876 1398 957 quaedam
1417 874 1579 939 officinae

353 1002 478 1049 versus
488 986 642 1065 plateam
655 984 910 1047 mercatoribus
926 984 1135 1064 quibusdam
1150 984 1370 1061 locabantur,
1384 993 1419 1046 et
1434 1000 1504 1045 non
1519 1000 1579 1062 pa·

353 1111 430 1157 tum
446 1092 661 1157 incommodi
684 1091 870 1155 videbatur
893 1092 1081 1155 ecclesiam
1099 1089 1299 1171 hujusmodi
1318 1091 1450 1155 habere
1471 1106 1580 1169 supra

351 1199 550 1280 hujusmodi
565 1198 723 1262 officinas
738 1200 854 1261 sitam.
871 1197 941 1261 Sed
955 1197 1024 1261 hoc
1038 1216 1132 1261 anno
1148 1198 1234 1261 nihil
1248 1216 1290 1261 ea
1306 1198 1341 1261 in
1356 1206 1458 1278 parte
1482 1198 1579 1259 inno-

350 1316 473 1371 vatum
484 1316 537 1369 est
555 1306 574 1384 ¹,
591 1306 754 1386 quamvis
769 1320 895 1391 auctus
905 1306 951 1369 sit
967 1314 1166 1369 nostrorum
1182 1322 1349 1369 numerus
1363 1323 1445 1369 cum
1457 1321 1579 1368 conso·

351 1415 483 1478 latione
497 1412 666 1493 Episcopi
680 1422 715 1475 et
730 1413 872 1477 civium.

411 1520 455 1585 Et
469 1520 559 1583 haec
573 1519 616 1583 de
633 1518 791 1598 Collegio
806 1518 990 1584 Perusino.

703 1950 765 2014 DE
782 1949 1018 2015 COLLEGIO
1040 1948 1232 2015 SENENSl

410 2271 480 2335 450.
525 2270 645 2336 Status
660 2272 763 2354 hujus
778 2273 907 2335 nobilis
922 2272 1079 2336 civitatis
1098 2282 1133 2336 et
1146 2272 1257 2336 facies
1272 2273 1360 2335 satis
1374 2272 1577 2337 miseranda

348 2391 436 2459 erat,
460 2380 607 2443 eumad
632 2398 711 2443 eam
734 2380 935 2443 Cardinalis
957 2378 1152 2460 Burgensis
1171 2383 1183 2414 ²
1202 2380 1427 2443 Gubernator
1446 2380 1576 2443 missus

349 2496 423 2567 est,
451 2488 512 2569 qui
537 2505 608 2551 non
637 2489 749 2552 solum
772 2486 929 2567 justitiae
954 2487 1260 2552 administratione
1284 2488 1347 2551 sed
1371 2488 1445 2551 suis
1469 2487 1576 2551 etiam

348 2594 579 2659 facultatibus
593 2604 628 2658 et
642 2594 784 2676 pietatis
799 2594 936 2671 officiis
952 2613 995 2657 ne
1007 2604 1137 2673 rueret,
1154 2594 1340 2659 videbatur
1350 2612 1430 2657 eam
1441 2603 1573 2658 susten-

350 2711 445 2782 tare,
461 2713 496 2767 et
516 2713 657 2783 praeter
673 2705 888 2766 monasteria
909 2720 1017 2783 supra
1037 2705 1250 2784 quingentas
1270 2702 1424 2766 familias
1442 2703 1575 2767 civium

348 2809 421 2872 suis
436 2810 669 2890 eleemosynis
685 2821 718 2874 et
733 2809 926 2890 srumento,
943 2811 1036 2890 quod
1051 2811 1119 2873 illis
1133 2811 1226 2873 dono
1241 2819 1302 2873 aut
1316 2819 1438 2874 mutuo
1453 2809 1571 2888 dabat,

348 2918 579 2980 sustentabat.

408 3023 478 3087 451.
522 3022 602 3087 Duo
617 3023 724 3087 etiam
740 3025 945 3104 hospitalia,
962 3026 1111 3089 alterum
1126 3043 1191 3106 pro
1207 3025 1340 3105 pueriS,
1357 3027 1417 3106 qui
1436 3043 1499 3106 per
1514 3043 1575 3106 pu·

347 3132 457 3195 blicas
478 3132 557 3195 vias
582 3149 620 3194 se
644 3131 737 3194 fame
763 3133 852 3195 moti
874 3134 1088 3211 clamabant,
1113 3135 1263 3196 alterum
1287 3150 1352 3214 pro
1378 3134 1515 3213 puellis,
1538 3134 1575 3196 in

347 3239 473 3318 quibus
488 3239 644 3319 quotidie
660 3250 796 3302 tantum
812 3240 914 3318 panis
929 3240 1078 3318 singulis
1093 3241 1260 3319 dabatur,
1277 3240 1370 3303 unde
1384 3241 1496 3304 vitam
1519 3257 1574 3303 su-

347 3355 502 3408 stentare
527 3357 683 3425 possent.
713 3346 757 3409 Et
782 3356 923 3409 centum
953 3347 1081 3426 viginti
1106 3347 1257 3427 orphani
1281 3349 1318 3410 in
1341 3357 1490 3427 utroque
1514 3347 1573 3410 ad·

346 3453 444 3515 missi
458 3451 608 3530 fuerant,
626 3453 685 3531 qui
701 3453 864 3516 humanis
885 3453 1071 3533 praesidiis
1092 3464 1194 3517 erant
1213 3455 1382 3518 destituti.
1406 3453 1445 3517 Iu
1468 3454 1573 3518 domo

346 3561 453 3623 etiam
469 3559 667 3623 Cardinalis
682 3559 784 3638 panis
798 3560 957 3650 quotidie
971 3561 1160 3639 sexaginta
1176 3563 1233 3624 vel
1247 3562 1473 3641 septuaginta
1489 3579 1572 3641 pau-

344 3667 487 3746 peribus
512 3666 675 3745 dabatur,
697 3683 765 3746 quo
790 3677 937 3746 possent
956 3685 999 3731 eo
1024 3669 1080 3732 die
1099 3669 1301 3732 sustentari.
1325 3668 1495 3732 Curatum
1517 3678 1572 3731 est

385 3943 394 3976 ¹
423 3945 518 3988 Actum
528 3951 568 3988 est
583 3949 669 3988 tamen
685 3944 861 3998 diligenterde
874 3946 923 3989 hoc
939 3945 1120 4000 impedimento
1135 3947 1291 3989 removendo
1307 3958 1364 3990 cum
1375 3945 1513 3990 Catdlnale
1525 3947 1571 3991 Pe·

344 4017 439 4060 rusino.
452 4017 554 4069 “Questl
565 4017 649 4070 glomi
660 4017 692 4060 bo
704 4019 807 4070 perlato
820 4019 846 4060 al
860 4017 934 4061 Rmo.
948 4017 1086 4062 cardinale
1102 4017 1195 4062 Fulvio
1209 4019 1278 4062 della
1290 4017 1404 4073 corgna,
1419 4020 1437 4062 il
1447 4021 1524 4074 quale
1538 4020 1572 4063 mi

344 4089 410 4132 disee
422 4089 478 4142 che,
489 4091 555 4132 oltre
565 4089 589 4131 di
600 4089 641 4132 iar
651 4090 668 4131 l'
679 4089 760 4132 officio
771 4089 818 4132 che
829 4095 932 4142 potesse
941 4091 1253 4144 perlcttere,andandola
1263 4091 1281 4134 ll
1291 4090 1443 4134 Vescovodl
1452 4091 1572 4145 Peragit,

344 4161 476 4204 libavere
492 4161 517 4204 di
532 4162 720 4205 reccomandar
736 4163 815 4206 molto
831 4164 855 4205 le
869 4173 928 4205 cose
943 4163 984 4205 del
1000 4161 1124 4214 Colleplo.
1139 4162 1171 4205 Li
1187 4163 1220 4206 lto
1236 4169 1339 4207 toceato
1355 4164 1480 4218 inspecte
1497 4164 1574 4207 diter

342 4231 440 4275 havere
449 4234 532 4287 quelle
540 4233 664 4284 bottezbe
675 4231 700 4276 dl
708 4240 777 4276 sotto
786 4245 799 4276 e
808 4241 944 4276 mostrave
951 4234 998 4276 che
1006 4234 1115 4277 snrebbe
1124 4235 1209 4288 tacite,
1217 4245 1266 4288 pur
1272 4245 1321 4277 con
1328 4236 1412 4288 quelle
1420 4235 1442 4278 si
1449 4234 1571 4289 potrleno

342 4304 443 4348 evitate
455 4304 545 4358 grandi
557 4305 746 4348 inconvenienti
758 4306 805 4348 che
816 4306 908 4349 adesso
925 4317 995 4348 sono.
1008 4305 1056 4348 Per
1067 4317 1117 4348 non
1132 4307 1216 4350 havet
1230 4307 1290 4360 quel
1304 4307 1396 4350 dlletto
1411 4307 1433 4350 sl
1448 4313 1573 4350 trattnva

342 4376 420 4419 etlam
431 4376 455 4420 dl
466 4376 538 4428 aprlr
549 4387 599 4418 uua
607 4383 684 4430 porta
694 4388 771 4420 verso
782 4379 840 4431 qucl
851 4378 876 4422 dl
887 4378 971 4429 luora;
982 4384 1008 4421 et
1019 4379 1110 4430 anche,
1122 4389 1149 4422 se
1159 4387 1251 4433 questo
1261 4390 1311 4422 non
1324 4379 1344 4422 sl
1356 4379 1461 4433 potrssl,
1472 4378 1498 4421 dl
1515 4388 1573 4432 pro·

342 4449 421 4491 veder
431 4449 456 4491 dt
467 4449 507 4491 un'
518 4449 586 4491 altro
596 4450 679 4504 luogo,
690 4449 755 4492 dove
766 4449 861 4492 lossino
872 4449 1001 4504 maggiori
1012 4450 1208 4503 commodita...„
1218 4451 1354 4504 Polnncus,
1365 4462 1399 4494 ex
1409 4462 1485 4502 corn„
1495 4451 1571 4495 Patri
1668 4475 1671 4481 ·

343 4519 479 4563 Eretardo
490 4518 660 4574 Mercuriano,
673 4521 721 4564 l6.⁸
732 4521 803 4576 blajl.

380 4591 392 4622 Ι
419 4591 449 4633 D.
465 4589 619 4634 Franclscus
630 4592 660 4635 de
672 4591 801 4636 Mendoza.
813 4591 879 4635 Vlde
891 4602 978 4646 supra,
987 4601 1047 4645 pag.
1057 4591 1090 4642 tt,
1105 4592 1208 4643 n.61;et
1225 4590 1319 4636 cartas
1334 4592 1367 4636 de
1380 4591 1437 4636 San
1451 4589 1571 4644 tenacia,

343 4671 359 4708 t.
368 4673 405 4717 vt,
413 4673 472 4718 pag.
484 4661 521 4706 ¹⁹7
530 4669 557 4706 et
566 4663 613 4706 237.
