3642 5350
330 356 383 415 296
778 354 907 417 canor.
934 351 1010 414 Soc.
1035 354 1104 429 Jas.

329 510 411 566 runt
429 485 464 565 et
482 519 568 581 rem,
592 510 631 565 ut
651 518 729 565 sese
745 501 909 581 habebat,
930 517 1164 581 cognoscere,
1181 499 1274 563 male
1289 506 1499 581 conceptam
1514 499 1558 562 de

332 609 462 673 nostris
481 609 696 689 opinionem,
719 617 754 673 et
775 608 945 690 quidquid
964 608 1036 673 odii
1054 609 1090 673 in
1105 609 1223 673 animo
1238 607 1428 688 habebant,
1452 607 1557 687 depo·

326 726 484 796 suerunt;
500 716 608 779 immo
623 716 684 797 qui
699 716 857 780 acriores
870 715 1013 780 fuerant
1033 725 1159 781 contra
1179 724 1339 793 nostros,
1360 715 1397 777 in
1411 714 1462 778 eis
1484 713 1557 777 dili·

325 824 451 905 gendis
466 823 700 888 ferventiores
711 833 792 888 sunt
804 822 930 903 effecti3
947 824 1008 906 qui
1018 823 1198 904 negabant
1209 822 1467 905 frequentanda
1479 838 1557 885 esse

326 939 563 1011 sacramenta,
579 930 704 995 eadem
719 948 800 995 cum
815 947 945 1010 magno
961 930 1069 995 animi
1084 928 1211 995 ardore
1231 928 1502 1011 frequentabant
1524 936 1558 991 et

327 1038 417 1103 alios
437 1039 483 1102 ad
497 1038 590 1103 idem
605 1018 896 1102 exhortabantur.

390 1146 478 1210 1175.
522 1145 560 1209 Ρ.
588 1144 770 1226 Philippus
794 1145 965 1209 Cassinus
984 1143 1088 1225 hujus
1114 1143 1265 1225 Collegii
1284 1145 1413 1209 Rector
1438 1160 1560 1207 mense

329 1253 458 1317 Martio
475 1253 559 1317 anni
573 1253 754 1333 praeteriti
768 1253 896 1316 missus
910 1250 932 1332 ¹,
948 1252 1009 1315 ubi
1019 1252 1225 1316 concionari
1237 1252 1365 1333 coepit,
1383 1261 1420 1315 ut
1430 1252 1560 1333 populo

329 1361 526 1424 institutum
541 1360 654 1424 nostri
670 1357 819 1440 Collegii
834 1362 1084 1438 innotesceret,
1101 1367 1136 1423 et
1150 1376 1242 1439 quae
1257 1359 1442 1424 commoda
1458 1376 1505 1423 ex
1518 1376 1560 1422 eo

329 1467 380 1530 illi
394 1468 532 1531 civitati
545 1476 754 1531 emanatura
775 1476 892 1547 erant;
909 1466 1009 1531 initio
1030 1466 1227 1531 mirabatur
1247 1467 1375 1531 civitas
1393 1465 1561 1531 universa

328 1574 424 1656 quod
438 1583 540 1638 extra
560 1585 698 1655 tempus
714 1574 1017 1655 Quadragesimae
1036 1584 1130 1639 esset
1144 1576 1205 1657 qui
1224 1575 1354 1657 populo
1375 1574 1560 1638 conciona-

331 1691 440 1761 retur,
457 1698 541 1745 nam
556 1682 590 1745 id
605 1681 811 1746 inusitatum
826 1690 920 1761 erat,
941 1683 1105 1763 quamvis
1123 1684 1216 1747 inter
1234 1681 1324 1747 alios
1343 1680 1485 1746 Siciliae
1503 1699 1561 1762 po·
1602 1766 1607 1773 ἡ

330 1790 434 1869 pulos
448 1786 667 1869 Syracusani
682 1788 729 1853 ad
743 1789 910 1870 pietatem
925 1790 1091 1869 propensi
1101 1788 1277 1853 dicantur.
1290 1788 1359 1853 Ubi
1374 1796 1493 1853 autem
1504 1786 1561 1851 de·

331 1905 478 1976 gustare
494 1893 668 1977 [populus]
684 1896 801 1977 coepit
815 1895 969 1960 fructum
980 1914 1026 1961 ex
1040 1897 1270 1961 concionibus
1281 1896 1560 1977 provenientem,

332 2012 405 2068 tam
430 2002 596 2085 frequens
621 2003 737 2085 coepit
758 2002 936 2067 confluere
961 2005 1007 2068 ad
1028 2005 1197 2086 templum
1221 2011 1392 2082 nostrum,
1420 2011 1458 2066 ut
1481 2019 1562 2066 cum

332 2110 418 2175 illud
438 2110 697 2174 multitudinem
715 2128 788 2175 non
808 2120 967 2193 caperet,
989 2120 1064 2175 tam
1082 2111 1185 2176 multi
1204 2099 1306 2175 extra
1331 2110 1418 2175 illud
1444 2110 1480 2174 in
1502 2110 1562 2174 via

334 2218 475 2299 publica
489 2218 643 2298 stabant,
659 2226 697 2282 ut
712 2218 977 2286 transeuntibus
992 2217 1108 2283 aditus
1123 2218 1379 2284 occluderetur.

402 2325 489 2389 1176.
532 2324 706 2390 Dominus
720 2324 853 2391 Suerus
867 2327 910 2390 de
925 2326 1041 2407 Vega,
1060 2326 1242 2407 Pro-regis
1260 2326 1364 2406 filiuS,
1386 2325 1446 2407 qui
1460 2322 1564 2404 hujus

335 2433 485 2513 Collegii
509 2433 713 2497 instituendi
736 2434 949 2515 praecipuus
971 2442 1096 2498 auctor
1115 2434 1242 2514 fuerat,
1266 2434 1384 2498 etalii
1408 2432 1564 2497 civitatis

336 2540 569 2620 magistratus
593 2547 629 2604 et
652 2540 813 2621 primarii
836 2540 997 2605 homines
1018 2541 1225 2623 saepissime
1248 2540 1479 2606 concionibus
1506 2537 1563 2602 ad·

335 2656 449 2729 erant,
465 2657 499 2713 et
513 2648 588 2713 fere
601 2663 673 2713 non
687 2650 764 2713 sine
780 2648 951 2731 lacrymis
969 2647 1208 2715 discedebant.

394 2755 484 2820 1177.
526 2755 678 2838 Aliquae
699 2757 806 2820 etiam
824 2757 959 2822 nobiles
978 2767 1163 2822 matronae
1181 2757 1237 2822 his
1255 2757 1486 2822 concionibus
1509 2757 1562 2821 sic

331 2865 568 2946 profecerunt,
585 2873 623 2928 ut
637 2881 709 2929 non
723 2865 839 2929 solum
853 2865 1006 2930 vestium
1019 2883 1188 2948 pompam
1201 2874 1236 2930 et
1251 2876 1416 2930 ornatum
1439 2882 1564 2947 corpo·

333 2973 383 3036 ris
407 2971 641 3053 deponerent;
663 2988 789 3036 verum
812 2971 936 3052 etiam,
956 2973 1051 3054 quod
1075 2971 1192 3037 visum
1217 2989 1410 3054 numquam
1431 2973 1562 3050 fuerat,

332 3077 521 3142 nonnullae
536 3095 659 3144 earum
679 3078 715 3142 in
734 3095 930 3161 pauperum
951 3080 1221 3144 subventionem
1241 3079 1397 3144 ostiatim
1416 3080 1566 3144 eleemo-

331 3203 459 3267 synam
474 3195 594 3266 petere
609 3204 680 3251 non
695 3187 961 3264 erubescebant3
979 3196 1015 3251 et
1029 3188 1119 3251 alias
1134 3188 1300 3252 mulieres
1321 3186 1367 3251 ad
1390 3186 1484 3252 idem
1502 3189 1563 3251 mi·

334 3291 549 3357 sericordiae
573 3310 663 3374 opus
689 3294 935 3375 hortabantur,
961 3304 996 3359 et
1015 3295 1117 3359 brevi
1141 3304 1299 3374 tempore
1324 3303 1424 3359 tanta
1448 3297 1486 3358 in
1513 3295 1565 3359 eis

334 3417 472 3466 morum
487 3400 684 3464 immutatio
698 3400 794 3466 facta
808 3410 874 3482 est,
891 3410 941 3482 ut,
957 3401 1131 3466 illecebris
1150 3402 1393 3467 saecularibus
1407 3412 1562 3467 contem·

336 3508 422 3588 ptis,
439 3516 576 3573 tantum
591 3526 681 3589 quae
704 3508 750 3572 ad
765 3510 965 3574 animarum
983 3509 1134 3574 salutem
1148 3510 1388 3591 pertinebant,
1407 3510 1564 3575 studiose

337 3617 538 3679 consectari
554 3625 794 3681 cernerentur.
860 3675 862 3680 ,

398 3721 486 3786 1178.
530 3723 653 3788 Crevit
672 3741 889 3805 magnopere
903 3723 1067 3790 Rectoris
1081 3724 1253 3805 praedicti
1268 3725 1362 3806 apud
1377 3726 1476 3790 cives
1490 3725 1562 3789 exi·

336 3832 492 3895 stimatio
508 3838 543 3894 et
557 3830 602 3895 ad
617 3832 730 3911 illum,
748 3833 779 3897 si
797 3831 880 3912 quid
901 3831 1039 3897 difficile
1060 3842 1278 3910 occurreret,
1301 3833 1564 3913 confugiebant,

336 3936 431 4020 quod
447 3947 480 4002 et
501 3939 551 4002 illi
570 3940 768 4004 confratres
790 3941 966 4017 fecerunt,
990 3941 1050 4022 qui
1071 3940 1173 4004 titulo
1194 3940 1385 4004 charitatis
1406 3941 1565 4021 insigniti

340 4054 454 4125 erant,
481 4054 515 4109 et
537 4063 614 4125 eoS,
635 4046 696 4128 qui
714 4048 859 4128 capitali
879 4048 1052 4128 supplicio
1074 4057 1176 4112 erant
1200 4048 1383 4130 puniendi,
1407 4049 1566 4112 animare

337 4171 380 4217 ac
393 4154 520 4234 juvare
535 4171 580 4216 ex
596 4153 710 4216 officio
732 4154 904 4218 solebant.
922 4154 1011 4218 Cum
1034 4155 1128 4218 enim
1146 4173 1218 4219 non
1237 4153 1377 4219 infimae
1397 4155 1564 4219 conditio·

337 4262 392 4325 nis
407 4262 508 4325 miles
523 4261 646 4324 ultimo
661 4261 835 4341 supplicio
852 4261 1058 4326 alliciendus
1072 4272 1181 4342 esset,
1198 4280 1348 4344 cumque
1363 4281 1443 4328 eum
1459 4263 1565 4327 addu-

336 4386 418 4433 cere
432 4385 503 4432 non
518 4377 663 4449 possent
683 4368 729 4433 ad
750 4379 978 4450 peccatorum
996 4370 1270 4449 confessionem,
1294 4371 1491 4435 accersitus
1513 4379 1566 4435 est

380 4611 387 4645 Ι
417 4610 483 4656 Vide
494 4622 582 4668 supra,
594 4617 611 4656 t.
622 4621 648 4667 v,
659 4623 720 4668 pag.
729 4609 777 4666 220,
789 4621 813 4654 n.
824 4610 872 4666 686,
882 4611 931 4656 637.
