3642 5350
832 362 988 429 narsae
1322 324 1327 333 ’
1394 393 1396 396 -
1471 359 1527 431 aaa

292 510 473 577 versitatis
497 510 806 595 IngolstadiensiS,
830 515 915 579 dato
930 513 1133 604 juramento
1156 515 1272 595 solito,
1293 513 1410 580 effecti
1429 526 1523 596 sunt;

293 621 387 701 quod
401 629 521 685 tamen
535 618 667 686 factum
682 639 703 685 a
718 620 894 687 Societate
910 622 995 686 alibi
1008 622 1196 703 probatum
1210 632 1375 686 nouerat
1391 620 1411 687 ¹.

357 726 444 799 1704.
487 726 758 793 Commendavit
769 728 876 793 etiam
888 727 1058 810 Princeps
1068 728 1214 795 Rectori
1226 729 1477 795 Universitatis
1488 739 1524 793 et

294 835 432 899 senatui
450 833 623 915 eiusdem,
645 844 684 900 ut
707 846 913 901 nostrorum
937 834 1178 901 defensionem
1200 837 1293 901 serio
1315 836 1523 918 susciperet,

294 958 338 1006 ac
351 942 558 1007 nominatim
571 952 612 1033 ut
632 943 702 1007 duo
722 961 767 1008 ex
789 944 921 1007 nostris
941 943 978 1007 in
997 944 1247 1025 theologicam,
1268 944 1338 1008 duo
1358 944 1394 1008 in
1413 944 1522 1025 philo·

294 1048 478 1129 sophicam
492 1048 697 1114 facultatem
713 1050 836 1132 (quam
855 1051 1053 1113 artisticam
1075 1052 1225 1129 vocant)
1240 1050 1522 1133 admitterentur;

294 1165 329 1219 et
343 1164 382 1219 ut
397 1155 447 1219 illi
462 1154 664 1237 stipendiati
679 1157 691 1187 ¹
710 1158 915 1221 scholastici
934 1156 1028 1221 Novi
1048 1157 1197 1239 Collegii
1217 1158 1347 1223 nostris
1363 1158 1525 1223 obedien·

294 1272 348 1327 tes
362 1276 396 1327 et
411 1261 558 1344 subjecti
573 1274 710 1345 essent,
732 1282 812 1329 cum
833 1262 928 1345 apud
948 1280 1010 1327 eos
1029 1265 1235 1329 concionari
1250 1273 1286 1329 et
1307 1266 1436 1330 docere
1454 1267 1525 1331 vel·

294 1370 378 1434 lent.

356 1477 443 1542 1700.
487 1479 546 1543 Ad
559 1478 781 1544 Praefectum
796 1480 904 1544 etiam
919 1480 1076 1543 civitatis
1091 1479 1135 1543 de
1150 1481 1343 1545 securitate
1355 1490 1390 1545 et
1402 1482 1523 1545 immu·

292 1586 404 1650 nitate
421 1596 641 1651 nostrorum:
658 1588 703 1651 ad
726 1586 971 1651 Camerarium
990 1595 1110 1650 autem
1131 1584 1174 1651 de
1198 1586 1369 1651 aedificiis
1392 1595 1427 1651 et
1448 1588 1528 1653 aliis

295 1693 400 1757 rebus
421 1693 467 1757 ad
489 1694 779 1758 commoditatem
797 1694 910 1757 nostri
933 1691 1082 1772 Collegii
1096 1694 1353 1774 pertinentibus
1372 1694 1526 1776 scripsit,

295 1800 476 1881 eidemque
491 1800 765 1880 commendavit3
782 1810 815 1863 et
831 1800 995 1881 quamvis
1009 1800 1122 1863 nostri
1137 1801 1399 1883 philosophiam
1414 1801 1527 1883 publi·

296 1924 336 1972 ce
350 1926 422 1972 non
437 1907 698 1989 profiterentur,
717 1908 800 1971 utile
815 1917 935 1970 tamen
955 1905 1124 1988 Princeps
1139 1907 1357 1972 existimavit
1375 1907 1525 1973 Univer-

296 2016 392 2080 sitati
407 2014 575 2095 futurum,
591 2016 623 2079 si
637 2016 707 2080 duo
720 2016 757 2079 in
776 2013 956 2080 facultatis
974 2012 1077 2094 hujus
1098 2030 1228 2095 corpus
1243 2015 1525 2096 admitterentur,

297 2131 351 2203 ut,
374 2139 457 2187 cum
476 2122 599 2187 fierent
620 2123 785 2187 examina
806 2120 1144 2203 promovendorum,
1171 2130 1206 2186 et
1230 2123 1375 2203 negotia
1397 2123 1528 2188 artium

253 2272 258 2281 -
296 2229 474 2295 facultatis
488 2242 739 2311 tractarentur,
756 2229 903 2294 Decano
918 2230 1086 2293 assistere
1097 2238 1133 2293 et
1146 2231 1368 2295 consultores
1380 2224 1458 2295 'esse
1470 2231 1526 2296 de·

297 2338 431 2402 berent.

359 2444 447 2510 1706.
491 2444 670 2511 Pendeliat
687 2457 805 2510 tamen
826 2465 846 2509 a
867 2446 1050 2509 voluntate
1069 2452 1273 2508 nostrorum
1293 2445 1339 2509 ad
1353 2445 1446 2510 hanc
1467 2461 1525 2512 atr·

298 2554 498 2619 ctoritatem
513 2564 655 2618 nostros
669 2570 894 2636 promovere,
908 2553 967 2616 vel
978 2552 1014 2615 id
1026 2552 1200 2629 omittere,
1214 2552 1306 2633 quod
1319 2552 1366 2615 ad
1374 2554 1526 2633 philoso·

296 2662 386 2742 phos
401 2662 537 2742 attinet,
555 2663 614 2744 qui
629 2662 766 2744 publice
782 2679 854 2726 non
869 2659 1055 2725 docebant.

359 2769 447 2835 1707.
491 2770 581 2835 Cum
606 2779 723 2834 autem
748 2768 786 2833 P.
814 2768 979 2833 Canisius
1005 2784 1162 2832 mensem
1186 2784 1294 2832 unum
1319 2767 1528 2849 Ingolstadii

297 2877 428 2942 utiliter
452 2879 646 2958 exegisset,
670 2887 822 2941 vocatus
848 2885 900 2940 est
926 2876 1052 2939 litteris
1074 2875 1230 2957 Capituli
1257 2875 1525 2957 ratisbonensis,

297 3001 447 3066 quorum
466 2985 663 3050 catholicus
683 2984 914 3048 concionator
934 2983 1081 3062 obierat;
1103 2992 1137 3046 et
1157 2990 1377 3047 tamencum
1398 2982 1527 3048 ibidem

297 3092 442 3156 comitia
461 3093 667 3172 germanica
692 3092 769 3156 sive
793 3090 923 3155 Diaeta
939 3091 1007 3153 hoc
1028 3099 1196 3153 autumno
1218 3090 1469 3170 celebraretur,
1492 3103 1527 3157 et

297 3199 557 3264 haereticorum
571 3199 691 3264 fervor
706 3209 740 3263 et
756 3197 943 3262 multitudo
958 3213 1091 3277 magna
1111 3207 1219 3274 esset,
1235 3214 1307 3261 non
1327 3197 1444 3262 visum
1463 3197 1528 3263 fuit

297 3307 366 3370 hoc
381 3306 534 3372 officium
548 3307 734 3371 charitatis
750 3306 812 3369 talf
827 3316 986 3384 ternpore
1001 3305 1052 3367 eis
1064 3304 1322 3383 denegandum.

360 3413 448 3479 1708.
491 3414 624 3479 Ibidem
649 3415 756 3478 etiam
776 3413 919 3492 negotia
940 3410 1129 3476 Societatis
1150 3413 1384 3491 promovendi
1407 3410 1528 3494 [occa-

297 3521 446 3604 sionem]
465 3523 650 3587 habiturus
671 3521 875 3600 videbatur;
898 3529 933 3582 et
953 3518 1080 3599 viginti
1100 3519 1304 3599 colleglales
1318 3519 1527 3601 Ingolstadii

298 3633 511 3712 relinquens,
528 3648 570 3694 eo
585 3647 623 3693 se
644 3628 802 3693 contulit.

360 3737 449 3802 1709.
492 3737 574 3803 Fuit
587 3747 706 3802 autem
721 3753 890 3817 magnum
904 3735 1034 3798 ostium
1054 3743 1232 3815 apertum,
1250 3744 1287 3800 ut
1307 3744 1341 3798 et
1360 3735 1528 3800 catholici

298 3847 343 3912 ab
357 3864 400 3910 eo
412 3847 448 3909 in
459 3845 687 3910 concionibus
699 3843 993 3907 confirmarentur
1005 3859 1048 3905 ac
1060 3851 1318 3906 recrearentur:
1328 3842 1528 3907 haereticos

299 3962 428 4032 autem,
444 3953 570 4034 quibus
584 3952 655 4015 illic
671 3951 790 4014 omnia
805 3951 908 4029 plena
924 3959 1044 4041 erant,
1065 3948 1313 4013 infestissimos
1327 3947 1340 3980 ⁸
1362 3948 1399 4013 P.
1424 3949 1527 4014 Cani·

298 4061 350 4125 sio
364 4060 583 4142 praedicatio
598 4057 779 4137 reddebat3
796 4057 889 4121 unde
904 4056 1047 4136 probra,
1068 4057 1302 4120 contumeliae
1322 4067 1356 4120 et
1378 4057 1527 4121 crimina

299 4203 511 4214 -—.--——-

337 4269 346 4302 ¹
374 4267 509 4322 “Singulos
519 4275 605 4311 autem
616 4265 705 4310 Socios
714 4276 773 4309 cum
783 4264 890 4310 solemni
900 4268 1065 4308 sacramento
1076 4262 1101 4305 in
1113 4262 1230 4305 membru
1239 4261 1398 4308 Academiae
1409 4262 1527 4318 cooptari

297 4329 420 4394 Princeps
429 4337 521 4383 volnitt
530 4343 555 4381 et
566 4337 637 4387 duos.
648 4337 767 4391 quamvis
775 4334 968 4389 Philosophiam
975 4333 1024 4387 ipsi
1031 4343 1081 4377 non
1089 4332 1221 4382 docerent,
1229 4339 1316 4378 temen
1324 4333 1350 4378 in
1359 4331 1527 4389 Philosopho-

296 4424 354 4458 rum
362 4412 477 4457 ordinem
487 4409 592 4459 assumi.
603 4407 646 4464 qui
657 4407 889 4453 consultationibus
901 4407 1064 4458 interessent,
1076 4411 1103 4447 et
1112 4404 1346 4458 promovendorum
1355 4405 1388 4449 ad
1398 4406 1527 4454 solemne·

297 4485 394 4542 gradus
404 4483 608 4539 experimentis,
619 4480 771 4534 ornarentur,
783 4479 853 4523 Hire.
867 4477 922 4523 Soc.
932 4476 999 4533 Jes..
1008 4483 1069 4532 part
1089 4486 1106 4531 t,
1117 4475 1153 4521 lib
1173 4487 1227 4531 ιη,
1238 4489 1262 4521 n.
1272 4476 1307 4522 at.

338 4559 350 4590 ¹
376 4555 443 4601 Vide
454 4567 542 4611 snpra,
553 4567 577 4598 n.
588 4555 651 4599 1691.

338 4627 350 4664 ⁸
376 4627 421 4674 his,
434 4626 639 4684 insessissimos.
