3642 5350
361 436 417 498 828
815 434 944 498 Cnnotr.
963 432 1041 497 Soc.
1062 434 1134 511 Jns.

302 563 306 569 ¹
362 582 506 664 buebat;
522 584 780 649 medicamenta
795 584 902 649 etiam
916 584 1203 665 aegrotantibus,
1218 582 1313 664 quod
1333 581 1439 647 valde
1458 598 1586 665 paupe·

360 707 419 755 res
432 690 483 754 illi
497 690 658 756 homines
672 691 753 772 sint,
769 692 838 757 illis
853 691 967 755 nostri
980 690 1173 756 donabant.

419 797 510 863 3545.
553 798 681 865 Modus
695 809 826 880 autem,
842 816 947 881 quem
961 798 1074 863 nostri
1087 798 1124 863 in
1140 797 1295 880 J'aponiis
1308 797 1355 862 ad
1371 798 1586 879 baptismum

359 904 576 971 adducendis
604 904 842 989 [servabant],
871 906 931 971 hic
956 914 1046 971 erat.
1075 905 1116 971 In
1142 906 1267 987 primis
1295 905 1339 970 de
1366 905 1586 971 absurditate

359 1029 533 1093 errorum,
544 1031 632 1096 quos
643 1022 763 1079 sectae
774 1014 915 1079 illarum
925 1013 1111 1079 nationum
1121 1021 1253 1093 tenent,
1262 1029 1326 1078 eos
1337 1012 1584 1079 admonebant.

357 1120 494 1186 Deinde
518 1120 635 1187 Deum
658 1121 767 1186 fuisse
787 1119 890 1202 hujus
909 1120 1032 1210 mundi
1052 1130 1261 1201 creatorem,
1284 1137 1351 1185 nec
1373 1121 1418 1186 ab
1439 1129 1586 1185 aeterno

359 1230 458 1295 illum
468 1229 590 1310 luisse,
605 1239 643 1294 ut
658 1230 726 1311 ipsi
737 1230 986 1312 opinabantur;
1001 1237 1038 1294 et
1047 1228 1224 1295 docebant
1235 1246 1298 1293 eos
1307 1226 1424 1293 Deum
1435 1228 1587 1311 primum

358 1337 570 1419 principium
581 1356 624 1403 ac
635 1338 787 1421 primam
795 1354 944 1403 causam
952 1338 1034 1402 boni
1044 1338 1154 1403 totius
1163 1335 1366 1418 esse,cujus
1375 1338 1454 1401 sola
1464 1338 1586 1401 volun·

359 1453 432 1510 tate
443 1462 486 1509 ac
500 1446 611 1511 verbo
622 1446 741 1527 angeli
751 1454 787 1509 et
797 1444 869 1510 alia
880 1445 1086 1525 invisibilia,
1099 1461 1294 1527 corporeae
1305 1444 1414 1511 etiam
1424 1445 1585 1509 substan·

359 1552 441 1633 tiae,
458 1561 493 1616 et
506 1552 625 1634 homo,
643 1570 688 1617 ex
703 1552 879 1635 spirituali
894 1561 929 1617 et
947 1554 1124 1635 corporali
1139 1560 1322 1633 constans,
1335 1551 1583 1634 processerinu

359 1660 522 1743 quodque
536 1660 655 1725 anima
669 1659 824 1725 humana
839 1660 1050 1726 immortalis
1064 1669 1099 1725 et
1114 1677 1231 1743 capax
1240 1660 1391 1743 praemii
1401 1668 1437 1725 ct
1450 1676 1585 1742 poenae

356 1765 459 1847 juxta
473 1784 582 1849 opera
596 1784 660 1833 sua
674 1777 755 1849 post
773 1779 924 1834 mortem
939 1777 1093 1833 maneat.

419 1874 512 1939 3546.
554 1873 692 1941 Deinde
712 1876 885 1940 docentur
907 1876 951 1940 de
975 1874 1106 1941 Adami
1128 1875 1437 1958 praevaricatione
1461 1882 1586 1940 contra

358 1982 426 2047 Del
441 1982 676 2047 obedientiam
691 1990 725 2047 et
740 1980 809 2065 [de]
825 1982 928 2047 malis
942 1982 1023 2048 inde
1036 1983 1344 2065 consequentibus,
1368 1991 1403 2047 et
1425 1983 1519 2065 quod
1534 1980 1586 2064 J'u·

358 2089 454 2155 stitia
468 2106 512 2155 ac
530 2089 776 2156 misericordia
791 2089 859 2155 Dei
870 2090 966 2156 dedit
980 2090 1107 2155 Filium
1120 2107 1239 2170 suum,
1252 2099 1302 2169 ut,
1318 2098 1447 2155 natura
1461 2100 1585 2154 nostra

359 2198 566 2278 adsumpta,
587 2196 748 2263 homines
762 2198 830 2262 sibi
847 2198 1034 2263 credentes
1054 2206 1090 2262 et
1111 2197 1315 2264 obedientes
1336 2197 1585 2263 reconciliaret

358 2303 453 2385 Deo;
479 2314 514 2369 et
535 2305 581 2369 ad
604 2305 672 2369 boc
690 2304 980 2386 praedicandum,
1000 2315 1036 2371 et
1057 2305 1309 2387 baptizandum
1327 2306 1455 2369 missos
1476 2303 1586 2369 fuisse

358 2411 567 2494 Apostolos,
583 2412 643 2493 qui
656 2412 753 2477 viam
769 2412 894 2477 salutis
908 2412 1070 2478 homines
1083 2413 1264 2493 docerent,
1280 2429 1370 2493 quos
1384 2412 1499 2477 nostri
1511 2410 1585 2476 imi-

358 2520 429 2584 tari
447 2519 645 2585 studebant.

417 2625 508 2692 3547.
551 2625 650 2692 Haec
665 2635 700 2692 et
720 2624 920 2708 huiusmodi
940 2628 1039 2710 prius
1059 2626 1259 2709 intelligunt
1279 2643 1387 2708 quam
1404 2624 1583 2708 baptizan-

357 2744 426 2814 tur;
442 2743 477 2799 et
492 2735 553 2812 ita,
570 2735 630 2817 qui
641 2733 871 2800 christianam
885 2735 1094 2816 religionem
1107 2753 1153 2799 ex
1167 2734 1220 2800 eis
1232 2735 1484 2817 suscipiebant,
1501 2749 1582 2798 con·

344 2850 493 2916 ¹stantes
507 2853 542 2907 et
554 2842 638 2908 boni
652 2842 688 2906 in
702 2841 874 2922 religione
888 2843 1156 2924 permanebant.

416 2947 461 3013 Et
475 2949 565 3014 haec
580 2949 624 3015 de
639 2949 770 3014 nostris
781 2946 1035 3030 japonensibus
1047 2949 1118 3014 sint
1132 2950 1240 3015 dicta.

677 3377 741 3442 DE
768 3372 1071 3441 PROVINCIALI
1097 3372 1261 3439 INDIAE

763 3611 808 3658 ET
829 3610 910 3667 Ejus
931 3609 1177 3658 columam

414 3917 506 3982 3548.
548 3917 692 3998 Aliqua,
708 3915 922 3981 Provinciae
935 3916 1055 3982 indiae
1070 3916 1326 3996 communiora,
1340 3932 1432 3997 quae
1445 3916 1490 3981 ab
1504 3915 1582 3996 ipso

357 4025 571 4090 provinciali
587 4023 773 4090 Gonzalvo
788 4023 833 4088 de
848 4009 988 4088 Silvera
1002 4034 1037 4089 et
1052 4025 1097 4088 ab
1111 4023 1186 4104 eJus
1201 4023 1407 4103 collaterali,
1423 4021 1462 4088 P.
1474 4021 1583 4088 Fran·

355 4133 452 4197 cisco
467 4131 682 4212 Rodriguez‚
699 4131 912 4212 scribuntur,
929 4131 988 4195 hic
1002 4131 1206 4196 subdentur.

414 4238 507 4304 3549.
549 4237 754 4320 Antequam
767 4239 880 4303 nostri
896 4255 978 4303 cum
992 4239 1070 4320 ipso
1085 4235 1296 4303 Patriarcha
1309 4235 1318 4268 ¹
1332 4237 1447 4302 Οοειιι
1461 4255 1583 4319 perve-

356 4348 483 4425 nirent,
500 4354 637 4410 secrete
652 4346 847 4427 praecessit
862 4344 901 4410 Ρ.
918 4346 1134 4425 Gonzalvus,
1150 4344 1272 4426 etjam
1290 4346 1399 4427 multa
1414 4353 1518 4410 nocte
1538 4345 1584 4409 ad

357 4453 565 4534 Collegium,
581 4451 690 4518 sociis
704 4453 739 4517 in
755 4455 839 4518 navi
852 4453 996 4533 relictiS,
1009 4453 1117 4533 venit,
1132 4463 1166 4518 et
1177 4462 1346 4533 tanquam
1357 4453 1581 4534 peregrinum

396 4697 404 4731 ¹
434 4695 528 4748 Ioanne
537 4695 625 4742 Nullan
636 4697 756 4742 Barreto.
767 4695 834 4742 Vide
844 4705 925 4752 snpra
945 4706 970 4739 n.
980 4695 1033 4740 tttt
1044 4701 1072 4740 et
1079 4695 1141 4740 w.
