3642 5350
375 434 428 507 84²
802 425 931 489 INDEX
948 422 1173 487 GENERALIS

375 590 411 654 in
426 588 530 670 primi
545 586 732 652 voluminis
746 585 964 669 praefatione
979 582 1132 647 diximus
1151 582 1174 645 ¹.
1196 582 1300 649 Certe
1319 583 1515 649 Historiam
1534 579 1596 648 So·

376 696 515 761 cietatis
528 693 611 777 Jesu
626 695 828 759 universam
843 701 877 757 et
892 691 1111 773 singulorum
1125 688 1376 771 eollegiornm,
1388 692 1500 757 vitam
1510 690 1594 756 item

375 802 562 867 illustrium
582 820 628 865 ex
652 801 730 883 ipsa
751 800 928 866 Societate
946 798 1103 862 virorum
1124 798 1283 868 exactius
1301 798 1456 864 Polanco
1477 799 1592 863 nullus

375 910 530 974 scribere
544 916 693 990 poterat.
717 908 897 973 Voluisset
916 906 1060 971 tandem
1080 904 1209 986 Ignatii
1233 917 1268 971 et
1289 908 1466 972 sociorum
1487 906 1591 971 ratio·

376 1034 456 1080 nem
470 1014 598 1097 agendi
612 1014 771 1080 intimam
785 1016 980 1082 secundum
994 1018 1039 1084 ab
1053 1010 1128 1098 ipso
1144 1020 1296 1096 scriptas
1316 1013 1594 1081 Constitutiones

375 1123 551 1204 effingere,
568 1141 610 1185 ea
622 1123 832 1187 documenta
844 1142 888 1188 ex
904 1142 970 1188 suo
986 1124 1162 1191 Chronico
1174 1124 1354 1206 seligendo
1364 1124 1423 1187 vel
1438 1120 1593 1186 indican-

375 1230 432 1310 do,
445 1246 536 1311 quae
547 1226 794 1311 Superioribus
809 1241 844 1295 et
859 1230 1008 1296 subditis
1028 1233 1112 1314 quid
1131 1242 1166 1298 et
1185 1229 1361 1315 quomodo
1381 1229 1468 1311 ipsis
1489 1244 1594 1308 agen·

375 1336 471 1416 dum,
486 1354 623 1418 quaeve
641 1338 799 1418 pericula
817 1338 964 1402 vitanda
979 1350 1108 1421 essent,
1128 1340 1231 1422 quasi
1245 1339 1357 1420 digito
1379 1335 1594 1402 demonstra·

376 1451 465 1507 rent.
491 1442 590 1507 Haec
615 1450 650 1507 et
669 1443 739 1507 alia
757 1442 968 1526 hujusmodi,
991 1463 1083 1527 quae
1103 1446 1321 1511 clarissimus
1345 1445 1402 1508 vir
1421 1442 1460 1507 in
1479 1449 1595 1507 mente

318 1536 321 1543 ’
375 1549 539 1629 habebat,
556 1552 659 1631 plena
673 1550 787 1615 bonae
801 1550 915 1630 frugis
929 1561 965 1617 et
978 1552 1140 1619 utilitatis
1159 1568 1249 1633 esse,
1271 1568 1375 1616 nemo
1392 1566 1465 1615 non
1485 1549 1593 1627 videt;

375 1665 531 1720 attamen
546 1656 671 1721 indicis
686 1654 854 1722 terminos
869 1660 976 1723 etiam
990 1660 1175 1739 excedere,
1190 1659 1416 1725 manifestum
1429 1664 1495 1720 est.

435 1762 668 1828 Commodum
683 1756 827 1828 tandem
838 1774 932 1829 esset
943 1766 1098 1831 omnium
1109 1767 1269 1831 virorum
1279 1782 1299 1829 e
1310 1757 1486 1830 societate
1495 1764 1591 1848 Jesu,

375 1870 435 1951 qui
449 1879 607 1950 tempore
626 1868 749 1933 Sancti
767 1864 965 1935 fundatoris
986 1872 1162 1954 vixerunt,
1185 1871 1387 1953 catalogum
1407 1870 1592 1935 conficere.

375 1976 452 2041 Hoc
466 1991 598 2056 magna
613 1986 774 2057 exparte
788 1976 950 2057 fecimus,
966 1989 1047 2043 cum
1062 1977 1099 2043 in
1113 1974 1181 2044 hoe
1197 1975 1311 2044 indice
1330 1978 1460 2059 Ignatii
1478 1977 1595 2043 socios

375 2091 411 2147 et
424 2082 513 2147 filios
528 2080 654 2147 litteris
667 2078 706 2147 P.
721 2084 780 2147 vel
794 2080 829 2148 S.
845 2081 877 2165 J.
892 2084 968 2149 lere
980 2081 1156 2151 notandos
1170 2081 1385 2151 curavimus.

416 2326 425 2359 ¹
453 2324 512 2370 Vol.
523 2318 544 2379 1,
553 2324 674 2381 perdit
683 2322 708 2370 Β.
