3642 5350
770 412 835 475 An.
858 408 928 475 1556
1412 410 1466 477 397
1510 458 1516 470 .

297 562 385 627 1691.
428 560 520 641 Quia
535 577 621 625 vero
636 561 672 624 in
686 560 837 641 publicis
848 560 904 624 his
914 560 1123 626 lectionibus
1137 560 1370 627 Universitati
1383 580 1466 627 con·

235 670 368 735 formes
392 685 470 734 esse
489 678 632 733 nostros
651 668 847 750 oportebat,
868 668 956 733 satis
976 667 1161 734 diuturnas
1185 668 1467 735 intermissiones

236 778 425 857 habebant;
453 786 488 842 et
512 778 575 841 vix
598 778 677 858 plus
701 793 808 857 quam
833 787 977 841 centum
998 777 1167 842 lectiones
1189 777 1338 859 singulis
1362 779 1466 843 annis

237 887 545 967 legerepoterant.

298 993 386 1058 1692.
433 992 529 1074 Mag.
546 991 755 1057 Theodorus
770 990 948 1070 Peltanus,
973 992 1142 1073 privatim
1157 992 1309 1073 quidem,
1332 1009 1466 1074 graeca

236 1111 270 1167 et
286 1101 502 1166 rhetoricam
515 1100 675 1165 docebat.
693 1098 820 1165 Primis
835 1098 959 1163 diebus
974 1097 1192 1180 Septembris
1208 1095 1466 1181 praefationem

235 1208 357 1273 habuit
371 1209 574 1287 hebraeam,
588 1225 679 1289 quae
692 1206 762 1270 illis
776 1204 899 1271 diebus
914 1204 1093 1270 ordinarie
1105 1206 1256 1287 legenda
1272 1217 1360 1288 erat,
1376 1207 1465 1273 hora

236 1326 317 1399 post
331 1315 520 1398 prandium
534 1314 701 1394 secunda,
719 1323 753 1379 et
767 1315 803 1378 in
818 1314 941 1378 schola
952 1315 1210 1395 theologorum,
1227 1315 1354 1396 quibus
1368 1317 1466 1381 theo·

235 1425 372 1505 logicae
397 1424 568 1489 lectiones
587 1440 659 1488 non
678 1421 819 1503 fiebant,
839 1432 874 1487 et
893 1422 1096 1504 frequentes
1115 1424 1202 1488 satis
1223 1423 1404 1489 auditores
1430 1434 1466 1489 et

235 1531 331 1596 docti
345 1548 436 1611 sese,
453 1542 642 1613 antequam
657 1530 877 1611 inchoarent,
894 1530 944 1594 illi
959 1530 1173 1596 obtulerunt.

298 1638 386 1703 1693.
429 1639 516 1703 Erat
530 1639 672 1719 quidem
685 1639 860 1703 hebraeus
871 1636 1052 1719 professor
1066 1638 1284 1719 Ingolstadii,
1297 1640 1334 1704 in
1345 1657 1388 1705 ea
1402 1641 1465 1703 lin·

236 1764 307 1827 gua
325 1745 431 1811 valde
451 1747 620 1826 eruditus,
637 1745 700 1810 sed
719 1746 829 1810 latina
845 1746 967 1826 lingua
986 1744 1253 1827 destituebatur,
1276 1748 1361 1829 quia
1380 1747 1464 1811 olim

237 1853 381 1935 Romae,
406 1872 451 1919 ex
467 1852 597 1935 Judaeo
615 1853 731 1919 factus
751 1853 976 1934 christianus,
999 1871 1126 1934 parum
1148 1853 1296 1919 feliciter
1316 1854 1465 1921 latinum

238 1979 436 2027 sermonem
453 1960 635 2035 didicerat.

299 2068 386 2135 1694.
430 2068 525 2149 Mag.
553 2068 735 2133 Gerardus
763 2068 938 2133 Wiltenus
962 2070 999 2134 in
1028 2068 1186 2134 futurum
1214 2071 1465 2135 reservabatur

238 2186 431 2256 certamen,
448 2194 528 2242 cum
543 2176 636 2241 enim
650 2175 734 2240 Dux
745 2176 934 2256 Bavariae,
947 2193 1012 2240 suo
1024 2176 1212 2259 stipendio.
1227 2178 1465 2259 quadraginta

234 2285 384 2365 juvenes
412 2300 602 2365 germanos
628 2284 737 2348 aleret
762 2282 981 2364 Ingolstadii,
1008 2286 1105 2349 etin
1133 2286 1288 2366 quodam
1313 2287 1465 2367 collegio

235 2391 471 2457 instituendos
493 2392 718 2473 suscepisset;
745 2391 828 2473 quia
850 2392 958 2473 aliqui
982 2392 1164 2471 haeretici,
1186 2394 1378 2459 interillos
1404 2393 1463 2459 ad·

235 2500 346 2580 missi,
367 2500 523 2582 reliquos
542 2498 798 2582 depravabant,
821 2500 955 2564 nostris
976 2517 1099 2566 eorum
1118 2500 1463 2566 administrationem

234 2607 376 2672 tradere
390 2608 611 2689 decreverat;
628 2615 663 2672 et
677 2616 716 2672 ut
735 2608 804 2672 illis
820 2608 1047 2672 humaniores
1066 2609 1205 2673 litteras
1225 2610 1462 2690 praelegeret,

235 2717 447 2798 eosdemque
461 2717 497 2779 in
509 2711 638 2797 pietate
648 2715 858 2791 institueret,
871 2715 968 2795 Mag.
980 2715 1136 2798 Joannes
1148 2715 1355 2798 designatus
1369 2729 1460 2783 erat.

297 2823 385 2888 1695.
428 2823 524 2904 Mag.
550 2822 744 2900 Hurtadus,
773 2823 854 2888 licet
878 2823 934 2886 vir
964 2824 1122 2888 eruditus
1147 2833 1252 2904 esset,
1278 2825 1396 2889 minus
1427 2827 1464 2890 in

234 2931 345 2995 latino
360 2947 522 2995 sermone
537 2948 576 2995 se
594 2930 829 2996 exercitatum
845 2930 1082 3010 existimabat,
1101 2948 1206 3012 quam
1222 2948 1287 3012 par
1303 2941 1397 2997 esset
1419 2934 1465 2997 ad

235 3037 515 3119 philosophicam
526 3039 585 3101 vel
600 3038 887 3102 mathematicam
899 3037 1087 3102 lectionem
1097 3037 1236 3118 publice
1248 3038 1462 3119 habendam;

234 3153 269 3209 et
283 3144 363 3209 idco
378 3153 416 3210 ut
430 3145 598 3227 privatim
612 3145 755 3225 nostris,
774 3162 863 3226 quae
879 3145 925 3209 ad
938 3145 1211 3226 grammaticam
1226 3146 1415 3227 pertinent,
1429 3155 1465 3211 et

235 3251 418 3318 Ciceronis
432 3253 600 3334 epistolas
616 3249 837 3335 [explicaret]
854 3235 1062 3332 designatus
1077 3261 1141 3316 est.

297 3359 384 3424 1696.
427 3360 642 3425 Domesticis
656 3361 764 3425 etiam
777 3369 980 3425 nostrorum
997 3360 1295 3441 disputationibus
1310 3361 1464 3441 philoso-

234 3468 349 3550 phicis
373 3477 548 3550 praeerat;
576 3469 667 3533 sicut
691 3467 754 3532 Dr.
782 3467 1010 3532 Hermannus
1034 3469 1071 3531 in
1096 3467 1393 3550 disputationibus
1421 3469 1465 3534 de

236 3575 491 3640 controversiis
516 3593 602 3640 cum.
622 3575 824 3656 haereticis,
851 3575 975 3640 diebus
999 3574 1186 3640 dominicis
1205 3584 1240 3640 et
1258 3577 1402 3641 veneris
1426 3591 1464 3641 se

236 3683 436 3748 exercebat.
454 3682 498 3747 Et
519 3683 556 3747 in
570 3683 626 3746 his
641 3691 676 3746 et
695 3683 786 3763 aliis,
807 3700 898 3764 quae
919 3680 964 3747 ad
984 3683 1152 3764 pietatem
1169 3684 1358 3764 pertinent,
1375 3693 1413 3749 ut
1428 3685 1464 3748 in

236 3790 398 3872 corporis
412 3789 708 3872 castigationibus
726 3807 790 3871 per
811 3789 953 3871 flagella
973 3799 1007 3855 et
1019 3787 1153 3870 JeJunia
1169 3799 1204 3855 et
1218 3790 1409 3870 orationes,
1425 3808 1464 3854 se

237 3899 330 3962 intra
345 3896 559 3964 domesticos
572 3897 728 3978 parietes
742 3897 968 3962 exercebant.

297 4003 386 4068 1697.
429 4003 602 4069 Minorem
621 4015 739 4069 autem
758 4005 937 4070 habebant
955 4021 1108 4069 messem
1131 4004 1244 4069 nostri
1268 4005 1306 4068 in
1330 4005 1464 4070 confes·

234 4111 394 4176 sionibus
416 4121 451 4177 et
475 4113 705 4177 concionibus
729 4130 835 4194 quam
861 4121 1056 4193 optassent3
1082 4128 1166 4175 nam
1190 4120 1332 4194 praeter
1357 4129 1464 4194 quam

234 4219 327 4300 quod
352 4221 558 4300 germanice
587 4221 693 4301 pauci
720 4228 884 4300 poterant
910 4220 947 4284 in
974 4220 1063 4284 urbe
1087 4219 1311 4298 concionari,
1341 4236 1463 4283 eorum

235 4342 343 4406 opera
363 4343 434 4390 non
454 4327 712 4408 requirebatur;
732 4335 767 4391 et
781 4327 844 4391 vix
864 4327 902 4390 P.
925 4325 1068 4391 Canisio
1092 4335 1146 4389 ter
1161 4324 1397 4390 concionandi
1411 4325 1462 4390 In·

233 4433 400 4513 golstadii
416 4431 650 4498 commoditas
665 4436 750 4499 data
766 4443 831 4497 est.

297 4539 384 4604 1698.
427 4541 553 4606 Messis
572 4542 680 4606 etiarn
696 4540 893 4622 juventutis
907 4540 1125 4605 excolendae
1140 4558 1203 4623 per
1223 4540 1463 4606 confessiones

235 4659 269 4714 et
285 4649 517 4715 christianam
537 4651 736 4715 doctrinam
758 4649 842 4714 data
862 4648 1019 4714 nondum
1039 4660 1128 4728 erat,
1150 4667 1229 4713 cum
1248 4651 1392 4714 scholas
1411 4648 1464 4713 lit·
