3642 5350
784 390 940 465 ἒ11115116
1421 392 1471 453 301

247 546 341 617 runt,
353 537 516 618 quamvis
527 537 593 600 sub
604 534 708 600 finem
720 537 852 601 mensis
862 536 1028 602 Octobris
1040 536 1181 617 publica
1194 538 1321 618 oratio,
1334 555 1473 604 summo

247 644 283 709 in
297 644 575 735 templohabita,
590 644 660 708 hoc
673 644 876 709 scholarum
894 643 1092 708 institutum
1107 644 1366 710 declaraverat.
1382 646 1473 711 Fue·

218 748 219 751 ’
247 761 329 817 rant
343 752 472 816 ibidem
486 752 637 833 plurima
651 760 685 817 et
700 752 792 817 varii
806 752 947 833 generis
963 752 1135 829 carmina,
1152 760 1227 816 tum
1245 770 1377 833 graeca
1397 764 1473 819 tum

247 859 369 937 latina,
382 858 497 924 affixa.
511 858 685 925 Adsuerat
697 858 871 924 Dominus
882 858 1015 924 Suetus
1025 859 1069 923 de
1080 858 1185 940 Vega
1197 876 1277 924 cum
1286 862 1472 941 magistra·

247 967 352 1046 tibuS,
379 965 525 1032 Vicario
550 967 727 1048 Episcopi,
755 967 917 1032 omnibus
946 967 1119 1047 theologis
1148 967 1371 1033 diversarum
1395 970 1473 1034 reli·

247 1076 404 1156 gionum,
428 1075 623 1156 monachis,
646 1086 680 1141 et
702 1076 809 1140 etiarn
829 1075 1096 1155 ludimagistris,
1120 1076 1178 1158 qui
1199 1085 1403 1143 nostrorum
1424 1080 1473 1143 la·

247 1183 324 1247 bori
338 1200 411 1247 non
425 1183 614 1248 cessabant
629 1183 843 1265 obstrepere.
861 1182 1041 1263 Quantum
1054 1191 1173 1247 autem
1184 1184 1347 1249 omnibus
1357 1188 1472 1250 oratio

247 1291 431 1371 placuerit,
448 1291 650 1373 applausus
667 1308 711 1355 ea
726 1290 899 1368 absoluta,
916 1290 1004 1354 satis
1018 1290 1225 1355 declaravit.
1249 1288 1401 1356 Secutus
1420 1302 1473 1356 est

246 1406 281 1461 et
305 1397 580 1463 bombardarum
601 1396 769 1479 strepitus
791 1406 826 1461 et
848 1414 1104 1478 campanarum
1127 1407 1234 1480 atque
1256 1417 1473 1481 organorum

246 1506 392 1585 sonitus,
409 1506 536 1588 quibus
549 1506 726 1588 publicam
740 1505 913 1569 laetitiam
927 1504 1164 1587 explicabant.

310 1611 396 1677 1201.
440 1612 572 1694 Magna
587 1615 695 1679 etiam
710 1612 972 1693 congratulatio
986 1612 1139 1678 Domino
1154 1612 1265 1678 Suero
1276 1634 1298 1679 a
1310 1616 1473 1681 Doctori·

246 1720 312 1785 bus
325 1729 360 1785 et
374 1721 511 1786 civibus
525 1721 764 1803 compluribus
775 1720 870 1786 sacta
882 1729 948 1801 est,
961 1720 1055 1803 quod
1067 1720 1263 1802 Collegium
1275 1722 1473 1806 Syracusas

248 1828 422 1893 evocandi
436 1837 562 1894 auctor
576 1828 702 1893 fuerat.

311 1935 398 2001 1202.
442 1937 481 2001 111
508 1936 600 2002 festo
626 1934 709 2002 S.tle
740 1934 954 2001 Catharinae
983 1937 1097 2003 altera
1125 1938 1242 2003 oratio
1270 1938 1307 2003 in
1333 1939 1474 2005 laudem

246 2059 399 2124 graecae
413 2044 568 2125 linguae,
585 2061 676 2125 quae
691 2044 829 2126 publice
844 2044 995 2125 legenda
1009 2054 1098 2126 erat,
1111 2045 1232 2110 habita
1244 2054 1314 2127 est;
1325 2046 1362 2111 in
1372 2047 1491 2129 cuius·

247 2150 401 2217 studium
429 2152 530 2217 multi
556 2150 732 2217 Doctores
766 2169 809 2216 ac
841 2151 1100 2232 ludimagistri,
1130 2170 1280 2235 quorum
1309 2153 1473 2236 discipuli

246 2276 367 2325 omnes
393 2258 439 2324 ad
464 2268 606 2324 nostros
631 2277 670 2324 se
693 2259 961 2339 transtulerant,
985 2259 1230 2325 incubuerunt.
1257 2260 1392 2327 Eodem
1416 2262 1473 2327 die

248 2368 430 2450 complura
450 2368 708 2450 epigrammata
727 2385 749 2431 a
769 2366 981 2451 quibusdam
999 2367 1283 2433 adolescentibus
1299 2369 1471 2452 Praesidi,

246 2472 357 2540 Suero
372 2475 417 2540 de
431 2474 548 2555 Vega,
564 2484 599 2539 et
614 2474 838 2555 magistratui
853 2474 1024 2538 recitatae
1037 2475 1189 2539 suerunt.

307 2580 395 2647 1203.
437 2582 522 2647 Mox
536 2590 654 2646 autem
669 2581 731 2645 filii
744 2582 935 2646 multorum
949 2581 1119 2647 nobilium
1130 2591 1165 2647 et
1180 2582 1365 2648 doctorum
1379 2586 1469 2649 viro·

245 2708 323 2756 rum
338 2693 385 2756 ad
398 2700 540 2756 nostras
554 2690 697 2755 scholas
711 2697 955 2754 convenerunt
973 2698 1009 2755 et
1023 2707 1146 2754 eorum
1165 2690 1202 2755 in
1216 2691 1290 2756 dies
1304 2709 1473 2758 numerus

245 2791 452 2880 augebatur3
469 2809 504 2864 et
517 2816 599 2864 cum
612 2799 649 2862 in
662 2797 788 2863 litteris
803 2815 845 2862 ac
860 2798 963 2862 bonis
973 2797 1130 2862 moribus
1141 2798 1277 2863 institui
1291 2809 1326 2864 et
1340 2800 1472 2865 utrobi-

244 2925 312 2988 que
328 2906 498 2989 proficere
513 2915 753 2985 cemerentur,
770 2922 893 2971 eorum
908 2914 1074 2987 parentes
1088 2907 1125 2969 in
1139 2906 1214 2970 dies
1233 2908 1349 2988 magis
1369 2909 1471 2974 bene·

245 3015 317 3079 voli
331 3013 489 3096 Collegio
505 3013 741 3079 reddebantur
763 3011 784 3072 ¹.

306 3121 392 3186 1204.
435 3123 602 3187 Libenter
626 3129 745 3185 autem
763 3121 864 3201 pueri
888 3121 1037 3201 singulis
1061 3121 1239 3186 mensibus
1259 3123 1471 3189 confiteban-

242 3238 311 3310 tur,
327 3248 449 3296 eorum
463 3231 599 3294 indoles
613 3240 686 3294 tam
701 3229 747 3292 ad
769 3228 969 3294 doctrinam
990 3247 1094 3309 quam
1116 3230 1161 3293 ad
1181 3230 1349 3297 virtutem
1369 3250 1470 3312 prae-

242 3339 340 3403 clara
354 3347 441 3419 erat3
458 3346 492 3402 et
506 3338 543 3402 in
557 3344 737 3418 posterum
752 3337 882 3400 multos
896 3353 942 3399 ex
958 3335 1010 3400 eis
1024 3335 1070 3425 ad
1088 3335 1301 3402 Societatem
1322 3339 1471 3406 idoneos

242 3445 317 3510 sore
331 3445 610 3522 existimabatur;
628 3453 662 3508 et
677 3444 784 3526 aliqui
796 3441 869 3523 jam
885 3442 1113 3508 vehementer
1127 3444 1162 3508 id
1178 3447 1365 3528 optabant,
1382 3458 1417 3512 et
1431 3457 1471 3514 ut

243 3553 512 3618 admitterentur
524 3553 709 3632 urgebant.

304 3659 392 3724 1205.
434 3659 528 3725 Satis
542 3660 650 3724 etiam
665 3658 851 3738 diligentes
865 3667 979 3737 erant,
996 3666 1071 3722 tum
1085 3659 1122 3724 in
1136 3661 1191 3724 his
1202 3679 1293 3743 quae
1304 3662 1350 3726 ad
1361 3664 1469 3744 pieta·

242 3777 330 3848 tem,
350 3777 424 3833 tum
443 3768 480 3832 in
501 3767 557 3832 his
576 3783 667 3850 quae
693 3766 739 3831 ad
763 3765 997 3831 eruditionem
1022 3769 1301 3846 promovendam
1321 3769 1466 3835 faciunt.

240 3875 413 3942 Modestia
437 3892 560 3940 eorum
582 3883 616 3939 et
638 3873 924 3953 consanguineos
942 3882 977 3939 et
995 3874 1150 3955 reliquos
1168 3876 1266 3941 cives
1287 3877 1333 3942 ad
1354 3878 1470 3944 Deum

240 3984 456 4049 laudandum
480 4000 695 4064 magnopere
716 3981 912 4060 excitabat;
938 3991 972 4046 et
991 3981 1225 4048 miserrimam
1250 3984 1327 4049 fore
1345 3987 1468 4052 civita·

239 4101 310 4156 tem
325 4090 500 4171 dicebant,
517 4091 548 4155 si
562 4089 759 4171 Collegium
773 4089 840 4152 hoc
852 4089 898 4152 ab
912 4107 956 4153 ea
971 4089 1149 4154 sublatum
1161 4101 1264 4157 esset.

300 4199 387 4264 1206.
431 4198 671 4264 Christianam
686 4197 885 4262 doctrinam
900 4205 1000 4261 tanto
1020 4215 1101 4263 cum
1121 4198 1250 4265 affectu
1270 4201 1467 4285 discebant,

236 4317 274 4373 ut
289 4309 335 4373 ad
349 4308 493 4374 scholas
507 4308 691 4372 venientes
706 4315 741 4370 et
756 4305 837 4370 inde
852 4305 997 4370 domurn
1011 4306 1229 4388 recedentes,
1245 4327 1326 4374 eam
1341 4312 1468 4376 decan·

276 4515 285 4550 ¹
313 4513 360 4562 lia.
370 4515 449 4562 babet
460 4525 553 4562 aarum
561 4516 692 4571 parentes
702 4515 730 4559 in
740 4513 800 4559 dies
811 4513 899 4568 magis
914 4512 1055 4557 benevolos
1066 4513 1180 4568 collegio
1195 4514 1337 4569 reddebat,
1349 4519 1395 4564 aed
1409 4530 1466 4564 ora·

235 4589 313 4635 11011Ιο
322 4590 466 4645 subtectum
479 4589 651 4642 desideratum
663 4587 720 4632 ldeo
731 4587 773 4631 vel
784 4586 886 4632 aliunde
901 4585 1079 4640 mutuandum,
1090 4587 1132 4629 vel
1142 4587 1250 4640 passiva
1260 4601 1323 4634 voca
1338 4591 1468 4635 ellerenda

236 4667 276 4707 eat
285 4662 378 4708 oratio:
388 4667 547 4718 postremum
556 4661 641 4716 magia
650 4657 761 4716 placuit.
