3642 5350
800 445 864 517 Aa.
886 446 956 516 ista
1435 455 1489 528 oia

258 595 386 662 mirum
399 597 437 664 in
451 599 594 666 modum
609 601 832 682 proficerent,
848 605 909 684 qui
924 604 960 668 iu
976 622 1018 668 ea
1033 603 1221 672 Cordubae
1236 611 1485 693 versabantur3
1511 583 1514 590 ‚

259 713 294 769 et
313 705 503 772 videbatur
520 708 780 790 quodammodo
802 711 895 775 ratio
914 711 1094 794 proiectus
1113 714 1157 778 ad
1185 722 1298 780 artem
1325 718 1484 798 reducta,

259 812 354 894 quod
368 816 565 879 testabatur
578 815 673 897 Mag.
690 816 874 895 Martinez,
897 835 1002 900 quem
1021 819 1175 886 diximus
1200 823 1209 854 ¹
1233 826 1485 893 consobrinum

259 918 542 1003 Archiepiscopi,
558 924 618 1004 qui
633 923 831 988 affirmabat
843 943 883 989 se
901 943 973 990 non
991 943 1096 1008 posse
1117 925 1287 1012 [meritas]
1308 929 1385 996 Deo
1404 949 1483 1013 gra-

258 1029 328 1092 tias
341 1045 450 1109 agere
464 1047 630 1112 unquam,
647 1032 741 1113 quod
755 1031 801 1095 ad
815 1048 894 1097 eam
912 1032 1055 1099 domum
1074 1036 1189 1116 ipsum
1208 1038 1427 1121 adduxisset,
1450 1053 1484 1109 et

258 1153 339 1200 cum
351 1135 409 1200 ilie
430 1136 491 1201 diu
505 1155 543 1202 se
557 1138 593 1202 in
605 1137 710 1203 rebus
720 1139 963 1219 spiritualibus
972 1142 1190 1206 exercuisset
1202 1153 1283 1208 ante
1295 1143 1484 1214 Societatis

255 1242 467 1324 ingressum,
483 1246 581 1309 velut
595 1263 617 1309 a
630 1245 784 1325 quadam
799 1247 951 1326 caligine
966 1247 1012 1311 ad
1027 1250 1162 1313 clarum
1177 1250 1270 1315 diem
1291 1252 1357 1316 sibi
1377 1253 1483 1321 dedu·

254 1360 333 1416 ctus
351 1351 554 1431 videbatur;
574 1361 609 1416 et
627 1352 879 1417 humiliationis
903 1363 938 1418 et
962 1352 1170 1434 abJ‘eetionis
1191 1355 1405 1425 desiderium
1430 1363 1483 1428 sic

253 1459 441 1539 sentiebat,
457 1467 496 1523 ut
514 1459 776 1541 quodammodo
796 1461 911 1525 minus
931 1478 1037 1542 quam
1059 1462 1164 1527 homo
1179 1464 1304 1530 haberi
1324 1480 1480 1548 cuperet,

253 1574 289 1630 et
302 1565 355 1630 sic
369 1567 530 1646 tractari3
546 1576 581 1631 et
595 1566 641 1630 ad
652 1565 688 1630 id
699 1565 912 1648 testandum,
926 1567 1116 1649 aliquando
1128 1587 1208 1634 cum
1220 1571 1360 1652 clitella,
1374 1573 1481 1640 dorso

253 1673 411 1754 alligata,
428 1674 465 1738 in
475 1672 702 1739 refectorium
717 1675 901 1754 ingressus
917 1685 982 1739 est.

312 1781 404 1846 2895.
449 1781 601 1846 Dicebat
615 1791 734 1846 autem
748 1798 787 1845 se
802 1781 897 1847 adid
914 1799 1025 1864 usque
1040 1793 1178 1865 tempus
1193 1803 1256 1866 per
1270 1790 1477 1868 speculatio·

145 1962 148 1968 ,
251 1905 316 1954 nes
328 1898 363 1953 et
377 1890 650 1970 imaginationes
664 1889 781 1954 Deum
795 1890 1030 1970 exquisivisse
1053 1889 1075 1971 ';
1097 1901 1132 1956 et
1150 1894 1245 1975 quod
1264 1894 1407 1961 tandem
1429 1897 1477 1962 in·

251 1999 435 2064 tellexerat
448 1999 545 2062 nulla
560 1998 698 2062 ratione
712 1998 838 2062 meiius
852 1998 1004 2062 inveniri
1023 2015 1139 2080 posse,
1161 2018 1268 2081 quam
1288 2003 1318 2065 si
1340 2004 1420 2084 quis
1439 2016 1478 2070 ut

247 2105 445 2186 J’umentum
458 2105 568 2182 fieret,
586 2113 623 2168 ut
642 2105 689 2168 ab
706 2105 819 2186 ipsius
839 2105 1013 2186 sapientia
1032 2105 1206 2170 infallibili
1226 2119 1421 2190 regeretur;
1442 2123 1478 2176 et

250 2230 331 2277 cnm
355 2229 398 2278 eo
421 2212 541 2276 aniino
564 2213 610 2277 ad
628 2211 774 2277 domum
793 2212 1013 2293 probationis
1031 2214 1205 2290 venisset,
1225 2224 1265 2279 ut
1284 2217 1476 2283 laetaretur

248 2320 332 2385 dum
346 2320 527 2401 cogitabat
541 2337 580 2384 se
594 2320 694 2384 brevi
707 2319 744 2384 in
762 2337 804 2384 ea
827 2336 1053 2400 mansurum
1071 2320 1146 2401 jam
1167 2320 1382 2403 affirmabat,
1400 2326 1476 2391 sine

247 2412 457 2514 obedientia,
473 2426 642 2509 quamdiu
657 2427 796 2491 viveret
810 2445 856 2492 ex
870 2445 914 2491 ea
928 2445 999 2490 non
1015 2444 1254 2507 egressurum.

304 2533 397 2599 2896.
439 2533 549 2599 Venit
562 2535 667 2599 simul
687 2551 769 2598 cum
783 2551 825 2598 eo
840 2533 984 2615 quidam
1002 2531 1077 2614 ejus
1093 2533 1297 2615 discipulus,
1314 2536 1349 2600 in
1365 2535 1460 2617 philo

246 2643 370 2725 sophia
384 2642 675 2721 bacchaiaureus,
689 2659 760 2707 non
772 2643 886 2707 solum
897 2641 1041 2723 ingenio
1052 2642 1115 2707 sed
1125 2641 1351 2723 simplicitate
1366 2643 1472 2710 etiam

245 2752 406 2815 eximius.
422 2751 680 2832 Experiebatur
695 2760 814 2813 autem
829 2750 983 2831 plantari
994 2750 1156 2830 spiritum
1168 2759 1203 2814 et
1215 2767 1317 2815 usum
1330 2752 1471 2816 mortifi-

245 2853 395 2923 cationis
409 2876 455 2923 ex
469 2858 637 2922 continua
649 2857 878 2922 meditatione
889 2856 1065 2939 passionis
1076 2856 1229 2921 Domini.
1244 2856 1322 2922 Hac
1333 2860 1410 2940 ipsa
1422 2870 1470 2923 ta·

244 2984 324 3031 men
339 2975 476 3031 aestate
490 2965 705 3045 imminente,
722 2965 811 3029 haec
826 2964 1047 3047 probationis
1061 2964 1187 3029 domus
1202 2963 1367 3029 Corduba
1383 2966 1470 3031 Gra-

244 3070 643 3139 natamtransiataest⁸.

300 3181 392 3245 2897.
437 3180 561 3262 Quoad
576 3182 717 3246 scholas
732 3181 873 3261 attinet,
889 3179 1013 3245 diebus
1029 3179 1170 3245 veneris
1187 3178 1223 3244 Ρ.
1236 3180 1471 3245 Prouincialis

241 3291 285 3355 de
296 3287 746 3369 scholasticorumRegulis
757 3288 949 3353 conciones
960 3288 1348 3370 apudeosdemhabuit,
1358 3288 1470 3351 donec

241 3414 303 3461 cas
320 3414 444 3462 omnes
459 3396 666 3477 explicaret.
680 3395 882 3477 Coeperant
894 3404 1013 3459 autem
1024 3392 1140 3459 studia
1152 3394 1320 3459 renovari
1333 3394 1470 3459 infesto

241 3503 301 3569 ga
320 3505 439 3568 Lucae
454 3504 538 3568 anni
553 3502 745 3584 praeteriti,
762 3513 798 3567 et
810 3502 854 3567 D.
868 3501 1025 3585 Joannes
1038 3501 1082 3565 de
1095 3500 1259 3566 Cordoba
1274 3500 1399 3567 eodem
1413 3494 1470 3565 die

241 3613 434 3676 solemnem
448 3610 596 3675 Missam
609 3610 804 3675 celebravit
823 3627 905 3674 cum
926 3608 1067 3689 magnis
1085 3608 1301 3672 musicorum
1321 3625 1469 3673 concen-

241 3719 349 3800 tibus;
365 3720 601 3783 concionatus
611 3727 665 3783 est
680 3727 799 3783 autem
813 3716 1060 3795 Provinciaiis,
1073 3716 1193 3780 multis
1207 3715 1394 3795 nobilibus
1411 3734 1466 3780 ca-

240 3826 378 3891 nonicis
392 3836 427 3891 et
441 3827 583 3891 clericis
596 3825 832 3907 audientibus,
845 3826 906 3908 qui
918 3824 1075 3905 alioquin
1086 3840 1157 3888 non
1169 3822 1359 3889 admodum
1371 3822 1468 3887 avidi

241 3934 341 3998 verbi
355 3933 425 3999 Dei
438 3934 606 3999 audiendi
624 3935 851 4000 videbantur.

297 4041 388 4107 2898.
431 4041 466 4106 A
480 4042 631 4124 prandio
649 4059 738 4107 vero
758 4040 903 4123 quidam
923 4058 968 4106 ex
991 4038 1216 4105 scholasticis
1239 4037 1466 4118 provectiori·

236 4150 302 4214 bus
321 4151 468 4216 latinam
487 4150 687 4215 orationem
706 4166 786 4214 cum
811 4166 945 4230 magno
964 4149 1120 4213 omnium
1143 4147 1316 4227 applausu
1330 4145 1465 4225 habuit,

279 4430 288 4464 ¹
316 4430 515 4487 Supremaeol.

276 4500 288 4533 ¹
314 4503 361 4548 lia.
372 4503 547 4557 exquisierat.

275 4576 288 4609 ⁸
315 4572 399 4631 linias
408 4574 590 4629 translationis
600 4585 695 4619 canaaa
704 4575 851 4629 explicatas
859 4574 977 4620 invenlea
986 4574 1064 4626 inira,
1073 4584 1096 4617 n.
1104 4570 1167 4623 ³⁰58,
1175 4570 1219 4615 ubi
1230 4568 1318 4624 agitur
1327 4568 1358 4611 da
1367 4566 1395 4612 Ρ.
1404 4566 1468 4613 Baa-

235 4655 362 4702 tanaante,
373 4648 496 4692 Baeticae
506 4646 675 4692 Provinciall:
686 4646 867 4692 translationi·
882 4657 947 4691 vero
958 4652 1067 4701 tempua,
1078 4642 1142 4689 itia.
1152 4652 1177 4688 n.
1191 4642 1260 4697 mol,
1271 4638 1397 4687 statuitur
1407 4639 1467 4685 “aab

241 4720 344 4765 initiam
354 4720 450 4765 menaia
458 4718 542 4774 itali...

383 4812 421 4873 T.
436 4829 475 4871 vr.
1238 4818 1273 4875 43
