3642 5350
317 411 372 471 392
782 412 904 473 Chaon.
928 411 1005 473 Soc.
1023 411 1093 488 Jns.

317 558 437 638 ptione
455 557 550 621 circa
566 557 787 637 religionem,
804 567 839 621 et
854 568 995 622 nostros
1014 557 1236 634 hortabatur,
1254 563 1291 619 ut
1306 572 1345 620 se
1358 554 1405 619 ad
1418 564 1551 637 marty·

317 666 409 759 rium
435 673 701 745 praepararent.
729 665 783 730 Ac
810 666 1007 729 monachos
1032 665 1188 746 quotidie
1211 666 1336 743 lugam
1359 672 1550 744 expectare

318 772 417 849 dixit,
434 772 497 835 sed
516 771 707 837 verisimile
726 773 858 837 nostris
877 790 949 837 non
969 772 1158 837 videbatur
1172 778 1310 835 tantum
1326 769 1473 851 periculi
1486 771 1549 835 im·

319 880 464 944 minere.
715 958 717 963 Ι
1231 953 1234 957 ,

379 986 466 1051 1661.
511 986 667 1069 Septima
681 988 821 1053 demum
840 988 923 1072 Julii
942 987 1199 1068 Ingolstadium
1218 994 1470 1069 pervenerunt,
1485 986 1547 1049 ubi

317 1095 445 1159 minori
470 1112 551 1159 cum
576 1112 718 1159 rumore
746 1114 853 1177 quam
882 1095 1061 1160 Monachii
1088 1094 1229 1176 excepti
1256 1093 1411 1170 luerunt;
1440 1102 1475 1157 et
1502 1092 1549 1157 ad

317 1202 518 1283 hospitium,
535 1220 556 1265 a
570 1203 708 1268 Bundio
726 1202 733 1234 ¹
750 1204 986 1284 designatum,
1005 1202 1156 1267 deducti.

380 1309 468 1373 1662.
509 1309 596 1374 Erat
621 1320 724 1374 extra
749 1308 1007 1391 lngolstadium
1029 1308 1250 1373 Secretarius
1273 1308 1468 1383 HenricuS,
1493 1307 1552 1389 qui

318 1417 364 1481 ad
389 1416 545 1481 vicinum
566 1416 744 1499 quoddam
768 1417 1072 1495 monasterium,a
1093 1416 1278 1480 monachis
1299 1416 1492 1493 desertum,
1513 1432 1552 1478 se

317 1526 527 1603 contulerat,
543 1534 581 1589 ut
596 1524 676 1589 inde
694 1526 806 1589 lectos
825 1534 860 1589 et
878 1524 1016 1610 reliqua
1037 1523 1269 1605 supellectilia
1286 1523 1332 1587 ad
1354 1540 1457 1587 usum
1474 1522 1551 1586 Col·

318 1632 401 1712 legii
417 1633 530 1696 nostri
546 1631 739 1697 adserenda
752 1643 907 1697 curaret.

379 1738 467 1803 1663.
510 1738 605 1803 Dum
624 1740 660 1803 in
678 1739 832 1821 hospitio
852 1748 1049 1817 manerent,
1069 1756 1139 1803 non
1158 1740 1274 1803 solum
1296 1756 1318 1802 a
1343 1737 1550 1802 Camerario

319 1847 515 1928 praedicto,
539 1846 600 1926 qui
623 1846 779 1928 Joannes
805 1847 995 1926 Agricola,
1018 1847 1214 1911 medicinae
1236 1845 1433 1928 professor,
1460 1855 1549 1924 erat,

322 1953 502 2036 [conventi
514 1952 619 2037 sunt],
633 1954 697 2018 sed
708 1954 838 2019 Rector
849 1954 956 2040 etiam
968 1954 1222 2019 Universitatis
1233 1971 1315 2018 cum
1330 1955 1467 2018 duobus
1481 1954 1551 2034 pri·

320 2062 478 2126 moribus
495 2061 747 2127 Universitatis
761 2062 945 2143 utriusque
961 2062 1051 2142 juris
1065 2062 1111 2126 ad
1125 2070 1268 2127 nostros
1291 2061 1446 2125 officiose
1461 2062 1550 2124 salu·

323 2168 452 2233 tandos
467 2169 630 2233 accessit.
651 2168 721 2233 Sed
736 2170 819 2250 quia
834 2168 965 2232 diutius
981 2186 1124 2233 manere
1139 2170 1175 2232 in
1190 2168 1345 2249 hospitio
1360 2186 1431 2232 non
1448 2184 1551 2248 expe·

325 2277 400 2341 dire
412 2278 543 2341 nostris
554 2276 753 2353 videbatur,
766 2274 832 2340 10.·
843 2276 899 2341 die
909 2277 993 2361 Julii
1004 2276 1050 2341 ad
1062 2276 1261 2357 Collegium
1271 2279 1484 2356 migrarunt,
1494 2275 1553 2339 ubi

271 2414 277 2427 ·
326 2384 386 2448 illo
401 2382 530 2463 triduo,
547 2384 667 2465 quoin
687 2383 840 2465 hospitio
862 2382 1014 2460 luerunt,
1036 2386 1134 2448 scala
1154 2384 1329 2464 quaedam
1349 2392 1384 2447 et
1397 2393 1501 2463 porta
1515 2383 1552 2447 in

322 2490 481 2571 Collegio
496 2491 541 2555 ad
556 2500 759 2555 nostrorum
778 2508 881 2555 nsum
896 2490 1022 2555 edecta
1042 2500 1107 2570 est,
1129 2501 1168 2555 ut
1187 2491 1232 2556 ab
1253 2490 1543 2565 habitationibus,

322 2615 413 2680 quae
428 2598 663 2662 Universitati
678 2598 939 2678 deserviebant,
955 2607 1235 2663 secernerentur.

380 2705 467 2769 1664.
513 2704 602 2770 Octo
630 2707 725 2770 bona
750 2706 913 2771 cubicula
938 2707 1150 2771 invenerunt
1174 2715 1312 2787 parata,
1341 2707 1434 2770 inter
1458 2723 1552 2788 quae

321 2831 387 2878 sex
402 2824 502 2878 erant
517 2815 755 2895 hypocausta,
772 2823 914 2894 praeter
929 2814 1108 2895 quoddam
1122 2814 1218 2878 aliud
1229 2814 1430 2878 cubiculum
1443 2812 1488 2877 ad
1501 2811 1551 2894 ja-

323 2922 448 2985 nitoris
462 2939 574 2986 usum:
590 2930 625 2984 et
640 2923 742 3003 plura
757 2921 918 2985 cubicula
935 2921 1062 2985 indies
1084 2931 1186 2985 erant
1208 2919 1447 2999 conficienda,
1471 2921 1552 3001 quia

321 3047 393 3092 non
407 3030 521 3092 solum
536 3031 625 3092 situs
639 3037 727 3107 erat,
744 3028 807 3092 sed
828 3028 1082 3109 propemodum
1102 3027 1264 3092 confecta
1279 3029 1357 3109 ipsa
1376 3027 1553 3092 cubicula.

321 3135 367 3200 Et
381 3135 463 3216 quia
483 3153 528 3199 ex
550 3135 672 3216 ligniS,
693 3152 791 3199 more
812 3133 889 3214 ejus
908 3137 1044 3215 gentiS,
1065 3135 1354 3216 conficiebantur,
1376 3135 1496 3199 statim
1516 3143 1554 3198 ut

322 3242 483 3307 conlecta
498 3253 611 3320 erant,
629 3242 781 3305 habitari
797 3252 972 3322 poterant.
990 3239 1211 3307 Cochinam'
1231 3242 1338 3306 etiam
1357 3251 1392 3305 et
1410 3251 1553 3323 puteum

323 3350 369 3413 ad
383 3366 486 3413 usum
500 3356 703 3412 nostrorum
719 3349 992 3413 concinnabant.

384 3457 471 3520 1665.
515 3455 595 3537 Jam
611 3465 729 3519 autem
749 3474 793 3520 ex
813 3457 1029 3521 monasterio
1044 3457 1239 3538 praedicto,
1256 3455 1351 3537 quod
1366 3465 1443 3520 erat
1464 3453 1555 3519 ordi·

323 3566 378 3630 nis
393 3563 453 3629 85¹
474 3564 666 3642 Benedicti,
685 3573 836 3644 quatuor
850 3566 962 3629 leucis
976 3563 1194 3647 Ingolstadio
1209 3564 1357 3640 distans,
1374 3573 1409 3627 et
1423 3564 1506 3627 lecti
1520 3572 1556 3626 et

323 3683 471 3736 stannea
486 3669 498 3704 ³
513 3672 696 3753 suppellex
711 3673 819 3735 allata
833 3671 961 3736 luerat:
983 3689 1074 3753 quae
1095 3683 1213 3736 autem
1229 3672 1275 3736 ad
1294 3672 1427 3735 victum
1448 3671 1554 3752 perti·

323 3781 463 3858 nebant,
481 3797 526 3866 err
541 3778 711 3859 collegio,
728 3779 822 3860 quod
836 3778 977 3844 Novum
997 3779 1186 3857 vocabant,
1203 3789 1238 3844 et
1253 3789 1376 3843 nostro
1398 3778 1553 3843 vicinum

322 3895 409 3968 erat,
426 3887 486 3951 via
497 3895 636 3950 tantum
645 3885 867 3966 intermedia,
881 3886 1144 3951 adferebantur.
1158 3885 1335 3951 Sacellum
1348 3895 1467 3949 autem
1479 3887 1555 3950 exi·

363 4089 371 4123 ¹
401 4090 452 4146 Slc3
463 4093 521 4144 lere
531 4092 565 4136 ab
576 4090 760 4137 lienam-De
772 4091 887 4136 adventu
898 4090 951 4136 NN.
962 4089 1150 4146 lnoeotstadtum
1165 4092 1225 4137 vide
1237 4092 1382 4142 Anarcocll,
1393 4090 1466 4134 Hier.
1476 4090 1557 4134 Pron.

327 4163 417 4208 Gem.
429 4163 494 4219 Sup.
506 4163 533 4207 S.
547 4163 584 4219 J..
598 4162 662 4208 Dec.
677 4163 698 4217 2,
708 4175 733 4208 n.
747 4162 781 4207 28:
798 4161 1030 4218 “Ausplcntlsslma
1047 4163 1101 4207 dles
1117 4163 1174 4215 init,
1189 4174 1239 4218 qua
1253 4170 1313 4218 post
1329 4173 1443 4206 mensem
1458 4161 1559 4206 itineris

324 4247 374 4280 non
384 4235 523 4288 integrum,
538 4235 698 4289 Anglipollm
708 4241 855 4282 tennerunt.
864 4235 901 4278 7.·
912 4235 1031 4279 nlmlrum
1041 4233 1054 4288 J
1058 4236 1111 4287 ulli,
1125 4236 1208 4290 primo
1220 4233 1365 4289 Sanctoque
1375 4233 1555 4291 Eyrtudlanae

324 4307 459 4361 dioecesis,
468 4306 495 4350 ln
505 4318 556 4362 qua
566 4307 644 4350 sltum
654 4313 693 4351 est
704 4307 899 4362 lnssolstadinm,
909 4306 1040 4362 Eplscopo
1050 4306 1191 4352 wilibaldo
1201 4317 1287 4360 sacra,
1298 4318 1376 4362 quam
1384 4308 1477 4355 lucem,
1485 4307 1559 4350 velut

324 4379 438 4424 natalem
447 4379 540 4423 recolit
551 4377 717 4433 Collegium„
727 4377 762 4423 Et
773 4377 927 4430 Oauauorm,
936 4378 954 4423 l.
965 4390 995 4423 c:
1006 4377 1110 4423 “Tertio
1120 4379 1207 4423 Nonas
1218 4377 1279 4431 Julll
1294 4378 1456 4422 Monachium
1467 4389 1559 4432 perve-

323 4460 391 4494 nere:
404 4449 463 4494 lnde
477 4449 554 4494 biduo
565 4449 753 4504 ingolstadiuru
767 4449 886 4504 prolectl,
902 4451 981 4494 tertio
996 4461 1073 4503 qnam
1089 4457 1215 4494 venerant
1229 4449 1270 4496 die
1284 4449 1309 4493 ln
1325 4449 1476 4502 Collegium,
1492 4447 1558 4502 quod

325 4521 408 4580 Vetus
416 4521 594 4576 appellabant,
606 4520 703 4566 inducti
715 4527 796 4574 sunt„
991 4514 993 4518 ’

364 4592 375 4624 ¹
402 4581 509 4636 Reatina
523 4593 652 4637 eminam.
700 4597 701 4600 ’

363 4663 375 4694 ⁸
401 4659 564 4709 Mastaura.
