3642 5350
371 425 430 485 606
834 423 963 484 Canon.
982 423 1059 484 Soc.
1080 423 1151 498 Jas.

372 570 540 652 quamvis
564 571 601 634 in
616 571 693 652 ipso
715 569 877 636 aedificio
894 551 949 666 {3-
964 583 1105 646 aureos,
1119 569 1149 632 si
1163 569 1420 650 superviveret,
1435 566 1609 650 expende·

374 694 415 740 re
431 675 677 756 constituerat;
698 684 733 741 et
747 675 792 740 de
804 673 1037 758 relinquendo
1050 675 1259 756 episcopatu
1274 676 1415 756 agebat,
1439 676 1609 756 pensione

374 784 497 865 aliqua
512 783 579 848 sibi
590 791 789 848 reservata.

437 889 530 956 2610.
572 889 685 956 Valor
707 899 827 955 autem
845 905 986 954 annuus
1007 889 1233 970 episcopatus
1256 872 1372 986 ari-{¹5—
1398 888 1608 952 ducatorum

374 997 604 1065 ascendebat.
629 996 710 1062 Non
729 999 845 1062 solum
866 1006 986 1062 autem
1011 997 1155 1062 domum
1176 997 1239 1062 sed
1264 1005 1299 1061 et
1313 997 1483 1078 templum
1504 996 1610 1060 simul

376 1103 587 1172 aedificabat
607 1109 704 1186 (post
725 1102 864 1168 Pascha
882 1103 1168 1169 Resurrectionis
1188 1105 1273 1168 anni
1296 1103 1480 1185 praeteriti
1501 1118 1608 1183 opere

374 1211 572 1292 inchoato),
588 1222 623 1276 et
636 1212 759 1277 statim
772 1210 920 1276 dederat
932 1210 970 1276 P.
985 1210 1179 1276 Francisco
1194 1212 1238 1275 de
1254 1209 1447 1285 villanova
1458 1209 1504 1274 ad
1515 1209 1607 1273 aedi·

374 1319 496 1384 ficium
508 1303 564 1416 -ffi-
577 1320 799 1396 ducatorum,
814 1325 850 1381 et
860 1317 965 1398 paulo
981 1326 1061 1397 post
1075 1316 1221 1382 totidem
1240 1317 1456 1398 assignavit,
1477 1331 1611 1398 urgens

377 1427 425 1492 ad
451 1425 720 1507 expendendum
740 1421 909 1505 quidquid
929 1442 1019 1506 opus
1038 1433 1148 1505 esset;
1168 1442 1207 1488 se
1229 1425 1323 1489 enim
1344 1424 1415 1488 alia
1433 1422 1549 1489 denuo
1565 1423 1608 1486 si·

373 1542 579 1615 gnatorum.
948 1545 953 1556 ·

435 1639 528 1704 2611.
572 1637 744 1719 Quamvis
758 1647 877 1702 autem
891 1639 1017 1703 solitus
1031 1649 1136 1718 esset,
1155 1640 1191 1705 in
1205 1639 1261 1704 his
1275 1657 1366 1720 quae
1381 1639 1426 1702 ad
1448 1637 1610 1704 aedificia

372 1749 604 1830 pertinerent,
616 1747 793 1811 neminem
806 1745 1013 1826 praeficere,
1024 1747 1089 1810 sed
1104 1747 1264 1810 omnibus
1279 1748 1355 1827 ipse
1366 1748 1549 1824 assistere,
1565 1763 1608 1809 eo

376 1855 472 1937 quod
485 1853 532 1918 ad
546 1853 746 1935 hujusmodi
760 1869 868 1933 opera
883 1853 988 1917 valde
1003 1869 1201 1934 propensus
1219 1863 1312 1932 erat3
1333 1850 1475 1916 Patrem
1488 1863 1608 1916 tamen

373 1959 607 2028 Villanovam
627 1960 673 2024 ad
692 1959 812 2024 omnia
831 1959 997 2023 idoneum
1022 1959 1242 2040 existimans,
1265 1959 1485 2041 praelectum
1499 1959 1608 2023 totius

375 2067 531 2132 aedificii
545 2084 626 2131 eum
646 2083 725 2132 esse
743 2066 926 2146 voluerat;
949 2067 1178 2131 nihilominus
1197 2085 1301 2132 mane
1323 2067 1511 2132 admodum
1532 2083 1607 2130 sur·

374 2174 485 2256 gebat
505 2174 715 2256 Episcopus,
736 2183 771 2237 et
792 2189 905 2253 usque
926 2175 971 2238 ad
991 2174 1117 2240 horam
1142 2174 1280 2256 prandii
1305 2175 1415 2238 fabris
1435 2173 1608 2255 operariis

375 2281 578 2357 assistebat,
592 2289 627 2344 et
640 2281 761 2344 statim
776 2299 798 2344 a
812 2280 965 2360 prandio
980 2281 1110 2345 adhoc
1125 2282 1241 2362 ipsum
1261 2281 1411 2346 redibat.

436 2387 529 2452 2612.
573 2387 700 2451 Totum
723 2387 923 2452 aedificium
952 2405 996 2451 ex
1025 2388 1200 2468 lapidibus
1225 2397 1259 2451 et
1284 2389 1382 2452 calce
1407 2386 1608 2452 confectum

374 2504 467 2575 erat,
484 2512 565 2559 cum
589 2493 704 2558 tribus
727 2494 833 2574 areis,
861 2495 954 2557 inter
973 2511 1063 2575 quas
1083 2511 1155 2558 una
1176 2493 1380 2559 scholarum
1394 2503 1483 2558 erat.
1509 2492 1609 2557 Duas

374 2602 485 2668 etiam
498 2602 674 2665 cisternas
688 2609 723 2665 et
736 2602 921 2683 complura
937 2603 1017 2665 loca
1033 2602 1264 2664 subterranea
1280 2599 1385 2684 (quod
1400 2610 1522 2665 aestus
1532 2599 1609 2683 ejus

375 2710 535 2789 regionis
549 2709 585 2772 id
598 2708 781 2789 requirat),
797 2719 832 2772 et
846 2718 1029 2774 crescente
1044 2707 1119 2790 eJus
1135 2709 1264 2788 animo,
1277 2707 1353 2789 J'am
1366 2725 1440 2773 non
1456 2708 1609 2789 quinque

375 2817 441 2881 sed
455 2816 568 2881 tribus
587 2816 691 2878 annis
705 2832 794 2896 opus
813 2814 1017 2885 confectum
1036 2815 1185 2881 reddere
1200 2816 1357 2891 volebat;
1383 2824 1419 2879 et
1439 2816 1489 2879 ita
1502 2816 1609 2895 pluri·

376 2940 456 2988 mos
480 2941 526 2987 ex
539 2921 712 2986 ministris
732 2938 818 2985 suae
838 2922 963 2986 domus
983 2940 1004 2986 a
1026 2940 1064 2985 se
1083 2922 1251 3001 ablegare
1273 2922 1449 3002 decrevit;
1469 2938 1534 2986 sex
1548 2929 1609 2986 aut

376 3038 514 3110 septem
529 3028 701 3108 exceptiS,
717 3028 779 3108 qui
794 3028 910 3091 sacris
929 3028 1112 3092 ordinibus
1133 3037 1253 3092 essent
1267 3029 1406 3107 initiati,
1424 3046 1514 3110 quos
1537 3046 1609 3093 non

379 3146 418 3199 ut
431 3135 584 3199 famulos
604 3135 668 3197 sed
687 3143 725 3197 ut
744 3134 875 3198 iratres
893 3134 1044 3215 habere,
1066 3144 1101 3199 et
1120 3151 1264 3199 mensae
1280 3152 1367 3199 suae
1382 3136 1552 3215 assidere,
1575 3144 1611 3199 et

376 3240 505 3306 eodem
519 3258 590 3322 quo
604 3240 681 3321 ipse
695 3241 800 3305 modo
817 3242 965 3305 tractari
980 3242 1136 3321 volebat;
1153 3241 1247 3323 quod
1261 3250 1296 3305 et
1315 3241 1400 3304 fecit
1419 3258 1501 3305 cum
1516 3239 1609 3305 aedi·

332 3428 338 3439 ·
377 3348 543 3413 ficatione
558 3364 696 3412 summa
710 3349 848 3429 populi,
868 3358 903 3413 et
925 3350 974 3413 ita
993 3350 1129 3413 reditus
1148 3348 1194 3412 ad
1217 3347 1415 3423 aedificium
1431 3358 1466 3411 et
1480 3364 1609 3429 paupe·

377 3473 458 3521 rum
483 3456 730 3535 eleemosynas
754 3454 917 3520 sufficere
936 3466 1087 3537 poterat.
1108 3455 1200 3520 Nam
1219 3456 1315 3535 quod
1339 3456 1385 3519 ad
1411 3455 1610 3519 aedificium

376 3563 517 3640 attinet,
544 3560 716 3625 ducentos
741 3572 776 3625 et
799 3580 842 3626 eo
868 3563 1020 3643 amplius
1046 3563 1229 3644 operarios
1254 3562 1418 3626 assiduos
1442 3562 1608 3643 habebat,

376 3679 520 3753 praeter
534 3670 791 3750 quinquaginta
805 3669 880 3734 fere
900 3672 1006 3750 alios,
1023 3670 1083 3751 qui
1097 3670 1299 3749 materiam,
1322 3671 1457 3733 calcem
1470 3678 1505 3733 et
1520 3688 1610 3733 saxa

375 3776 625 3858 deportabant;
640 3778 741 3840 etita
755 3777 801 3840 ad
815 3777 945 3841 festum
960 3776 1020 3842 su
1040 3777 1189 3859 Joannis
1203 3774 1309 3856 hujus
1324 3778 1424 3856 anni,
1441 3776 1515 3857 jam
1530 3777 1609 3842 hot·

379 3894 455 3947 tum
467 3883 573 3947 valde
589 3900 758 3962 magnum
772 3901 874 3947 muro
889 3884 1196 3948 circumdederant
1210 3884 1315 3948 valde
1327 3884 1431 3962 bono,
1448 3895 1482 3948 et
1496 3884 1609 3965 parie-

376 4000 433 4055 tes
446 4006 558 4071 usque
572 3986 619 4053 ad
633 3989 904 4054 admirationem
918 3990 1100 4054 hominum
1115 3990 1322 4071 surgebant,
1335 4000 1373 4053 ut
1384 3992 1609 4055 occasionem

378 4096 552 4160 baberent
565 4096 710 4176 quidam
725 4096 865 4161 dicendi
878 4097 974 4178 quod
989 4096 1035 4161 ab
1046 4098 1185 4179 angelis
1201 4097 1402 4161 aedificium
1416 4098 1502 4192 illud
1509 4096 1610 4178 juva·

385 4204 502 4281 batur,
517 4212 553 4265 et
567 4202 613 4266 ad
632 4204 784 4283 proximi
805 4203 889 4266 anni
910 4202 1231 4284 Quadragesimam
1251 4204 1418 4285 templum
1439 4204 1552 4267 nostri
1571 4221 1611 4269 se

379 4307 779 4373 habituroscredebant.

438 4416 530 4481 2613.
574 4415 664 4496 Quia
693 4434 781 4481 vero
809 4417 936 4497 ingens
962 4428 1041 4482 erat
1067 4420 1127 4483 illo
1153 4436 1246 4483 anno
1272 4437 1435 4483 annonae
1462 4418 1610 4499 caritas,

376 4524 518 4589 duabus
541 4524 739 4587 rationibus
763 4541 843 4588 eam
866 4524 1068 4606 Episcopus
1089 4526 1316 4590 sublevabat:
1339 4528 1451 4590 altera
1473 4534 1550 4590 erat
1571 4534 1613 4589 ut

376 4641 554 4712 quotquot
573 4631 704 4695 vellent
724 4631 874 4696 conduci
894 4632 940 4697 ad
963 4649 1091 4714 operas
1110 4632 1259 4714 Collegii
1278 4634 1427 4698 libenter
1448 4633 1610 4699 admitte·
