3642 5350
775 412 839 473 As·-
861 413 931 473 loon
959 418 963 424 '
998 408 1003 429 ²
1409 405 1464 471 169

237 559 372 624 victum
393 550 559 639 attinent,
571 550 742 624 auxilinm
765 560 998 642 postulantes
1018 547 1086 624 luit
1107 560 1199 625 inte'r
1216 545 1283 623 iios
1302 556 1460 640 quidam,

238 667 298 748 qui
310 675 516 732 nostrorum
532 676 680 749 operae
699 667 861 733 faucibus
879 667 1062 732 daemonis
1076 677 1218 749 ereptus
1232 674 1303 746 est;
1318 662 1462 747 quidam

238 773 332 839 enim
345 768 651 840 dominicanorum
662 776 868 855 religionem
879 790 1047 855 egressus
1057 792 1100 839 ac
1114 762 1303 839 militarem
1317 772 1464 837 vivendi

238 880 413 947 rationem
427 896 581 963 secutus,
597 898 678 948 cum
693 878 755 965 [in]
770 890 893 948 nostro
909 882 1069 964 Collegio
1087 898 1191 947 snum
1205 870 1337 946 statum
1356 880 1464 944 alicui

173 1004 176 1009 ·
238 984 447 1070 aperuisset,
463 984 643 1056 stimulum
657 990 895 1055 conscientiae
910 990 1076 1069 sentiens,
1097 988 1144 1054 ad
1164 978 1353 1072 pristinum
1372 978 1464 1054 ordi·

239 1112 321 1161 nem
335 1092 677 1163 reverti'constituit.
692 1091 763 1163 Sed
782 1097 978 1178 egredienti
997 1114 1043 1161 ex
1065 1096 1235 1177 Collegio,
1258 1113 1343 1160 ecce
1363 1094 1465 1161 miles

237 1200 395 1285 ¹quidam,
410 1220 481 1285 quo
496 1203 717 1270 familiariter
730 1205 766 1269 in
785 1204 878 1269 bello
898 1221 986 1269 usus
1003 1204 1131 1282 fuerat,
1153 1204 1186 1267 ei
1200 1193 1404 1269 occurrit'et
1418 1203 1465 1267 ad

238 1308 403 1377 triremes
427 1320 465 1375 ut
489 1328 528 1375 se
548 1310 709 1377 conferat
734 1310 780 1376 ad
793 1306 975 1376 ¹consueta
999 1311 1175 1393 stipendia
1199 1308 1369 1375 merenda
1392 1326 1465 1374 non

238 1417 355 1483 solum
368 1416 544 1497 hortatur,
559 1418 623 1483 sed
637 1418 752 1483 minas
765 1427 801 1483 et
815 1426 971 1483 terrores
985 1418 1163 1483 recusanti
1176 1415 1286 1496 addit3
1302 1429 1337 1481 et
1352 1416 1402 1480 ita
1416 1416 1465 1481 in·

238 1522 335 1589 nitus
345 1510 549 1606 aliquandiu
564 1525 600 1589 in
615 1526 819 1591 triremibus
833 1535 1073 1591 commoratus
1092 1534 1157 1602 est,
1178 1522 1291 1589 donec
1305 1524 1464 1589 occasio-

240 1650 324 1698 nem
336 1643 465 1698 nactns
478 1633 523 1698 ad
538 1643 682 1699 nostros
696 1633 867 1716 confugit,
882 1634 943 1699 ubi
957 1632 1099 1712 Rector,
1114 1634 1341 1712 eleemosyna
1355 1648 1377 1694 a
1391 1632 1466 1713 qui·

240 1738 391 1805 busdam
412 1741 588 1807 nobilibus
607 1752 808 1823 corrugata,
828 1750 948 1807 vestes
970 1741 1003 1806 ei
1026 1738 1253 1806 monachales
1273 1738 1358 1804 emit
1371 1748 1407 1804 et
1421 1738 1467 1803 ad

240 1848 297 1915 sni
310 1848 444 1915 ordinis
459 1848 671 1915 Generalem
685 1843 827 1931 dimisit,
844 1865 962 1931 aquo,
982 1856 1022 1914 ut
1036 1848 1127 1928 ovis,
1143 1863 1235 1930 quae
1248 1846 1414 1928 perierat,
1430 1842 1468 1912 in'

242 1954 689 2038 suumgregeinreductus
703 1954 778 2024 est;

282 2062 285 2067 '
301 2062 373 2130 620.
415 2064 593 2131 Sacellum
606 2074 768 2132 nostrum
782 2065 905 2131 diebus
919 2065 1019 2131 festis
1031 2064 1149 2130 forum
1170 2071 1421 2144 mercatorum,
1437 2054 1468 2127 'si

242 2170 424 2239 hominum
443 2172 677 2256 frequentiam
695 2183 847 2256 spectes,
868 2173 1065 2253 videbatur3
1086 2171 1251 2254 quamvis
1269 2187 1466 2251 sermones,

242 2280 303 2362 qui
317 2276 600 2361 conferebantur,
617 2299 689 2347 non
702 2280 747 2347 de
758 2298 797 2347 re
808 2280 974 2346 familiari
983 2280 1159 2361 augenda,
1173 2278 1236 2344 sed
1244 2279 1288 2343 de
1299 2278 1466 2359 propriae

243 2396 279 2451 et
292 2388 444 2453 aliarum
459 2388 658 2453 animarum
672 2382 787 2454 salute
800 2398 835 2453 et
849 2382 1013 2471 profectu¹
1024 2395 1138 2451 erant.

302 2492 373 2558 621.
415 2492 511 2560 Inter
521 2497 662 2575 multos,
676 2496 737 2577 qui
752 2494 967 2561 Societatem
980 2494 1119 2576 ingredi
1133 2494 1333 2576 cupiebant,
1345 2491 1469 2575 primis

242 2602 423 2686 mensibus
441 2602 479 2666 in
497 2600 752 2685 coadjutorum
771 2619 957 2668 nnmerum
975 2600 1119 2685 qnidam
1137 2599 1242 2666 officii
1265 2610 1389 2666 tonsor
1409 2599 1469 2666 ad·

242 2709 372 2776 missus
390 2719 456 2790 est,
479 2708 579 2791 cujus
599 2728 707 2792 opera
726 2711 858 2777 nostris
877 2719 954 2776 erat
973 2710 1178 2775 necessaria
1194 2708 1215 2774 ⁸.
1237 2702 1374 2774 Deinde
1394 2710 1469 2791 qui·

242 2814 326 2881 dam
350 2817 519 2882 sacerdos
543 2817 703 2884 Bononia
729 2819 868 2896 misene,
895 2820 955 2900 qui
980 2826 1100 2881 tamen
1124 2834 1170 2881 ne
1189 2817 1300 2882 ullum
1324 2815 1466 2899 quidem

243 2923 337 2988 diem
349 2923 387 2988 in
400 2923 577 2992 Societate
592 2935 773 3008 exegerat,
796 2924 942 2990 Genuae
961 2924 1138 2989 admissus
1158 2931 1222 3004 est,
1239 2933 1276 2989 et
1294 2923 1371 3005 ejus
1388 2925 1469 2989 loco

243 3031 345 3112 alius,
361 3049 466 3114 quem
482 3033 628 3099 Genuae
644 3034 872 3114 admiserant,
890 3032 1085 3098 Bononiam
1105 3041 1160 3096 est
1174 3022 1316 3097 missus.

301 3137 377 3204 622:
402 3139 455 3204 ¹1³.
470 3137 629 3223 Baptista
642 3121 831 3221 ¹Violaeus,
851 3140 981 3224 partim
999 3139 1094 3221 quod
1114 3139 1206 3204 maie
1221 3140 1369 3220 valeret,
1390 3158 1471 3222 par·

242 3248 305 3312 tim
323 3247 430 3329 quod,
449 3257 489 3312 nt
502 3250 664 3331 superius
679 3249 834 3314 diximus
847 3256 870 3329 ¹,
892 3267 914 3314 a
933 3247 1211 3314 Claramontano
1229 3245 1409 3329 Episcopo
1423 3248 1469 3312 ad

242 3353 704 3438 aedificandumColiegium
714 3355 1114 3437 Billiomiexpetebatur,
1124 3354 1245 3436 quinta
1253 3353 1310 3419 die
1320 3345 1471 3421 Februa·

241 3461 298 3539 rii,
323 3458 528 3556 naledic'ens
546 3462 639 3528 Duci
657 3465 838 3529 Genuensi
857 3473 892 3528 et
910 3463 990 3528 aliis
1009 3458 1133 3526 amicis
1152 3470 1187 3526 et
1205 3462 1401 3542 Collegium
1413 3453 1473 3527 'eis

242 3568 509 3650 commendans,
535 3569 572 3635 in
596 3571 761 3653 patriam,
788 3580 826 3635 nt
853 3569 1094 3636 valetudinem
1115 3587 1158 3634 ac
1179 3569 1276 3634 vires
1297 3569 1468 3648 reficeret,

243 3675 423 3757 profectos
445 3673 511 3758 est,
522 3687 569 3759 et,
587 3678 732 3743 sanitati
746 3679 942 3756 restitutus,
959 3670 1041 3741 cum
1058 3677 1167 3741 sociis
1180 3673 1321 3741 Roma⁸
1340 3677 1470 3755 missis,

243 3792 283 3848 ut
296 3781 460 3866 superins
473 3784 638 3865 diximus,
654 3786 690 3850 in
705 3785 840 3850 Gallias
860 3783 1041 3865 migravit.

247 3943 249 3948 ,
302 3889 375 3956 623.
417 3890 616 3958 Duodecim
640 3911 684 3957 ex
709 3893 841 3958 nostris
865 3893 1012 3957 Genuae
1042 3889 1193 3972 reliquit,
1219 3892 1384 3973 quamvis
1411 3893 1470 3957 hic

241 4015 412 4065 numerus
426 4001 692 4066 accessiuncula
712 4001 831 4085 aliqua
845 4000 891 4066 sit
906 4009 1031 4066 auctus
1045 3999 1113 4065 hoc
1129 3999 1253 4066 eodem
1268 4017 1373 4065 anno.
1390 3999 1471 4084 Qui·

282 4316 301 4353 ¹*
320 4317 400 4372 'Quoi
409 4317 530 4363 barbiano
541 4319 613 4363 eben
624 4317 691 4363 fatto
702 4317 853 4368 nccettnrlot
862 4315 984 4363 havendo
993 4315 1064 4361 amal
1073 4314 1229 4360 conducero
1236 4315 1290 4360 alin
1298 4315 1423 4370 petitione
1430 4316 1472 4363 del

239 4401 289 4436 auo
302 4389 409 4446 padre..
423 4389 562 4446 Polnncm,
579 4399 613 4434 ex
627 4401 703 4440 com..
717 4389 792 4435 Patri
806 4388 927 4446 Gaepnro
940 4385 1053 4443 Loarte,
1068 4385 1177 4444 collegii
1195 4386 1339 4433 Genuensi·
1355 4387 1473 4446 Rectorl,

239 4463 291 4510 22·
301 4461 441 4508 Februarii
454 4463 514 4508 ¹55⁶.

281 4532 294 4567 ¹
320 4533 386 4580 vlde
396 4545 485 4592 snpra,
495 4543 513 4581 t.
523 4547 549 4592 v,
561 4547 621 4591 neg.
631 4535 681 4590 Sil,
691 4547 716 4580 ιι.
728 4533 777 4580 9οι.

283 4603 296 4638 ⁸
322 4605 369 4654 ils.
379 4605 508 4666 Romnae·
522 4609 566 4656 aed
585 4619 736 4669 perperam,
751 4613 779 4658 ut
794 4610 877 4658 locun
892 4615 983 4674 annot·
996 4607 1164 4670 praecedenti
1183 4611 1355 4657 memoratam
1374 4607 1474 4667 legenti

243 4685 329 4741 plici.
