<?xml version="1.0" encoding="UTF-8"?>
<!DOCTYPE html PUBLIC "-//W3C//DTD XHTML 1.0 Transitional//EN"
    "http://www.w3.org/TR/xhtml1/DTD/xhtml1-transitional.dtd">
<html xmlns="http://www.w3.org/1999/xhtml" xml:lang="en" lang="en">
 <head>
  <title>
</title>
<meta http-equiv="Content-Type" content="text/html;charset=utf-8" />
  <meta name='ocr-system' content='tesseract 3.04.00' />
  <meta name='ocr-capabilities' content='ocr_page ocr_carea ocr_par ocr_line ocrx_word'/>
</head>
<body>
  <div class='ocr_page' id='page_1' title='image "./vitaignatiiloio00polagoog_0070.png"; bbox 0 0 3642 5350; ppageno 0'>
   <div class='ocr_carea' id='block_1_1' title="bbox 349 412 1133 488">
    <p class='ocr_par' dir='ltr' id='par_1_1' title="bbox 349 412 1133 488">
     <span class='ocr_line' id='line_1_1' title="bbox 349 412 1133 488; baseline 0.004 -16"><span class='ocrx_word' id='word_1_1' title='bbox 349 412 397 485; x_wconf 56' lang='lat'><strong>26⁴</strong></span> <span class='ocrx_word' id='word_1_2' title='bbox 817 413 945 475; x_wconf 71' lang='lat' dir='ltr'><strong>Canon.</strong></span> <span class='ocrx_word' id='word_1_3' title='bbox 965 413 1042 473; x_wconf 85' lang='lat' dir='ltr'><strong>Soc.</strong></span> <span class='ocrx_word' id='word_1_4' title='bbox 1063 415 1133 488; x_wconf 85' lang='lat' dir='ltr'><strong>Jas.</strong></span> 
     </span>
    </p>
   </div>
   <div class='ocr_carea' id='block_1_2' title="bbox 355 559 1594 3425">
    <p class='ocr_par' dir='ltr' id='par_1_2' title="bbox 356 559 1594 963">
     <span class='ocr_line' id='line_1_2' title="bbox 361 559 1593 643; baseline 0.005 -20"><span class='ocrx_word' id='word_1_5' title='bbox 361 559 485 624; x_wconf 70' lang='lat' dir='ltr'><strong>chaale</strong></span> <span class='ocrx_word' id='word_1_6' title='bbox 503 559 639 624; x_wconf 90' lang='lat' dir='ltr'><strong>Botello</strong></span> <span class='ocrx_word' id='word_1_7' title='bbox 654 561 722 624; x_wconf 93' lang='lat' dir='ltr'><strong>hac</strong></span> <span class='ocrx_word' id='word_1_8' title='bbox 743 569 877 625; x_wconf 84' lang='lat' dir='ltr'>aestate</span> <span class='ocrx_word' id='word_1_9' title='bbox 896 570 1114 626; x_wconf 86' lang='lat' dir='ltr'><strong>tractaturus</strong></span> <span class='ocrx_word' id='word_1_10' title='bbox 1134 560 1317 641; x_wconf 86' lang='lat' dir='ltr'><strong>negotium</strong></span> <span class='ocrx_word' id='word_1_11' title='bbox 1339 562 1445 643; x_wconf 90' lang='lat' dir='ltr'><strong>hujus</strong></span> <span class='ocrx_word' id='word_1_12' title='bbox 1466 561 1593 629; x_wconf 90' lang='lat' dir='ltr'><strong>domus</strong></span> 
     </span>
     <span class='ocr_line' id='line_1_3' title="bbox 356 668 1594 750; baseline 0.003 -20"><span class='ocrx_word' id='word_1_13' title='bbox 356 677 521 746; x_wconf 80' lang='lat' dir='ltr'><strong>uenerat,</strong></span> <span class='ocrx_word' id='word_1_14' title='bbox 542 669 603 748; x_wconf 91' lang='lat' dir='ltr'><strong>qui</strong></span> <span class='ocrx_word' id='word_1_15' title='bbox 622 686 667 731; x_wconf 84' lang='lat' dir='ltr'><strong>ex</strong></span> <span class='ocrx_word' id='word_1_16' title='bbox 687 668 899 748; x_wconf 90' lang='lat' dir='ltr'><strong>patrimonio</strong></span> <span class='ocrx_word' id='word_1_17' title='bbox 920 685 984 733; x_wconf 90' lang='lat' dir='ltr'><strong>suo</strong></span> <span class='ocrx_word' id='word_1_18' title='bbox 1005 668 1148 732; x_wconf 89' lang='lat' dir='ltr'><strong>domum</strong></span> <span class='ocrx_word' id='word_1_19' title='bbox 1167 668 1358 748; x_wconf 88' lang='lat' dir='ltr'><strong>quamdam</strong></span> <span class='ocrx_word' id='word_1_20' title='bbox 1377 678 1458 750; x_wconf 92' lang='lat' dir='ltr'><strong>post</strong></span> <span class='ocrx_word' id='word_1_21' title='bbox 1479 670 1594 734; x_wconf 89' lang='lat' dir='ltr'><strong>vitam</strong></span> 
     </span>
     <span class='ocr_line' id='line_1_4' title="bbox 361 773 1592 855; baseline 0.001 -15"><span class='ocrx_word' id='word_1_22' title='bbox 361 774 496 840; x_wconf 90' lang='lat' dir='ltr'><strong>sororis</strong></span> <span class='ocrx_word' id='word_1_23' title='bbox 510 792 553 838; x_wconf 88' lang='lat' dir='ltr'><strong>ac</strong></span> <span class='ocrx_word' id='word_1_24' title='bbox 568 776 708 855; x_wconf 90' lang='lat' dir='ltr'><strong>nepotis</strong></span> <span class='ocrx_word' id='word_1_25' title='bbox 727 775 763 838; x_wconf 90' lang='lat' dir='ltr'><strong>in</strong></span> <span class='ocrx_word' id='word_1_26' title='bbox 784 793 886 839; x_wconf 88' lang='lat' dir='ltr'><strong>usum</strong></span> <span class='ocrx_word' id='word_1_27' title='bbox 907 773 1056 854; x_wconf 87' lang='lat' dir='ltr'><strong>Collegii</strong></span> <span class='ocrx_word' id='word_1_28' title='bbox 1076 775 1196 855; x_wconf 91' lang='lat' dir='ltr'><strong>dabat,</strong></span> <span class='ocrx_word' id='word_1_29' title='bbox 1219 774 1317 855; x_wconf 87' lang='lat' dir='ltr'><strong>cujus</strong></span> <span class='ocrx_word' id='word_1_30' title='bbox 1332 776 1439 839; x_wconf 89' lang='lat' dir='ltr'><strong>etiam</strong></span> <span class='ocrx_word' id='word_1_31' title='bbox 1454 776 1592 841; x_wconf 86' lang='lat' dir='ltr'><strong>habita-</strong></span> 
     </span>
     <span class='ocr_line' id='line_1_5' title="bbox 360 871 862 963; baseline -0.006 -18"><span class='ocrx_word' id='word_1_32' title='bbox 360 871 495 946; x_wconf 82' lang='lat' dir='ltr'><strong>tatione</strong></span> <span class='ocrx_word' id='word_1_33' title='bbox 508 883 629 946; x_wconf 91' lang='lat' dir='ltr'><strong>statim</strong></span> <span class='ocrx_word' id='word_1_34' title='bbox 644 883 694 946; x_wconf 91' lang='lat' dir='ltr'><strong>uti</strong></span> <span class='ocrx_word' id='word_1_35' title='bbox 713 891 862 963; x_wconf 88' lang='lat' dir='ltr'><strong>poterat.</strong></span> 
     </span>
    </p>

    <p class='ocr_par' dir='ltr' id='par_1_3' title="bbox 360 988 1591 1390">
     <span class='ocr_line' id='line_1_6' title="bbox 424 988 1589 1070; baseline 0 -18"><span class='ocrx_word' id='word_1_36' title='bbox 424 989 491 1053; x_wconf 74' lang='lat'>194.</span> <span class='ocrx_word' id='word_1_37' title='bbox 536 988 698 1053; x_wconf 84' lang='lat' dir='ltr'><strong>Habebat</strong></span> <span class='ocrx_word' id='word_1_38' title='bbox 713 998 747 1052; x_wconf 89' lang='lat' dir='ltr'><strong>et</strong></span> <span class='ocrx_word' id='word_1_39' title='bbox 762 1005 901 1069; x_wconf 89' lang='lat' dir='ltr'><strong>agrum,</strong></span> <span class='ocrx_word' id='word_1_40' title='bbox 918 1005 988 1070; x_wconf 91' lang='lat' dir='ltr'><strong>quo</strong></span> <span class='ocrx_word' id='word_1_41' title='bbox 1007 989 1150 1069; x_wconf 90' lang='lat' dir='ltr'><strong>privare</strong></span> <span class='ocrx_word' id='word_1_42' title='bbox 1165 1001 1327 1070; x_wconf 86' lang='lat' dir='ltr'><strong>nepotem</strong></span> <span class='ocrx_word' id='word_1_43' title='bbox 1348 990 1503 1069; x_wconf 88' lang='lat' dir='ltr'><strong>nolebat,</strong></span> <span class='ocrx_word' id='word_1_44' title='bbox 1525 990 1589 1054; x_wconf 87' lang='lat' dir='ltr'><strong>secl</strong></span> 
     </span>
     <span class='ocr_line' id='line_1_7' title="bbox 361 1095 1587 1176; baseline 0.001 -16"><span class='ocrx_word' id='word_1_45' title='bbox 361 1097 392 1160; x_wconf 90' lang='lat' dir='ltr'><strong>si</strong></span> <span class='ocrx_word' id='word_1_46' title='bbox 403 1097 534 1162; x_wconf 92' lang='lat' dir='ltr'><strong>liberos</strong></span> <span class='ocrx_word' id='word_1_47' title='bbox 545 1095 602 1158; x_wconf 87' lang='lat' dir='ltr'><strong>ille</strong></span> <span class='ocrx_word' id='word_1_48' title='bbox 616 1095 623 1126; x_wconf 88' lang='lat'><strong>¹</strong></span> <span class='ocrx_word' id='word_1_49' title='bbox 639 1113 709 1160; x_wconf 90' lang='lat' dir='ltr'><strong>non</strong></span> <span class='ocrx_word' id='word_1_50' title='bbox 725 1096 934 1176; x_wconf 86' lang='lat' dir='ltr'><strong>reliquisset,</strong></span> <span class='ocrx_word' id='word_1_51' title='bbox 951 1096 1093 1160; x_wconf 90' lang='lat' dir='ltr'><strong>devolvi</strong></span> <span class='ocrx_word' id='word_1_52' title='bbox 1108 1096 1154 1159; x_wconf 88' lang='lat' dir='ltr'><strong>ad</strong></span> <span class='ocrx_word' id='word_1_53' title='bbox 1165 1095 1361 1176; x_wconf 82' lang='lat' dir='ltr'><strong>Collegium</strong></span> <span class='ocrx_word' id='word_1_54' title='bbox 1378 1098 1587 1161; x_wconf 88' lang='lat' dir='ltr'><strong>Amerinum</strong></span> 
     </span>
     <span class='ocr_line' id='line_1_8' title="bbox 360 1203 1591 1284; baseline -0.001 -16"><span class='ocrx_word' id='word_1_55' title='bbox 360 1211 573 1268; x_wconf 89' lang='lat' dir='ltr'><strong>testamento</strong></span> <span class='ocrx_word' id='word_1_56' title='bbox 589 1203 812 1267; x_wconf 86' lang='lat' dir='ltr'><strong>decernebat.</strong></span> <span class='ocrx_word' id='word_1_57' title='bbox 830 1203 975 1267; x_wconf 90' lang='lat' dir='ltr'><strong>Interim</strong></span> <span class='ocrx_word' id='word_1_58' title='bbox 988 1203 1119 1284; x_wconf 90' lang='lat' dir='ltr'><strong>partim</strong></span> <span class='ocrx_word' id='word_1_59' title='bbox 1133 1221 1179 1266; x_wconf 83' lang='lat' dir='ltr'><strong>ex</strong></span> <span class='ocrx_word' id='word_1_60' title='bbox 1194 1203 1278 1282; x_wconf 89' lang='lat' dir='ltr'><strong>suis,</strong></span> <span class='ocrx_word' id='word_1_61' title='bbox 1296 1204 1426 1284; x_wconf 85' lang='lat' dir='ltr'><strong>partim</strong></span> <span class='ocrx_word' id='word_1_62' title='bbox 1440 1221 1486 1268; x_wconf 84' lang='lat' dir='ltr'><strong>ex</strong></span> <span class='ocrx_word' id='word_1_63' title='bbox 1500 1205 1591 1267; x_wconf 88' lang='lat' dir='ltr'><strong>elee-</strong></span> 
     </span>
     <span class='ocr_line' id='line_1_9' title="bbox 362 1309 1075 1390; baseline -0.006 -16"><span class='ocrx_word' id='word_1_64' title='bbox 362 1311 521 1390; x_wconf 88' lang='lat' dir='ltr'><strong>mosynis</strong></span> <span class='ocrx_word' id='word_1_65' title='bbox 536 1310 697 1389; x_wconf 89' lang='lat' dir='ltr'><strong>aliorum,</strong></span> <span class='ocrx_word' id='word_1_66' title='bbox 714 1309 901 1390; x_wconf 91' lang='lat' dir='ltr'><strong>diligenter</strong></span> <span class='ocrx_word' id='word_1_67' title='bbox 916 1310 1075 1374; x_wconf 87' lang='lat' dir='ltr'><strong>curabat.</strong></span> 
     </span>
    </p>

    <p class='ocr_par' dir='ltr' id='par_1_4' title="bbox 355 1415 1593 2784">
     <span class='ocr_line' id='line_1_10' title="bbox 424 1415 1589 1499; baseline 0.002 -18"><span class='ocrx_word' id='word_1_68' title='bbox 424 1417 492 1482; x_wconf 87' lang='lat'><strong>195.</strong></span> <span class='ocrx_word' id='word_1_69' title='bbox 534 1416 718 1480; x_wconf 88' lang='lat' dir='ltr'><strong>Facultate</strong></span> <span class='ocrx_word' id='word_1_70' title='bbox 730 1415 900 1496; x_wconf 86' lang='lat' dir='ltr'><strong>ergonP.</strong></span> <span class='ocrx_word' id='word_1_71' title='bbox 914 1417 1053 1497; x_wconf 87' lang='lat' dir='ltr'><strong>Ignatio</strong></span> <span class='ocrx_word' id='word_1_72' title='bbox 1065 1427 1307 1499; x_wconf 85' lang='lat' dir='ltr'><strong>accepta,non</strong></span> <span class='ocrx_word' id='word_1_73' title='bbox 1316 1417 1389 1498; x_wconf 88' lang='lat' dir='ltr'><strong>jam</strong></span> <span class='ocrx_word' id='word_1_74' title='bbox 1400 1419 1589 1483; x_wconf 86' lang='lat' dir='ltr'><strong>ecclesiam</strong></span> 
     </span>
     <span class='ocr_line' id='line_1_11' title="bbox 361 1523 1593 1604; baseline 0.002 -16"><span class='ocrx_word' id='word_1_75' title='bbox 361 1526 458 1588; x_wconf 87' lang='lat' dir='ltr'><strong>illam</strong></span> <span class='ocrx_word' id='word_1_76' title='bbox 487 1523 527 1588; x_wconf 91' lang='lat' dir='ltr'><strong>B.</strong></span> <span class='ocrx_word' id='word_1_77' title='bbox 555 1523 725 1603; x_wconf 77' lang='lat' dir='ltr'><strong>VirginiS,</strong></span> <span class='ocrx_word' id='word_1_78' title='bbox 752 1524 816 1588; x_wconf 91' lang='lat' dir='ltr'><strong>sed</strong></span> <span class='ocrx_word' id='word_1_79' title='bbox 840 1525 948 1587; x_wconf 88' lang='lat' dir='ltr'><strong>aliam</strong></span> <span class='ocrx_word' id='word_1_80' title='bbox 969 1525 1209 1604; x_wconf 86' lang='lat' dir='ltr'><strong>capaciorem,</strong></span> <span class='ocrx_word' id='word_1_81' title='bbox 1237 1526 1372 1590; x_wconf 90' lang='lat' dir='ltr'><strong>scilicet</strong></span> <span class='ocrx_word' id='word_1_82' title='bbox 1407 1525 1593 1590; x_wconf 77' lang='lat' dir='ltr'><strong>Michaelis</strong></span> 
     </span>
     <span class='ocr_line' id='line_1_12' title="bbox 361 1623 1590 1712; baseline 0.001 -17"><span class='ocrx_word' id='word_1_83' title='bbox 361 1630 591 1712; x_wconf 84' lang='lat' dir='ltr'><strong>Archangeli,</strong></span> <span class='ocrx_word' id='word_1_84' title='bbox 617 1648 681 1711; x_wconf 89' lang='lat' dir='ltr'><strong>per</strong></span> <span class='ocrx_word' id='word_1_85' title='bbox 706 1631 982 1710; x_wconf 86' lang='lat' dir='ltr'><strong>resignationem</strong></span> <span class='ocrx_word' id='word_1_86' title='bbox 1007 1628 1094 1710; x_wconf 89' lang='lat' dir='ltr'><strong>ejus,</strong></span> <span class='ocrx_word' id='word_1_87' title='bbox 1121 1632 1181 1712; x_wconf 91' lang='lat' dir='ltr'><strong>qui</strong></span> <span class='ocrx_word' id='word_1_88' title='bbox 1205 1650 1285 1695; x_wconf 88' lang='lat' dir='ltr'><strong>eam</strong></span> <span class='ocrx_word' id='word_1_89' title='bbox 1301 1623 1526 1712; x_wconf 85' lang='lat' dir='ltr'><strong>possidebat,</strong></span> <span class='ocrx_word' id='word_1_90' title='bbox 1552 1635 1590 1696; x_wconf 91' lang='lat' dir='ltr'><strong>in</strong></span> 
     </span>
     <span class='ocr_line' id='line_1_13' title="bbox 363 1737 1590 1819; baseline 0 -17"><span class='ocrx_word' id='word_1_91' title='bbox 363 1754 489 1802; x_wconf 92' lang='lat' dir='ltr'><strong>manus</strong></span> <span class='ocrx_word' id='word_1_92' title='bbox 502 1737 671 1817; x_wconf 86' lang='lat' dir='ltr'><strong>Episcopi</strong></span> <span class='ocrx_word' id='word_1_93' title='bbox 686 1741 696 1772; x_wconf 88' lang='lat'><strong>¹</strong></span> <span class='ocrx_word' id='word_1_94' title='bbox 712 1747 746 1800; x_wconf 92' lang='lat' dir='ltr'><strong>et</strong></span> <span class='ocrx_word' id='word_1_95' title='bbox 761 1738 1034 1818; x_wconf 87' lang='lat' dir='ltr'><strong>applicationem</strong></span> <span class='ocrx_word' id='word_1_96' title='bbox 1050 1738 1095 1802; x_wconf 87' lang='lat' dir='ltr'><strong>ab</strong></span> <span class='ocrx_word' id='word_1_97' title='bbox 1115 1738 1239 1802; x_wconf 91' lang='lat' dir='ltr'><strong>eodem</strong></span> <span class='ocrx_word' id='word_1_98' title='bbox 1258 1739 1435 1819; x_wconf 87' lang='lat' dir='ltr'><strong>Episcopo</strong></span> <span class='ocrx_word' id='word_1_99' title='bbox 1455 1739 1590 1803; x_wconf 84' lang='lat' dir='ltr'><strong>factam</strong></span> 
     </span>
     <span class='ocr_line' id='line_1_14' title="bbox 362 1844 1591 1911; baseline 0 -2"><span class='ocrx_word' id='word_1_100' title='bbox 362 1845 566 1909; x_wconf 92' lang='lat' dir='ltr'><strong>solemniter</strong></span> <span class='ocrx_word' id='word_1_101' title='bbox 585 1844 775 1908; x_wconf 90' lang='lat' dir='ltr'><strong>admodum</strong></span> <span class='ocrx_word' id='word_1_102' title='bbox 797 1845 1028 1911; x_wconf 87' lang='lat' dir='ltr'><strong>admiserunt.</strong></span> <span class='ocrx_word' id='word_1_103' title='bbox 1049 1845 1088 1909; x_wconf 90' lang='lat' dir='ltr'><strong>ln</strong></span> <span class='ocrx_word' id='word_1_104' title='bbox 1107 1847 1281 1909; x_wconf 89' lang='lat' dir='ltr'><strong>matutina</strong></span> <span class='ocrx_word' id='word_1_105' title='bbox 1301 1847 1394 1910; x_wconf 91' lang='lat' dir='ltr'><strong>enim</strong></span> <span class='ocrx_word' id='word_1_106' title='bbox 1419 1848 1591 1911; x_wconf 89' lang='lat' dir='ltr'><strong>concione</strong></span> 
     </span>
     <span class='ocr_line' id='line_1_15' title="bbox 364 1949 1590 2034; baseline 0.001 -20"><span class='ocrx_word' id='word_1_107' title='bbox 364 1949 401 2016; x_wconf 89' lang='lat' dir='ltr'><strong>P.</strong></span> <span class='ocrx_word' id='word_1_108' title='bbox 422 1951 587 2030; x_wconf 77' lang='lat' dir='ltr'><strong>Michael,</strong></span> <span class='ocrx_word' id='word_1_109' title='bbox 607 1952 664 2015; x_wconf 90' lang='lat' dir='ltr'><strong>cui</strong></span> <span class='ocrx_word' id='word_1_110' title='bbox 684 1951 911 2016; x_wconf 87' lang='lat' dir='ltr'><strong>Gubernator</strong></span> <span class='ocrx_word' id='word_1_111' title='bbox 931 1961 965 2016; x_wconf 89' lang='lat' dir='ltr'><strong>et</strong></span> <span class='ocrx_word' id='word_1_112' title='bbox 989 1953 1222 2032; x_wconf 87' lang='lat' dir='ltr'><strong>magistratus</strong></span> <span class='ocrx_word' id='word_1_113' title='bbox 1246 1965 1280 2016; x_wconf 91' lang='lat' dir='ltr'><strong>et</strong></span> <span class='ocrx_word' id='word_1_114' title='bbox 1306 1954 1404 2017; x_wconf 82' lang='lat' dir='ltr'><strong>cives</strong></span> <span class='ocrx_word' id='word_1_115' title='bbox 1429 1953 1590 2034; x_wconf 87' lang='lat' dir='ltr'><strong>primarii</strong></span> 
     </span>
     <span class='ocr_line' id='line_1_16' title="bbox 363 2058 1589 2140; baseline 0.001 -18"><span class='ocrx_word' id='word_1_116' title='bbox 363 2059 587 2136; x_wconf 87' lang='lat' dir='ltr'><strong>aderant,eis</strong></span> <span class='ocrx_word' id='word_1_117' title='bbox 596 2058 812 2138; x_wconf 88' lang='lat' dir='ltr'><strong>significavit</strong></span> <span class='ocrx_word' id='word_1_118' title='bbox 821 2061 1082 2139; x_wconf 90' lang='lat' dir='ltr'><strong>possessionem</strong></span> <span class='ocrx_word' id='word_1_119' title='bbox 1093 2061 1265 2124; x_wconf 83' lang='lat' dir='ltr'><strong>ecclesiae</strong></span> <span class='ocrx_word' id='word_1_120' title='bbox 1277 2061 1485 2140; x_wconf 90' lang='lat' dir='ltr'><strong>capiendam</strong></span> <span class='ocrx_word' id='word_1_121' title='bbox 1497 2077 1589 2139; x_wconf 74' lang='lat' dir='ltr'><strong>esse,</strong></span> 
     </span>
     <span class='ocr_line' id='line_1_17' title="bbox 362 2165 1588 2251; baseline 0.001 -22"><span class='ocrx_word' id='word_1_122' title='bbox 362 2175 399 2229; x_wconf 88' lang='lat' dir='ltr'><strong>et</strong></span> <span class='ocrx_word' id='word_1_123' title='bbox 418 2165 467 2229; x_wconf 90' lang='lat' dir='ltr'><strong>ita</strong></span> <span class='ocrx_word' id='word_1_124' title='bbox 487 2165 611 2246; x_wconf 92' lang='lat' dir='ltr'><strong>optimi</strong></span> <span class='ocrx_word' id='word_1_125' title='bbox 634 2166 763 2247; x_wconf 89' lang='lat' dir='ltr'><strong>quique</strong></span> <span class='ocrx_word' id='word_1_126' title='bbox 788 2169 822 2229; x_wconf 91' lang='lat' dir='ltr'><strong>&#39;et</strong></span> <span class='ocrx_word' id='word_1_127' title='bbox 846 2166 1045 2251; x_wconf 85' lang='lat' dir='ltr'><strong>praecipui,</strong></span> <span class='ocrx_word' id='word_1_128' title='bbox 1072 2167 1119 2230; x_wconf 90' lang='lat' dir='ltr'><strong>ad</strong></span> <span class='ocrx_word' id='word_1_129' title='bbox 1143 2167 1260 2230; x_wconf 90' lang='lat' dir='ltr'><strong>locum</strong></span> <span class='ocrx_word' id='word_1_130' title='bbox 1285 2168 1401 2248; x_wconf 91' lang='lat' dir='ltr'><strong>ipsum</strong></span> <span class='ocrx_word' id='word_1_131' title='bbox 1425 2185 1506 2230; x_wconf 90' lang='lat' dir='ltr'><strong>cum</strong></span> <span class='ocrx_word' id='word_1_132' title='bbox 1531 2185 1588 2231; x_wconf 91' lang='lat' dir='ltr'><strong>ve·</strong></span> 
     </span>
     <span class='ocr_line' id='line_1_18' title="bbox 362 2271 1592 2354; baseline 0.002 -18"><span class='ocrx_word' id='word_1_133' title='bbox 362 2273 497 2336; x_wconf 90' lang='lat' dir='ltr'><strong>nissent</strong></span> <span class='ocrx_word' id='word_1_134' title='bbox 508 2271 530 2352; x_wconf 81' lang='lat'><strong>³,</strong></span> <span class='ocrx_word' id='word_1_135' title='bbox 547 2273 672 2336; x_wconf 92' lang='lat' dir='ltr'><strong>eodem</strong></span> <span class='ocrx_word' id='word_1_136' title='bbox 686 2273 742 2336; x_wconf 85' lang='lat' dir='ltr'><strong>die</strong></span> <span class='ocrx_word' id='word_1_137' title='bbox 757 2275 937 2353; x_wconf 90' lang='lat' dir='ltr'><strong>possessio</strong></span> <span class='ocrx_word' id='word_1_138' title='bbox 948 2290 1070 2336; x_wconf 88' lang='lat' dir='ltr'><strong>coram</strong></span> <span class='ocrx_word' id='word_1_139' title='bbox 1085 2275 1260 2354; x_wconf 90' lang='lat' dir='ltr'><strong>omnibus,</strong></span> <span class='ocrx_word' id='word_1_140' title='bbox 1272 2285 1399 2354; x_wconf 86' lang='lat' dir='ltr'><strong>rogato</strong></span> <span class='ocrx_word' id='word_1_141' title='bbox 1411 2274 1517 2338; x_wconf 88' lang='lat' dir='ltr'><strong>etiam</strong></span> <span class='ocrx_word' id='word_1_142' title='bbox 1528 2275 1592 2339; x_wconf 87' lang='lat' dir='ltr'><strong>Vi·</strong></span> 
     </span>
     <span class='ocr_line' id='line_1_19' title="bbox 363 2379 1588 2460; baseline -0.001 -16"><span class='ocrx_word' id='word_1_143' title='bbox 363 2379 473 2459; x_wconf 90' lang='lat' dir='ltr'><strong>cari0,</strong></span> <span class='ocrx_word' id='word_1_144' title='bbox 489 2389 637 2460; x_wconf 86' lang='lat' dir='ltr'><strong>accepta</strong></span> <span class='ocrx_word' id='word_1_145' title='bbox 653 2391 717 2443; x_wconf 92' lang='lat' dir='ltr'><strong>est.</strong></span> <span class='ocrx_word' id='word_1_146' title='bbox 733 2379 851 2445; x_wconf 90' lang='lat' dir='ltr'><strong>Locus</strong></span> <span class='ocrx_word' id='word_1_147' title='bbox 866 2380 1019 2460; x_wconf 90' lang='lat' dir='ltr'><strong>optimus</strong></span> <span class='ocrx_word' id='word_1_148' title='bbox 1033 2379 1229 2444; x_wconf 86' lang='lat' dir='ltr'><strong>habebatur</strong></span> <span class='ocrx_word' id='word_1_149' title='bbox 1243 2381 1280 2444; x_wconf 90' lang='lat' dir='ltr'><strong>in</strong></span> <span class='ocrx_word' id='word_1_150' title='bbox 1295 2382 1410 2445; x_wconf 90' lang='lat' dir='ltr'><strong>medio</strong></span> <span class='ocrx_word' id='word_1_151' title='bbox 1427 2382 1523 2445; x_wconf 90' lang='lat' dir='ltr'><strong>urbis</strong></span> <span class='ocrx_word' id='word_1_152' title='bbox 1542 2381 1588 2445; x_wconf 89' lang='lat' dir='ltr'><strong>ad</strong></span> 
     </span>
     <span class='ocr_line' id='line_1_20' title="bbox 364 2487 1591 2569; baseline 0.001 -19"><span class='ocrx_word' id='word_1_153' title='bbox 364 2488 565 2568; x_wconf 89' lang='lat' dir='ltr'><strong>aquilonem</strong></span> <span class='ocrx_word' id='word_1_154' title='bbox 589 2505 731 2566; x_wconf 90' lang='lat' dir='ltr'><strong>versus;</strong></span> <span class='ocrx_word' id='word_1_155' title='bbox 752 2487 841 2552; x_wconf 91' lang='lat' dir='ltr'><strong>situs</strong></span> <span class='ocrx_word' id='word_1_156' title='bbox 860 2487 949 2551; x_wconf 88' lang='lat' dir='ltr'><strong>satis</strong></span> <span class='ocrx_word' id='word_1_157' title='bbox 970 2490 1109 2568; x_wconf 90' lang='lat' dir='ltr'><strong>amplus</strong></span> <span class='ocrx_word' id='word_1_158' title='bbox 1129 2497 1168 2551; x_wconf 90' lang='lat' dir='ltr'><strong>ut</strong></span> <span class='ocrx_word' id='word_1_159' title='bbox 1188 2490 1312 2568; x_wconf 88' lang='lat' dir='ltr'><strong>augeri</strong></span> <span class='ocrx_word' id='word_1_160' title='bbox 1333 2501 1452 2569; x_wconf 93' lang='lat' dir='ltr'><strong>posset</strong></span> <span class='ocrx_word' id='word_1_161' title='bbox 1472 2488 1591 2552; x_wconf 87' lang='lat' dir='ltr'><strong>aedifi·</strong></span> 
     </span>
     <span class='ocr_line' id='line_1_21' title="bbox 355 2595 1591 2677; baseline 0.005 -23"><span class='ocrx_word' id='word_1_162' title='bbox 355 2595 467 2658; x_wconf 88' lang='lat' dir='ltr'><strong>cium.</strong></span> <span class='ocrx_word' id='word_1_163' title='bbox 484 2595 647 2659; x_wconf 90' lang='lat' dir='ltr'><strong>Habebat</strong></span> <span class='ocrx_word' id='word_1_164' title='bbox 662 2605 696 2658; x_wconf 91' lang='lat' dir='ltr'><strong>et</strong></span> <span class='ocrx_word' id='word_1_165' title='bbox 712 2595 855 2659; x_wconf 91' lang='lat' dir='ltr'><strong>hortum</strong></span> <span class='ocrx_word' id='word_1_166' title='bbox 870 2595 1063 2677; x_wconf 90' lang='lat' dir='ltr'><strong>proprium,</strong></span> <span class='ocrx_word' id='word_1_167' title='bbox 1079 2605 1114 2659; x_wconf 89' lang='lat' dir='ltr'><strong>et</strong></span> <span class='ocrx_word' id='word_1_168' title='bbox 1130 2597 1237 2660; x_wconf 86' lang='lat' dir='ltr'><strong>alium</strong></span> <span class='ocrx_word' id='word_1_169' title='bbox 1255 2597 1357 2660; x_wconf 87' lang='lat' dir='ltr'><strong>valde</strong></span> <span class='ocrx_word' id='word_1_170' title='bbox 1371 2596 1528 2660; x_wconf 90' lang='lat' dir='ltr'><strong>vicinum</strong></span> <span class='ocrx_word' id='word_1_171' title='bbox 1543 2598 1591 2660; x_wconf 93' lang='lat' dir='ltr'><strong>ci-</strong></span> 
     </span>
     <span class='ocr_line' id='line_1_22' title="bbox 363 2702 1386 2784; baseline 0.002 -17"><span class='ocrx_word' id='word_1_172' title='bbox 363 2704 419 2767; x_wconf 92' lang='lat' dir='ltr'><strong>vis</strong></span> <span class='ocrx_word' id='word_1_173' title='bbox 434 2702 629 2784; x_wconf 88' lang='lat' dir='ltr'><strong>cujusdam,</strong></span> <span class='ocrx_word' id='word_1_174' title='bbox 646 2703 707 2784; x_wconf 90' lang='lat' dir='ltr'><strong>qui</strong></span> <span class='ocrx_word' id='word_1_175' title='bbox 722 2702 807 2765; x_wconf 89' lang='lat' dir='ltr'><strong>dare</strong></span> <span class='ocrx_word' id='word_1_176' title='bbox 822 2703 920 2767; x_wconf 92' lang='lat' dir='ltr'><strong>illum</strong></span> <span class='ocrx_word' id='word_1_177' title='bbox 936 2703 997 2767; x_wconf 92' lang='lat' dir='ltr'><strong>vili</strong></span> <span class='ocrx_word' id='word_1_178' title='bbox 1011 2704 1124 2783; x_wconf 87' lang='lat' dir='ltr'><strong>pretio</strong></span> <span class='ocrx_word' id='word_1_179' title='bbox 1137 2714 1285 2783; x_wconf 86' lang='lat' dir='ltr'><strong>paratus</strong></span> <span class='ocrx_word' id='word_1_180' title='bbox 1298 2715 1386 2769; x_wconf 87' lang='lat' dir='ltr'><strong>erat.</strong></span> 
     </span>
    </p>

    <p class='ocr_par' dir='ltr' id='par_1_5' title="bbox 363 2809 1593 3105">
     <span class='ocr_line' id='line_1_23' title="bbox 426 2809 1590 2892; baseline 0.003 -20"><span class='ocrx_word' id='word_1_181' title='bbox 426 2809 493 2873; x_wconf 87' lang='lat'>196.</span> <span class='ocrx_word' id='word_1_182' title='bbox 536 2809 613 2873; x_wconf 91' lang='lat' dir='ltr'><strong>Hoc</strong></span> <span class='ocrx_word' id='word_1_183' title='bbox 641 2819 759 2873; x_wconf 88' lang='lat' dir='ltr'><strong>autem</strong></span> <span class='ocrx_word' id='word_1_184' title='bbox 779 2818 856 2873; x_wconf 91' lang='lat' dir='ltr'><strong>erat</strong></span> <span class='ocrx_word' id='word_1_185' title='bbox 874 2810 1061 2873; x_wconf 91' lang='lat' dir='ltr'><strong>consilium</strong></span> <span class='ocrx_word' id='word_1_186' title='bbox 1082 2810 1227 2875; x_wconf 90' lang='lat' dir='ltr'><strong>Domini</strong></span> <span class='ocrx_word' id='word_1_187' title='bbox 1246 2810 1376 2892; x_wconf 90' lang='lat' dir='ltr'><strong>Doimi,</strong></span> <span class='ocrx_word' id='word_1_188' title='bbox 1400 2822 1438 2876; x_wconf 92' lang='lat' dir='ltr'><strong>ut</strong></span> <span class='ocrx_word' id='word_1_189' title='bbox 1454 2813 1522 2876; x_wconf 90' lang='lat' dir='ltr'><strong>duo</strong></span> <span class='ocrx_word' id='word_1_190' title='bbox 1544 2830 1590 2878; x_wconf 85' lang='lat' dir='ltr'><strong>ex</strong></span> 
     </span>
     <span class='ocr_line' id='line_1_24' title="bbox 363 2916 1593 2997; baseline 0.004 -18"><span class='ocrx_word' id='word_1_191' title='bbox 363 2917 495 2980; x_wconf 88' lang='lat' dir='ltr'><strong>nostris</strong></span> <span class='ocrx_word' id='word_1_192' title='bbox 505 2916 540 2980; x_wconf 92' lang='lat' dir='ltr'><strong>in</strong></span> <span class='ocrx_word' id='word_1_193' title='bbox 552 2917 663 2997; x_wconf 89' lang='lat' dir='ltr'><strong>ipsius</strong></span> <span class='ocrx_word' id='word_1_194' title='bbox 675 2917 779 2979; x_wconf 90' lang='lat' dir='ltr'><strong>domo</strong></span> <span class='ocrx_word' id='word_1_195' title='bbox 790 2918 1003 2997; x_wconf 88' lang='lat' dir='ltr'><strong>habitarent,</strong></span> <span class='ocrx_word' id='word_1_196' title='bbox 1017 2916 1128 2981; x_wconf 91' lang='lat' dir='ltr'><strong>donec</strong></span> <span class='ocrx_word' id='word_1_197' title='bbox 1140 2918 1338 2983; x_wconf 83' lang='lat' dir='ltr'><strong>aedilicium</strong></span> <span class='ocrx_word' id='word_1_198' title='bbox 1349 2921 1593 2985; x_wconf 88' lang='lat' dir='ltr'><strong>necessarium</strong></span> 
     </span>
     <span class='ocr_line' id='line_1_25' title="bbox 363 3021 1129 3105; baseline 0 -18"><span class='ocrx_word' id='word_1_199' title='bbox 363 3024 458 3105; x_wconf 88' lang='lat' dir='ltr'><strong>apud</strong></span> <span class='ocrx_word' id='word_1_200' title='bbox 473 3022 536 3087; x_wconf 78' lang='lat' dir='ltr'><strong>S.m</strong></span> <span class='ocrx_word' id='word_1_201' title='bbox 551 3021 729 3102; x_wconf 87' lang='lat' dir='ltr'><strong>Angelum</strong></span> <span class='ocrx_word' id='word_1_202' title='bbox 748 3022 994 3088; x_wconf 86' lang='lat' dir='ltr'><strong>conficeretur.</strong></span> <span class='ocrx_word' id='word_1_203' title='bbox 1127 3094 1129 3098; x_wconf 56' lang='grc'><em>,</em></span> 
     </span>
    </p>

    <p class='ocr_par' dir='ltr' id='par_1_6' title="bbox 363 3128 1591 3425">
     <span class='ocr_line' id='line_1_26' title="bbox 427 3128 1591 3209; baseline 0.006 -18"><span class='ocrx_word' id='word_1_204' title='bbox 427 3128 494 3192; x_wconf 88' lang='grc'>197.</span> <span class='ocrx_word' id='word_1_205' title='bbox 538 3128 644 3194; x_wconf 90' lang='lat' dir='ltr'><strong>Cives</strong></span> <span class='ocrx_word' id='word_1_206' title='bbox 668 3129 818 3193; x_wconf 89' lang='lat' dir='ltr'><strong>amerini</strong></span> <span class='ocrx_word' id='word_1_207' title='bbox 843 3147 974 3209; x_wconf 91' lang='lat' dir='ltr'><strong>magno</strong></span> <span class='ocrx_word' id='word_1_208' title='bbox 1003 3130 1131 3195; x_wconf 83' lang='lat' dir='ltr'><strong>affectu</strong></span> <span class='ocrx_word' id='word_1_209' title='bbox 1161 3133 1346 3196; x_wconf 88' lang='lat' dir='ltr'><strong>charitatis</strong></span> <span class='ocrx_word' id='word_1_210' title='bbox 1374 3130 1591 3199; x_wconf 88' lang='lat' dir='ltr'><strong>Societatem</strong></span> 
     </span>
     <span class='ocr_line' id='line_1_27' title="bbox 364 3237 1589 3318; baseline 0.005 -19"><span class='ocrx_word' id='word_1_211' title='bbox 364 3237 685 3317; x_wconf 87' lang='lat' dir='ltr'><strong>amplectebantur:</strong></span> <span class='ocrx_word' id='word_1_212' title='bbox 702 3237 765 3300; x_wconf 92' lang='lat' dir='ltr'><strong>sed</strong></span> <span class='ocrx_word' id='word_1_213' title='bbox 780 3238 862 3318; x_wconf 90' lang='lat' dir='ltr'><strong>quia</strong></span> <span class='ocrx_word' id='word_1_214' title='bbox 882 3254 1057 3317; x_wconf 89' lang='lat' dir='ltr'><strong>pauperes</strong></span> <span class='ocrx_word' id='word_1_215' title='bbox 1076 3248 1169 3318; x_wconf 90' lang='lat' dir='ltr'><strong>sunt,</strong></span> <span class='ocrx_word' id='word_1_216' title='bbox 1193 3257 1263 3303; x_wconf 88' lang='lat' dir='ltr'><strong>non</strong></span> <span class='ocrx_word' id='word_1_217' title='bbox 1283 3240 1497 3305; x_wconf 86' lang='lat' dir='ltr'><strong>videbantur</strong></span> <span class='ocrx_word' id='word_1_218' title='bbox 1515 3259 1589 3305; x_wconf 91' lang='lat' dir='ltr'><strong>ma·</strong></span> 
     </span>
     <span class='ocr_line' id='line_1_28' title="bbox 363 3342 1591 3425; baseline 0.005 -18"><span class='ocrx_word' id='word_1_219' title='bbox 363 3360 436 3424; x_wconf 87' lang='lat' dir='ltr'><strong>gna</strong></span> <span class='ocrx_word' id='word_1_220' title='bbox 452 3342 607 3407; x_wconf 89' lang='lat' dir='ltr'><strong>subsidia</strong></span> <span class='ocrx_word' id='word_1_221' title='bbox 622 3342 754 3422; x_wconf 87' lang='lat' dir='ltr'><strong>daturi,</strong></span> <span class='ocrx_word' id='word_1_222' title='bbox 770 3344 833 3407; x_wconf 90' lang='lat' dir='ltr'><strong>sed</strong></span> <span class='ocrx_word' id='word_1_223' title='bbox 848 3346 958 3408; x_wconf 89' lang='lat' dir='ltr'><strong>multa</strong></span> <span class='ocrx_word' id='word_1_224' title='bbox 973 3345 1119 3423; x_wconf 90' lang='lat' dir='ltr'><strong>minuta,</strong></span> <span class='ocrx_word' id='word_1_225' title='bbox 1136 3356 1172 3409; x_wconf 89' lang='lat' dir='ltr'><strong>et</strong></span> <span class='ocrx_word' id='word_1_226' title='bbox 1191 3357 1332 3411; x_wconf 87' lang='lat' dir='ltr'><strong>centum</strong></span> <span class='ocrx_word' id='word_1_227' title='bbox 1355 3348 1433 3412; x_wconf 93' lang='lat' dir='ltr'><strong>illos</strong></span> <span class='ocrx_word' id='word_1_228' title='bbox 1449 3366 1591 3425; x_wconf 81' lang='lat' dir='ltr'><strong>aureoS,</strong></span> 
     </span>
    </p>
   </div>
   <div class='ocr_carea' id='block_1_3' title="bbox 364 3450 1592 3621">
    <p class='ocr_par' dir='ltr' id='par_1_7' title="bbox 364 3450 1592 3621">
     <span class='ocr_line' id='line_1_29' title="bbox 364 3450 1592 3534; baseline 0.005 -21"><span class='ocrx_word' id='word_1_229' title='bbox 364 3466 453 3532; x_wconf 92' lang='lat' dir='ltr'><strong>quos</strong></span> <span class='ocrx_word' id='word_1_230' title='bbox 468 3450 633 3529; x_wconf 77' lang='lat' dir='ltr'><strong>diximuS,</strong></span> <span class='ocrx_word' id='word_1_231' title='bbox 649 3451 813 3531; x_wconf 86' lang='lat' dir='ltr'><strong>quamvis</strong></span> <span class='ocrx_word' id='word_1_232' title='bbox 835 3452 1017 3531; x_wconf 90' lang='lat' dir='ltr'><strong>octoginta</strong></span> <span class='ocrx_word' id='word_1_233' title='bbox 1037 3454 1179 3518; x_wconf 88' lang='lat' dir='ltr'><strong>scholae</strong></span> <span class='ocrx_word' id='word_1_234' title='bbox 1199 3454 1371 3534; x_wconf 91' lang='lat' dir='ltr'><strong>magistro</strong></span> <span class='ocrx_word' id='word_1_235' title='bbox 1392 3454 1478 3519; x_wconf 88' lang='lat' dir='ltr'><strong>dare</strong></span> <span class='ocrx_word' id='word_1_236' title='bbox 1496 3456 1592 3520; x_wconf 91' lang='lat' dir='ltr'><strong>soliti</strong></span> 
     </span>
     <span class='ocr_line' id='line_1_30' title="bbox 364 3555 524 3621; baseline 0 0"><span class='ocrx_word' id='word_1_237' title='bbox 364 3567 482 3621; x_wconf 88' lang='lat' dir='ltr'><strong>essent</strong></span> <span class='ocrx_word' id='word_1_238' title='bbox 498 3555 524 3621; x_wconf 79' lang='lat'><strong>⁴.</strong></span> 
     </span>
    </p>
   </div>
   <div class='ocr_carea' id='block_1_4' title="bbox 363 3798 1591 4073">
    <p class='ocr_par' dir='ltr' id='par_1_8' title="bbox 363 3798 1591 4073">
     <span class='ocr_line' id='line_1_31' title="bbox 363 3798 1591 3861; baseline 0.007 -20"><span class='ocrx_word' id='word_1_239' title='bbox 363 3798 442 3843; x_wconf 77' lang='lat' dir='ltr'><strong>soleae</strong></span> <span class='ocrx_word' id='word_1_240' title='bbox 451 3798 556 3843; x_wconf 83' lang='lat' dir='ltr'><strong>videtur</strong></span> <span class='ocrx_word' id='word_1_241' title='bbox 566 3798 673 3861; x_wconf 74' lang='lat' dir='ltr'><strong>Nescio,</strong></span> <span class='ocrx_word' id='word_1_242' title='bbox 681 3800 807 3855; x_wconf 73' lang='lat' dir='ltr'><strong>scriptum</strong></span> <span class='ocrx_word' id='word_1_243' title='bbox 816 3802 1125 3857; x_wconf 61' lang='lat' dir='ltr'><strong>repertarum-Unum,</strong></span> <span class='ocrx_word' id='word_1_244' title='bbox 1133 3805 1150 3848; x_wconf 89' lang='lat'><strong>1.</strong></span> <span class='ocrx_word' id='word_1_245' title='bbox 1161 3804 1293 3860; x_wconf 84' lang='lat' dir='ltr'><strong>c.,ecribit</strong></span> <span class='ocrx_word' id='word_1_246' title='bbox 1305 3804 1499 3850; x_wconf 74' lang='lat' dir='ltr'><strong>Necatus-Sic</strong></span> <span class='ocrx_word' id='word_1_247' title='bbox 1511 3804 1591 3850; x_wconf 87' lang='lat' dir='ltr'><strong>etiam</strong></span> 
     </span>
     <span class='ocr_line' id='line_1_32' title="bbox 363 3871 1039 3929; baseline 0.009 -16"><span class='ocrx_word' id='word_1_248' title='bbox 363 3871 588 3915; x_wconf 77' lang='lat' dir='ltr'><strong>indiscriminatim</strong></span> <span class='ocrx_word' id='word_1_249' title='bbox 597 3873 721 3917; x_wconf 80' lang='lat' dir='ltr'><strong>scribitur</strong></span> <span class='ocrx_word' id='word_1_250' title='bbox 740 3872 900 3929; x_wconf 79' lang='lat' dir='ltr'><strong>Doymusac</strong></span> <span class='ocrx_word' id='word_1_251' title='bbox 916 3873 1039 3920; x_wconf 82' lang='lat' dir='ltr'><strong>Doimue.</strong></span> 
     </span>
     <span class='ocr_line' id='line_1_33' title="bbox 404 3942 1585 3997; baseline 0.006 -12"><span class='ocrx_word' id='word_1_252' title='bbox 404 3942 413 3975; x_wconf 79' lang='lat'>¹</span> <span class='ocrx_word' id='word_1_253' title='bbox 443 3942 601 3997; x_wconf 82' lang='lat' dir='ltr'><strong>Scll.,uepoe</strong></span> <span class='ocrx_word' id='word_1_254' title='bbox 1583 3989 1585 3992; x_wconf 88' lang='lat'>.</span> 
     </span>
     <span class='ocr_line' id='line_1_34' title="bbox 403 4013 1589 4073; baseline 0.008 -17"><span class='ocrx_word' id='word_1_255' title='bbox 403 4014 415 4047; x_wconf 77' lang='grc' dir='ltr'>Ι</span> <span class='ocrx_word' id='word_1_256' title='bbox 442 4014 509 4057; x_wconf 84' lang='lat' dir='ltr'><strong>Erat</strong></span> <span class='ocrx_word' id='word_1_257' title='bbox 521 4014 541 4057; x_wconf 85' lang='lat' dir='ltr'><strong>le</strong></span> <span class='ocrx_word' id='word_1_258' title='bbox 551 4013 662 4067; x_wconf 83' lang='lat' dir='ltr'><strong>Joannee</strong></span> <span class='ocrx_word' id='word_1_259' title='bbox 673 4015 820 4061; x_wconf 83' lang='lat' dir='ltr'><strong>Dominicua</strong></span> <span class='ocrx_word' id='word_1_260' title='bbox 830 4016 962 4069; x_wconf 78' lang='lat' dir='ltr'><strong>Mor-iconi,</strong></span> <span class='ocrx_word' id='word_1_261' title='bbox 977 4019 1019 4073; x_wconf 86' lang='lat' dir='ltr'><strong>qul</strong></span> <span class='ocrx_word' id='word_1_262' title='bbox 1029 4020 1085 4073; x_wconf 74' lang='lat' dir='ltr'><strong>jam</strong></span> <span class='ocrx_word' id='word_1_263' title='bbox 1095 4030 1112 4063; x_wconf 84' lang='grc' dir='ltr'>ι</span> <span class='ocrx_word' id='word_1_264' title='bbox 1128 4020 1244 4073; x_wconf 75' lang='lat' dir='ltr'><strong>traglnta</strong></span> <span class='ocrx_word' id='word_1_265' title='bbox 1259 4027 1285 4063; x_wconf 88' lang='lat' dir='ltr'><strong>et</strong></span> <span class='ocrx_word' id='word_1_266' title='bbox 1300 4032 1348 4064; x_wconf 84' lang='lat' dir='ltr'><strong>sex</strong></span> <span class='ocrx_word' id='word_1_267' title='bbox 1363 4022 1437 4065; x_wconf 82' lang='lat' dir='ltr'><strong>anuis</strong></span> <span class='ocrx_word' id='word_1_268' title='bbox 1452 4022 1589 4067; x_wconf 83' lang='lat' dir='ltr'><strong>dloecesim</strong></span> 
     </span>
    </p>
   </div>
   <div class='ocr_carea' id='block_1_5' title="bbox 364 4084 1594 4203">
    <p class='ocr_par' dir='ltr' id='par_1_9' title="bbox 364 4084 1594 4203">
     <span class='ocr_line' id='line_1_35' title="bbox 364 4084 1594 4148; baseline 0.007 -21"><span class='ocrx_word' id='word_1_269' title='bbox 364 4084 436 4129; x_wconf 77' lang='lat' dir='ltr'><strong>illam</strong></span> <span class='ocrx_word' id='word_1_270' title='bbox 447 4086 560 4130; x_wconf 85' lang='lat' dir='ltr'><strong>tenebat.</strong></span> <span class='ocrx_word' id='word_1_271' title='bbox 572 4085 655 4140; x_wconf 76' lang='lat' dir='ltr'><strong>Gaas,</strong></span> <span class='ocrx_word' id='word_1_272' title='bbox 666 4086 757 4131; x_wconf 80' lang='lat' dir='ltr'><strong>Series</strong></span> <span class='ocrx_word' id='word_1_273' title='bbox 771 4086 966 4143; x_wconf 65' lang='lat' dir='ltr'><strong>episcoporum</strong></span> <span class='ocrx_word' id='word_1_274' title='bbox 978 4088 1116 4134; x_wconf 80' lang='lat' dir='ltr'><strong>Ecclesiae</strong></span> <span class='ocrx_word' id='word_1_275' title='bbox 1132 4090 1294 4144; x_wconf 57' lang='lat' dir='ltr'><strong>Catholicae·</strong></span> <span class='ocrx_word' id='word_1_276' title='bbox 1309 4092 1435 4148; x_wconf 81' lang='lat' dir='ltr'><strong>Ucnautr,</strong></span> <span class='ocrx_word' id='word_1_277' title='bbox 1451 4092 1534 4137; x_wconf 77' lang='lat' dir='ltr'><strong>Italia</strong></span> <span class='ocrx_word' id='word_1_278' title='bbox 1548 4103 1594 4136; x_wconf 81' lang='lat' dir='ltr'><strong>sa-</strong></span> 
     </span>
     <span class='ocr_line' id='line_1_36' title="bbox 366 4156 599 4203; baseline 0.009 -6"><span class='ocrx_word' id='word_1_279' title='bbox 366 4166 423 4203; x_wconf 82' lang='lat' dir='ltr'><strong>cra,</strong></span> <span class='ocrx_word' id='word_1_280' title='bbox 434 4160 453 4199; x_wconf 92' lang='lat' dir='ltr'><strong>t.</strong></span> <span class='ocrx_word' id='word_1_281' title='bbox 466 4156 599 4203; x_wconf 79' lang='lat' dir='ltr'><strong>t.col.801.</strong></span> 
     </span>
    </p>
   </div>
   <div class='ocr_carea' id='block_1_6' title="bbox 363 4225 1594 4577">
    <p class='ocr_par' dir='ltr' id='par_1_10' title="bbox 404 4225 1234 4279">
     <span class='ocr_line' id='line_1_37' title="bbox 404 4225 1234 4279; baseline 0.008 -9"><span class='ocrx_word' id='word_1_282' title='bbox 404 4225 416 4259; x_wconf 78' lang='lat'>⁸</span> <span class='ocrx_word' id='word_1_283' title='bbox 442 4226 492 4270; x_wconf 87' lang='lat' dir='ltr'><strong>Ubl</strong></span> <span class='ocrx_word' id='word_1_284' title='bbox 503 4238 549 4271; x_wconf 83' lang='lat' dir='ltr'><strong>nos</strong></span> <span class='ocrx_word' id='word_1_285' title='bbox 560 4238 620 4272; x_wconf 85' lang='lat' dir='ltr'><strong>cum</strong></span> <span class='ocrx_word' id='word_1_286' title='bbox 631 4228 770 4272; x_wconf 79' lang='lat' dir='ltr'><strong>venissent</strong></span> <span class='ocrx_word' id='word_1_287' title='bbox 781 4229 927 4279; x_wconf 80' lang='lat' dir='ltr'><strong>scribimus,</strong></span> <span class='ocrx_word' id='word_1_288' title='bbox 937 4242 985 4275; x_wconf 80' lang='lat' dir='ltr'><strong>me.</strong></span> <span class='ocrx_word' id='word_1_289' title='bbox 994 4232 1074 4277; x_wconf 86' lang='lat' dir='ltr'><strong>habet</strong></span> <span class='ocrx_word' id='word_1_290' title='bbox 1086 4234 1234 4278; x_wconf 80' lang='lat' dir='ltr'><strong>venientes.</strong></span> 
     </span>
    </p>

    <p class='ocr_par' dir='ltr' id='par_1_11' title="bbox 363 4296 1594 4577">
     <span class='ocr_line' id='line_1_38' title="bbox 405 4296 1594 4361; baseline 0.008 -20"><span class='ocrx_word' id='word_1_291' title='bbox 405 4298 416 4331; x_wconf 79' lang='lat'><strong>⁴</strong></span> <span class='ocrx_word' id='word_1_292' title='bbox 443 4296 537 4353; x_wconf 85' lang='lat' dir='ltr'><strong>Supra,</strong></span> <span class='ocrx_word' id='word_1_293' title='bbox 552 4310 576 4342; x_wconf 91' lang='lat' dir='ltr'><strong>n.</strong></span> <span class='ocrx_word' id='word_1_294' title='bbox 594 4298 639 4352; x_wconf 79' lang='lat'><strong>192,</strong></span> <span class='ocrx_word' id='word_1_295' title='bbox 655 4300 758 4345; x_wconf 77' lang='lat' dir='ltr'><strong>dixerat</strong></span> <span class='ocrx_word' id='word_1_296' title='bbox 774 4300 900 4346; x_wconf 83' lang='lat' dir='ltr'><strong>Polancus</strong></span> <span class='ocrx_word' id='word_1_297' title='bbox 920 4302 1073 4349; x_wconf 84' lang='lat' dir='ltr'><strong>Amerinam</strong></span> <span class='ocrx_word' id='word_1_298' title='bbox 1089 4306 1227 4350; x_wconf 83' lang='lat' dir='ltr'><strong>civitatem</strong></span> <span class='ocrx_word' id='word_1_299' title='bbox 1244 4308 1337 4351; x_wconf 82' lang='lat' dir='ltr'><strong>olierre</strong></span> <span class='ocrx_word' id='word_1_300' title='bbox 1353 4309 1470 4355; x_wconf 83' lang='lat' dir='ltr'><strong>“centum</strong></span> <span class='ocrx_word' id='word_1_301' title='bbox 1489 4318 1594 4361; x_wconf 77' lang='lat' dir='ltr'><strong>aureos,</strong></span> 
     </span>
     <span class='ocr_line' id='line_1_39' title="bbox 364 4368 1594 4429; baseline 0.01 -17"><span class='ocrx_word' id='word_1_302' title='bbox 364 4368 515 4424; x_wconf 77' lang='lat' dir='ltr'><strong>quanrsere</strong></span> <span class='ocrx_word' id='word_1_303' title='bbox 524 4379 661 4414; x_wconf 83' lang='lat' dir='ltr'><strong>summam</strong></span> <span class='ocrx_word' id='word_1_304' title='bbox 676 4372 803 4426; x_wconf 73' lang='lat' dir='ltr'><strong>magistro</strong></span> <span class='ocrx_word' id='word_1_305' title='bbox 817 4373 923 4417; x_wconf 75' lang='lat' dir='ltr'><strong>scholae</strong></span> <span class='ocrx_word' id='word_1_306' title='bbox 938 4375 1058 4420; x_wconf 75' lang='lat' dir='ltr'><strong>solvebat</strong></span> <span class='ocrx_word' id='word_1_307' title='bbox 1069 4408 1081 4429; x_wconf 84' lang='lat'><strong>„</strong></span> <span class='ocrx_word' id='word_1_308' title='bbox 1092 4376 1165 4421; x_wconf 86' lang='lat' dir='ltr'><strong>Nunc</strong></span> <span class='ocrx_word' id='word_1_309' title='bbox 1180 4385 1269 4422; x_wconf 87' lang='lat' dir='ltr'><strong>autem</strong></span> <span class='ocrx_word' id='word_1_310' title='bbox 1285 4380 1330 4423; x_wconf 83' lang='lat' dir='ltr'><strong>alt:</strong></span> <span class='ocrx_word' id='word_1_311' title='bbox 1345 4381 1462 4423; x_wconf 83' lang='lat' dir='ltr'><strong>“centum</strong></span> <span class='ocrx_word' id='word_1_312' title='bbox 1477 4380 1535 4424; x_wconf 87' lang='lat' dir='ltr'><strong>lllos</strong></span> <span class='ocrx_word' id='word_1_313' title='bbox 1549 4391 1594 4424; x_wconf 82' lang='lat' dir='ltr'><strong>au·</strong></span> 
     </span>
     <span class='ocr_line' id='line_1_40' title="bbox 363 4440 1594 4504; baseline 0.011 -22"><span class='ocrx_word' id='word_1_314' title='bbox 363 4450 432 4493; x_wconf 76' lang='lat' dir='ltr'><strong>reos,</strong></span> <span class='ocrx_word' id='word_1_315' title='bbox 442 4450 505 4493; x_wconf 84' lang='lat' dir='ltr'><strong>quos</strong></span> <span class='ocrx_word' id='word_1_316' title='bbox 515 4440 633 4493; x_wconf 83' lang='lat' dir='ltr'><strong>diximus,</strong></span> <span class='ocrx_word' id='word_1_317' title='bbox 642 4444 760 4496; x_wconf 82' lang='lat' dir='ltr'><strong>quamvls</strong></span> <span class='ocrx_word' id='word_1_318' title='bbox 770 4445 903 4497; x_wconf 72' lang='lat' dir='ltr'><strong>octoginta</strong></span> <span class='ocrx_word' id='word_1_319' title='bbox 913 4446 1018 4491; x_wconf 78' lang='lat' dir='ltr'><strong>scholae</strong></span> <span class='ocrx_word' id='word_1_320' title='bbox 1028 4449 1154 4503; x_wconf 74' lang='lat' dir='ltr'><strong>magistro</strong></span> <span class='ocrx_word' id='word_1_321' title='bbox 1164 4448 1227 4494; x_wconf 88' lang='lat' dir='ltr'><strong>dar&#39;e</strong></span> <span class='ocrx_word' id='word_1_322' title='bbox 1238 4451 1308 4497; x_wconf 80' lang='lat' dir='ltr'><strong>eolitl</strong></span> <span class='ocrx_word' id='word_1_323' title='bbox 1317 4457 1416 4504; x_wconf 76' lang='lat' dir='ltr'><strong>erant„</strong></span> <span class='ocrx_word' id='word_1_324' title='bbox 1428 4451 1469 4495; x_wconf 84' lang='lat' dir='ltr'><strong>Ex</strong></span> <span class='ocrx_word' id='word_1_325' title='bbox 1483 4451 1532 4502; x_wconf 83' lang='lat' dir='ltr'><strong>hle,</strong></span> <span class='ocrx_word' id='word_1_326' title='bbox 1542 4463 1594 4495; x_wconf 86' lang='lat' dir='ltr'><strong>non</strong></span> 
     </span>
     <span class='ocr_line' id='line_1_41' title="bbox 364 4511 1592 4577; baseline 0.011 -23"><span class='ocrx_word' id='word_1_327' title='bbox 364 4511 440 4555; x_wconf 84' lang='lat' dir='ltr'><strong>nimia</strong></span> <span class='ocrx_word' id='word_1_328' title='bbox 450 4511 571 4555; x_wconf 85' lang='lat' dir='ltr'><strong>concione</strong></span> <span class='ocrx_word' id='word_1_329' title='bbox 581 4512 665 4567; x_wconf 82' lang='lat' dir='ltr'><strong>dictis,</strong></span> <span class='ocrx_word' id='word_1_330' title='bbox 679 4514 874 4570; x_wconf 81' lang='lat' dir='ltr'><strong>intelligendum</strong></span> <span class='ocrx_word' id='word_1_331' title='bbox 883 4517 989 4562; x_wconf 83' lang='lat' dir='ltr'><strong>videtur</strong></span> <span class='ocrx_word' id='word_1_332' title='bbox 998 4521 1127 4566; x_wconf 79' lang='lat' dir='ltr'><strong>amerinus</strong></span> <span class='ocrx_word' id='word_1_333' title='bbox 1137 4522 1208 4567; x_wconf 84' lang='lat' dir='ltr'><strong>clvee</strong></span> <span class='ocrx_word' id='word_1_334' title='bbox 1218 4520 1334 4577; x_wconf 76' lang='lat' dir='ltr'><strong>Colleglo</strong></span> <span class='ocrx_word' id='word_1_335' title='bbox 1348 4524 1474 4568; x_wconf 79' lang='lat' dir='ltr'><strong>obtulisse</strong></span> <span class='ocrx_word' id='word_1_336' title='bbox 1489 4530 1592 4568; x_wconf 86' lang='lat' dir='ltr'><strong>centum</strong></span> 
     </span>
    </p>
   </div>
   <div class='ocr_carea' id='block_1_7' title="bbox 363 4582 1594 4717">
    <p class='ocr_par' dir='ltr' id='par_1_12' title="bbox 363 4582 1594 4717">
     <span class='ocr_line' id='line_1_42' title="bbox 364 4582 1594 4650; baseline 0.01 -23"><span class='ocrx_word' id='word_1_337' title='bbox 364 4593 465 4637; x_wconf 82' lang='lat' dir='ltr'><strong>aureos,</strong></span> <span class='ocrx_word' id='word_1_338' title='bbox 476 4589 502 4626; x_wconf 88' lang='lat' dir='ltr'><strong>et</strong></span> <span class='ocrx_word' id='word_1_339' title='bbox 513 4582 580 4627; x_wconf 87' lang='lat' dir='ltr'><strong>hauc</strong></span> <span class='ocrx_word' id='word_1_340' title='bbox 590 4594 716 4629; x_wconf 76' lang='lat' dir='ltr'><strong>summam</strong></span> <span class='ocrx_word' id='word_1_341' title='bbox 731 4586 871 4633; x_wconf 79' lang='lat' dir='ltr'><strong>coniecisse</strong></span> <span class='ocrx_word' id='word_1_342' title='bbox 882 4600 914 4633; x_wconf 86' lang='lat' dir='ltr'><strong>ex</strong></span> <span class='ocrx_word' id='word_1_343' title='bbox 927 4591 1069 4646; x_wconf 81' lang='lat' dir='ltr'><strong>octoginta,</strong></span> <span class='ocrx_word' id='word_1_344' title='bbox 1086 4605 1149 4647; x_wconf 83' lang='lat' dir='ltr'><strong>quoe</strong></span> <span class='ocrx_word' id='word_1_345' title='bbox 1165 4595 1324 4650; x_wconf 81' lang='lat' dir='ltr'><strong>auidosque</strong></span> <span class='ocrx_word' id='word_1_346' title='bbox 1340 4602 1440 4650; x_wconf 82' lang='lat' dir='ltr'><strong>tempus</strong></span> <span class='ocrx_word' id='word_1_347' title='bbox 1456 4596 1594 4650; x_wconf 72' lang='lat' dir='ltr'><strong>ludlmagi·</strong></span> 
     </span>
     <span class='ocr_line' id='line_1_43' title="bbox 363 4655 1039 4717; baseline 0.016 -20"><span class='ocrx_word' id='word_1_348' title='bbox 363 4661 419 4698; x_wconf 83' lang='lat' dir='ltr'><strong>stro</strong></span> <span class='ocrx_word' id='word_1_349' title='bbox 429 4655 574 4710; x_wconf 80' lang='lat' dir='ltr'><strong>solvebant,</strong></span> <span class='ocrx_word' id='word_1_350' title='bbox 586 4663 612 4698; x_wconf 90' lang='lat' dir='ltr'><strong>et</strong></span> <span class='ocrx_word' id='word_1_351' title='bbox 623 4666 655 4697; x_wconf 84' lang='lat' dir='ltr'><strong>ex</strong></span> <span class='ocrx_word' id='word_1_352' title='bbox 666 4658 758 4712; x_wconf 81' lang='lat' dir='ltr'><strong>viginti</strong></span> <span class='ocrx_word' id='word_1_353' title='bbox 769 4660 1039 4717; x_wconf 81' lang='lat' dir='ltr'><strong>aliundecouquialtla.</strong></span> 
     </span>
    </p>
   </div>
   <div class='ocr_carea' id='block_1_8' title="bbox 0 0 1830 5350">
    <p class='ocr_par' dir='ltr' id='par_1_13' title="bbox 0 0 1830 5350">
     <span class='ocr_line' id='line_1_44' title="bbox 0 0 1830 5350; baseline 0 0"><span class='ocrx_word' id='word_1_354' title='bbox 0 0 1830 5350; x_wconf 95' lang='lat' dir='ltr'><strong> </strong></span> 
     </span>
    </p>
   </div>
  </div>
 </body>
</html>
