3642 5350
344 444 402 504 tiffl
807 446 936 510 Canon.
957 447 1033 510 Soc.
1054 448 1125 524 Jns.

347 598 487 654 tantum
502 593 727 656 auctoritatis
741 593 907 674 habebat,
923 605 962 658 ut
977 595 1092 660 videri
1106 606 1227 676 posset
1240 593 1434 658 timendum
1447 611 1590 660 essene

348 697 395 761 ab
409 695 486 778 ejus
501 699 689 764 devotione
703 702 840 764 curiam
854 709 917 765 aut
932 701 1114 766 civitatem
1129 709 1319 766 averteret.

411 807 504 874 2713.
547 805 794 871 Admonuerat
817 809 925 872 etiam
951 808 1191 873 confessarius
1218 807 1393 891 Principis
1421 808 1591 892 Joannae

344 917 521 984 Nuncium
536 913 796 995 Apostolicum,
812 915 907 996 quod
926 915 1020 980 idem
1038 915 1076 979 P.
1099 915 1220 980 Canus
1241 928 1367 980 contra
1390 917 1581 980 auctorita·

346 1035 419 1090 tem
439 1021 541 1088 Sedis
560 1021 790 1103 Apostolicae
810 1022 846 1086 in
868 1023 1023 1103 capitulo
1046 1022 1218 1086 ecclesiae
1242 1022 1465 1102 segoviensis
1491 1025 1592 1088 male·

348 1130 540 1196 admodum
553 1129 693 1192 locutus
707 1138 812 1207 esset,
829 1145 899 1210 qua
914 1129 950 1192 in
965 1147 1003 1193 re
1024 1145 1137 1208 grave
1157 1127 1365 1193 scandalum
1385 1130 1504 1194 multis
1524 1129 1581 1194 de·

347 1239 409 1302 dit.
424 1238 514 1302 Cum
528 1236 623 1299 enim
639 1250 701 1316 per
715 1234 871 1299 Litteras
885 1235 1114 1316 Apostolicas
1135 1233 1297 1299 Pontifex
1316 1235 1448 1300 Paulus
1470 1237 1583 1300 subsi-

346 1346 455 1424 dium,
471 1342 515 1407 de
531 1359 600 1425 quo
615 1342 777 1424 superius
792 1350 846 1406 est
858 1340 956 1407 sacta
972 1343 1103 1407 mentio
1121 1340 1142 1422 ¹,
1160 1342 1204 1406 ab
1220 1343 1472 1407 ecclesiasticis
1493 1343 1592 1424 Regi

345 1450 582 1527 tribuendum,
607 1458 825 1524 revocasset,
850 1450 909 1514 ille
928 1449 1065 1514 censuit
1089 1451 1185 1530 exigi
1214 1450 1443 1514 nihilominus
1472 1451 1585 1515 subsi-

346 1560 444 1624 dium
468 1574 584 1640 posse.
612 1557 671 1620 Fr.
699 1555 909 1621 Dominicus
932 1557 976 1620 de
998 1556 1084 1621 Soto
1106 1566 1142 1621 et
1163 1555 1200 1621 P.
1225 1557 1346 1621 Araoz
1368 1558 1594 1622 contrarium

347 1666 561 1742 sentiebant,
584 1673 619 1728 et
642 1664 769 1728 borum
792 1664 951 1743 opinioni
974 1663 1138 1728 adhaesit
1161 1663 1423 1744 Gubernatrix,
1450 1674 1485 1730 et
1510 1683 1586 1730 sus·

348 1774 455 1856 pendi
470 1773 717 1837 executionem
732 1771 880 1835 subsidii
893 1770 1010 1851 iussit.

405 1879 497 1944 2714.
542 1878 586 1943 Et
601 1878 684 1959 quia
699 1877 898 1958 Episcopus
913 1878 1085 1943 Lucensis
1106 1879 1130 1955 ',
1147 1876 1422 1944 Commissa'rius
1437 1895 1583 1960 genera·

345 1989 406 2066 lis,
424 1987 463 2050 P.
480 1985 570 2051 Cani
584 1986 796 2049 sententiam
812 1985 913 2066 sequi
928 1995 963 2049 et
978 1987 1105 2067 exequi
1126 1987 1217 2050 velle
1237 1986 1444 2066 videbatur,
1465 1987 1584 2052 decre·

346 2095 400 2159 vit
415 2093 659 2159 Gubernatrix
673 2091 719 2155 ad
733 2108 837 2156 suum
851 2093 1096 2173 episcopatum
1111 2110 1191 2157 eum
1205 2094 1356 2158 mittere.
1374 2094 1418 2158 Et
1434 2111 1514 2158 cum
1525 2112 1583 2158 ea·

347 2202 428 2265 dem
450 2199 692 2265 Gubernatrix
714 2199 855 2264 aliunde
876 2215 983 2281 quam
1006 2219 1027 2263 a
1051 2201 1182 2276 nostris
1204 2201 1437 2265 intellexisset
1459 2201 1497 2266 P.
1519 2201 1584 2266 Ca·

350 2326 435 2373 num
456 2316 582 2371 contra
601 2305 815 2371 Societatem
841 2309 951 2371 multa
973 2308 1086 2389 loqui,
1108 2307 1203 2371 misit
1219 2307 1424 2372 Praesidem
1447 2309 1594 2373 consilii·

352 2416 444 2496 regii
464 2413 476 2446 ⁸
493 2424 532 2479 ut
556 2431 635 2477 eum
662 2414 918 2494 alloqueretur,
945 2415 1005 2494 qui
1026 2414 1209 2494 respondit
1231 2431 1268 2478 se
1290 2431 1351 2494 ea,
1374 2431 1466 2496 quae
1485 2415 1595 2494 dixit,

349 2539 474 2588 coram
513 2521 601 2585 viris
640 2520 753 2584 doctis
790 2521 1045 2601 probaturum;
1086 2520 1180 2602 quod
1224 2539 1304 2585 cum
1350 2522 1582 2586 intellexisset

346 2630 387 2695 P.
403 2629 542 2709 Araoz,
558 2629 701 2694 nornine
716 2638 839 2692 nostro
854 2630 887 2693 ei
901 2627 1176 2708 significandum
1198 2628 1356 2709 curavit,
1378 2637 1416 2694 ut
1438 2630 1594 2711 scriptis¹

348 2738 643 2817 complecteretur
665 2736 772 2800 dubia
793 2746 828 2799 et
850 2733 1079 2815 objectiones
1105 2753 1194 2817 quas
1216 2745 1341 2801 contra
1367 2734 1591 2802 Societatem

347 2844 518 2923 habebat,
553 2853 589 2907 et
620 2842 871 2907 Gubernatrici
906 2843 1078 2917 mitteret.
1113 2860 1206 2923 quae
1242 2860 1415 2925 personas
1444 2845 1583 2919 doctas,

349 2967 471 3015 coram
487 2951 614 3032 quibus
629 2967 688 3014 res
703 2960 888 3029 ageretur,
905 2950 1132 3013 nominatura
1147 2960 1240 3028 erat;
1258 2962 1293 3014 et
1312 2950 1388 3030 ipse
1410 2949 1446 3014 P.
1464 2950 1585 3016 Araoz

349 3058 542 3138 inscriptis
556 3056 665 3120 etiam
680 3074 801 3120 coram
816 3056 951 3120 eisdem
966 3073 1176 3137 responsum
1196 3067 1273 3120 erat
1294 3057 1459 3138 daturus;
1480 3070 1515 3122 et
1535 3059 1595 3123 illis

349 3164 485 3241 arbitri,
501 3164 535 3227 ei
548 3164 644 3244 parti
658 3164 837 3227 silentium
853 3164 1087 3243 imponerent,
1102 3164 1170 3241 cui,
1184 3164 1378 3228 secundum
1394 3165 1581 3245 rationem,

348 3280 427 3335 erat
442 3271 705 3351 imponendum.
725 3270 875 3352 Excepit
895 3282 1014 3335 autern
1029 3269 1066 3334 P.
1088 3270 1208 3335 Araoz
1231 3288 1290 3349 ea,
1317 3288 1408 3352 quae
1429 3272 1587 3353 disputa·

350 3378 485 3442 tionem
499 3395 570 3441 non
584 3376 734 3457 ferrent,
751 3378 846 3458 quod
861 3396 882 3441 a
897 3376 988 3443 Sede
1003 3377 1211 3459 Apostolica
1226 3387 1345 3441 essent
1366 3378 1596 3458 confirmata,

350 3495 391 3549 ut
402 3484 521 3567 ipsum
531 3484 735 3549 [nstitutum
745 3484 935 3548 Societatis
946 3494 980 3549 et
992 3484 1190 3565 spiritualia
1203 3484 1279 3564 eJ'us
1290 3484 1589 3567 Exercitia,quae

351 3592 547 3657 indubium
563 3601 703 3656 vertere
722 3607 794 3655 non
814 3590 955 3654 licebat.
977 3590 1046 3655 Sed
1068 3592 1125 3654 ille
1146 3592 1329 3672 respondit
1350 3592 1507 3673 quandiu
1525 3591 1591 3656 lin·

350 3716 460 3780 guam
482 3699 646 3777 haberet,
672 3699 816 3778 scriptis
840 3716 879 3762 se
904 3714 1013 3777 agere
1039 3700 1141 3774 nolle;
1171 3708 1206 3763 et
1230 3700 1359 3763 mirum
1385 3700 1421 3763 in
1443 3699 1592 3764 modum

350 3806 483 3888 scripto
500 3805 634 3887 aliquid
648 3806 789 3868 tradere
805 3803 1008 3884 huiusmodi
1024 3805 1238 3885 refugiebat.

408 3911 501 3977 2715.
543 3912 599 3977 Ex
613 3930 656 3977 eo
672 3913 900 3976 nihilominus
923 3912 1094 3993 Princeps
1113 3912 1254 3995 Joanna
1274 3922 1309 3975 et
1329 3911 1480 3976 Praeses
1503 3930 1589 3977 con·

350 4021 419 4085 silii
434 4021 523 4103 regii
538 4020 642 4084 facile
662 4020 912 4083 intellexerunt
931 4037 1001 4100 quo
1024 4020 1149 4101 spiritu
1170 4019 1208 4082 P.
1229 4019 1349 4085 Canus
1370 4029 1590 4085 moveretur.

349 4128 461 4193 lnrmo
475 4144 522 4191 ex
537 4127 716 4206 religiosis
730 4126 889 4207 ejusdem
904 4127 1057 4205 ordinis,
1074 4128 1182 4208 aliqui
1198 4128 1235 4191 in
1250 4126 1413 4191 savorem
1434 4126 1599 4192 Societa*

351 4237 397 4299 tis
411 4235 649 4315 insurgebant
664 4232 687 4296 ⁴.

395 4403 403 4435 ¹
433 4401 530 4457 Nuper,
542 4413 566 4446 n.
577 4400 641 4446 2⁶97.
653 4400 721 4446 Vlde
730 4402 812 4446 etlam
823 4414 937 4459 snprn‚n
959 4402 1021 4447 2422.

391 4475 403 4506 ¹
431 4473 547 4529 Joennes
557 4473 655 4519 Sunrez
665 4474 697 4517 de
708 4473 844 4530 Carvalsl.

391 4544 403 4577 ³
429 4544 497 4590 Erat
509 4546 639 4591 Antonius
649 4546 680 4589 de
691 4544 818 4600 Podarcen,
828 4546 1036 4602 Pampilonensis
1047 4548 1108 4591 olim
1118 4544 1277 4603 Episcopus,
1294 4546 1326 4590 de
1343 4558 1392 4602 qno
1407 4554 1448 4592 eut
1463 4558 1542 4603 saepe
1552 4548 1592 4593 dl*

349 4624 431 4663 ctum.
442 4616 510 4662 Vlde
519 4629 608 4672 supra,
619 4629 635 4662 n
654 4618 718 4671 2485,
730 4625 757 4661 et
767 4618 845 4672 infru,
855 4630 881 4663 n.
891 4618 956 4664 ms.

391 4691 404 4724 ὃ
429 4688 549 4745 Longum
559 4696 628 4734 esset
637 4701 791 4745 percensere
802 4691 907 4735 nomina
918 4690 1035 4735 virorum
1046 4702 1060 4733 e
1070 4690 1171 4735 tamilla
1182 4692 1361 4746 dominicum,
1376 4693 1532 4745 sanctitate,
1544 4702 1593 4736 su-
