3642 5350
767 411 831 472 aa.
852 409 923 471 1556
1407 372 1462 473 '7⁶9

230 559 316 625 serti
342 557 387 623 ab
412 558 499 640 ipsis
514 567 549 622 et
572 556 638 621 soli
658 556 773 621 relicti
795 554 957 621 fuissent.
982 555 1124 621 Accidit
1142 566 1278 640 autem,
1304 568 1355 640 ut,
1381 577 1463 625 cum

231 668 370 733 deesset
390 666 451 749 qui
465 665 541 730 dies
562 664 672 730 festos
692 664 936 729 observandos
949 673 1055 729 notos
1074 664 1231 746 faceret,
1254 667 1386 732 culices
1406 668 1464 733 de·

232 774 428 867 nuntiantis
448 774 565 838 locum
580 772 842 855 suppleverint,
862 789 944 836 cum
965 772 1059 836 enim
1073 772 1218 854 quidam
1237 774 1293 838 die
1308 774 1399 840 festo
1419 795 1465 841 ex

232 880 436 963 ignorantia
462 880 499 945 in
524 881 627 962 sylva
652 878 765 944 labori
787 896 825 943 se
847 878 1018 959 dedisset,
1045 891 1280 962 compunctus
1303 882 1370 949 luit
1390 893 1465 948 tam

235 991 426 1055 multorum
440 988 593 1054 culicum
608 986 752 1069 aculeis,
768 996 807 1051 ut
821 986 965 1051 domum
979 987 1095 1053 redire
1110 998 1259 1054 coactus
1272 990 1389 1056 luerit.

295 1096 387 1161 3325.
430 1095 655 1161 Versabatur
668 1103 787 1159 autem
801 1091 841 1158 P.
861 1092 1068 1161 Ludovicus
1081 1096 1126 1160 de
1147 1095 1271 1162 Grana
1288 1098 1466 1166 interdum

234 1203 516 1287 Taraybativae,
540 1202 723 1268 doctrinae
739 1219 781 1266 ac
796 1200 1011 1266 institutioni
1025 1219 1148 1268 eorum
1167 1202 1350 1271 hominum
1371 1207 1466 1271 insu·

235 1312 340 1394 dans;
357 1312 403 1376 ‘et
427 1312 465 1375 in
489 1310 559 1375 alio
583 1327 693 1392 pago,
719 1309 779 1391 qui
807 1308 964 1375 secundo
991 1310 1157 1375 milliario
1186 1310 1268 1377 inde
1296 1313 1465 1396 distabat,

235 1419 315 1484 fidei
331 1420 439 1485 etiam
449 1416 604 1499 Jaciebat
623 1416 870 1497 fundamenta,
886 1416 985 1482 iilum
1002 1416 1207 1500 frequenter
1225 1421 1387 1503 visitans,
1404 1422 1467 1488 sed

234 1526 499 1609 Taraybativae
521 1542 685 1605 manens,
706 1524 767 1589 ubi
785 1524 955 1605 nonnulli,
977 1524 1014 1588 in
1031 1524 1101 1589 fide
1115 1527 1204 1591 satis
1222 1528 1399 1611 instructi,
1422 1532 1468 1595 le·

235 1634 362 1716 gitimo
378 1632 594 1698 matrimonii
607 1631 750 1697 vinculo
765 1631 924 1712 colligati
938 1630 1092 1698 fuerunt.
1109 1632 1210 1700 Multi
1224 1635 1355 1711 ibidem
1368 1638 1468 1703 inno-

237 1752 358 1807 centes
373 1742 481 1807 etiam
493 1740 784 1822 baptizabantur,
799 1757 846 1804 ex
858 1740 987 1820 quibus
1001 1740 1110 1820 aliqui
1129 1742 1175 1809 ad
1197 1742 1390 1810 Dominum
1404 1746 1468 1811 mi·

149 1882 150 1885 ¹
238 1850 408 1931 grabant3
427 1848 547 1931 pueris
572 1858 691 1914 autem
709 1845 878 1912 docendis
903 1846 1093 1928 peculiaris
1112 1864 1199 1914 cura
1220 1850 1465 1917 adhibebatur.

298 1956 389 2021 3326.
432 1954 609 2021 Valebant
623 1955 736 2020 nostri
748 1971 882 2034 omnes,
895 1963 930 2018 et
938 1952 1041 2035 J'uxta
1052 1953 1333 2023 Constitutiones
1342 1978 1389 2024 ex
1400 1960 1468 2025 Eu·

241 2083 330 2148 ropa
344 2064 488 2145 missae,
504 2061 595 2128 duce
609 2060 648 2127 P.
664 2061 849 2127 Ludovico
863 2060 906 2126 de
921 2060 1043 2126 Grana
1052 2110 1060 2143 ,
1076 2062 1166 2128 bene
1184 2064 1222 2129 in
1241 2065 1302 2130 via
1322 2066 1470 2133 Domini

240 2171 490 2256 procedebant.
515 2170 760 2235 Laboraverat
784 2168 927 2251 quidem
944 2168 1148 2249 praedictus
1168 2168 1276 2236 Pater
1296 2174 1362 2239 sub
1385 2176 1470 2239 anni

240 2281 345 2345 finem
368 2295 442 2344 non
461 2277 632 2343 mediocri
650 2276 792 2356 morbo,
814 2292 897 2340 cum
921 2283 1068 2356 pectora
1087 2278 1351 2362 intumuissent,
1378 2283 1470 2348 etin

240 2388 337 2452 vitae
351 2384 541 2451 discrimen
555 2392 716 2465 venerat;
731 2401 797 2448 nec
809 2384 919 2449 ullum
929 2383 1151 2449 medicorum
1161 2387 1379 2467 praesidium
1390 2408 1470 2455 eum

241 2494 466 2574 sublevabat;
482 2491 545 2557 sed
559 2492 703 2556 morbus
717 2508 789 2555 non
811 2489 963 2571 obstitit,
984 2491 1173 2572 quominus
1192 2493 1259 2558 hos
1278 2497 1415 2561 etillos
1435 2498 1472 2563 in

240 2602 437 2667 christiana
447 2600 610 2665 doctrina
621 2598 822 2680 instrueret,
832 2599 940 2662 immo
950 2598 987 2661 in
997 2615 1098 2663 mare
1109 2599 1156 2666 ad
1166 2600 1352 2686 lusitanos,
1366 2606 1472 2686 trige-

241 2711 330 2775 simo
345 2707 511 2774 milliario
525 2727 547 2772 a
565 2706 787 2787 Piratininga
806 2706 997 2786 distantes,
1021 2723 1085 2787 per
1106 2710 1304 2789 asperrima
1324 2729 1472 2778 nemora

243 2819 311 2884 iter
325 2834 500 2898 aggresus
514 2825 579 2898 est,
600 2816 660 2880 ubi
681 2814 936 2897 aliquantisper
955 2813 1212 2896 praedicationi
1230 2833 1377 2900 operam
1392 2839 1474 2888 cum

244 2926 412 3003 dedisset,
429 2923 688 3005 Piratiningam
702 2938 870 2986 reversus
884 2928 949 2986 est.

304 3031 396 3098 3327.
439 3031 593 3096 Tantum
607 3047 695 3094 vero
706 3029 807 3094 abest
818 3036 856 3092 ut
868 3045 913 3092 ex
925 3028 993 3092 hoc
1003 3028 1125 3093 labore
1138 3039 1294 3096 tumores
1304 3036 1472 3119 pectoris,

245 3150 282 3204 ut
308 3140 416 3222 aliqui
440 3139 671 3218 verebantur,
697 3137 955 3201 incrementum
975 3147 1174 3218 sumerent,
1195 3147 1236 3202 ut
1256 3141 1386 3222 potius,
1406 3143 1475 3209 hac

244 3251 341 3312 velut
356 3245 531 3311 medicina
546 3264 643 3325 usus,
659 3242 835 3310 Dominus
850 3242 896 3308 ad
909 3241 1099 3324 pristinam
1114 3245 1266 3310 voluerit
1285 3250 1475 3316 restituere

244 3355 445 3420 sanitatem.

154 3531 158 3538 ,
303 3459 395 3526 3328.
438 3460 564 3526 Frater
582 3456 690 3526 etiam
708 3467 829 3524 noster
848 3457 1047 3539 Gregorius
1065 3455 1242 3524 Serranus
1261 3465 1377 3528 acutis
1398 3482 1476 3531 cor·

197 3651 199 3656 ι
246 3579 367 3652 reptos
381 3569 537 3634 febribus
551 3567 733 3648 decubuit;
748 3566 812 3633 sed
826 3583 907 3632 cum
923 3565 1120 3646 corporalis
1133 3566 1309 3632 medicina
1324 3569 1475 3654 deesset,

247 3676 409 3742 coelestis
428 3675 647 3758 abundabat;
670 3691 740 3756 qua
760 3673 950 3756 periculosi
975 3671 1082 3736 etiam
1106 3674 1222 3738 morbi
1246 3677 1478 3761 curabantur3

247 3784 418 3867 brevique
433 3801 513 3848 cum
528 3782 780 3862 convaluisset,
802 3779 998 3861 Gregorius
1017 3778 1064 3842 ad
1082 3796 1167 3844 suas
1186 3797 1274 3846 oves
1295 3781 1478 3867 Tarayba·

247 3892 344 3958 tivae
359 3909 439 3958 curn
453 3891 523 3954 alio
537 3889 648 3955 fratre
661 3897 798 3970 nostr0,
811 3887 871 3968 qui
882 3885 1144 3951 brasiliensium
1154 3867 1313 3970 linguam
1325 3891 1477 3974 calebat,

249 4017 288 4064 se
299 3999 457 4079 contulit;
471 3997 517 4063 ad
526 4013 627 4080 quos,
639 3997 786 4062 Missam
800 3994 1044 4059 celebraturus
1058 3993 1115 4058 die
1126 3992 1315 4076 dominico,
1328 3997 1480 4078 singulis

249 4108 371 4172 diebus
386 4105 525 4171 sabbati
536 4105 663 4186 aliquis
674 4103 844 4169 sacerdos
854 4109 977 4166 noster
986 4098 1247 4182 Piratiningam
1258 4103 1480 4187 mittebatur;

249 4214 312 4281 sed
326 4224 362 4279 et
381 4214 450 4278 alia
472 4213 603 4296 oppida
621 4221 657 4277 et
675 4227 790 4293 pagos
808 4209 1044 4274 lusitanorum
1065 4216 1100 4272 et
1121 4207 1384 4275 brasiliensium
1405 4211 1482 4293 ejus

249 4323 401 4388 ducatus
414 4319 475 4387 S.¹¹
494 4319 675 4385 Vincentii
689 4317 803 4386 nostri
817 4315 944 4383 crebro
963 4315 1176 4395 invisebant,
1199 4325 1234 4380 et
1253 4317 1383 4400 ubique
1404 4337 1484 4384 ver·

250 4431 333 4496 bum
358 4428 426 4495 Dei
450 4429 740 4508 disseminabant,
761 4444 805 4491 ac
829 4424 957 4490 deinde
982 4420 1242 4502 Piratiningam
1268 4425 1313 4490 ad
1339 4427 1482 4492 domum

228 4593 230 4598 ,
251 4546 424 4618 nostram,
441 4555 533 4620 quae
547 4534 593 4601 D.
611 4533 710 4601 Pauli
725 4533 922 4613 dicebatur,
939 4531 1113 4596 redibant.

313 4646 357 4711 Et
372 4647 462 4711 haec
476 4645 520 4710 de
538 4643 731 4709 Provincia
746 4641 932 4706 Brasiliae.

397 4759 435 4818 T.
454 4777 496 4819 vr.
