3642 5350
362 435 415 494 152
814 434 942 496 Cnaou.
962 434 1039 496 Soc.
1064 435 1135 511 Jns.

363 582 571 662 temporalia
595 590 770 647 venentur
794 600 916 646 eorum
941 583 1001 664 qui
1026 583 1072 648 ad
1096 581 1309 646 Societatem
1323 580 1587 658 admittuntur.„

362 689 462 753 Tunc
484 687 648 754 Ducissa:
678 690 848 771 “aequum
874 699 929 753 est
953 700 991 755 ut
1014 691 1192 770 intelligas
1215 707 1322 772 quam
1344 688 1517 753 rationem
1541 688 1589 750 vi·

362 797 470 859 vendi
484 797 520 859 hi
535 805 688 873 teneant,
705 814 794 878 quos
808 799 844 861 in
858 808 920 862 tua
934 798 1067 862 ditione
1085 799 1181 875 alis,
1205 798 1305 861 Tunc
1325 797 1362 860 P.
1386 795 1590 860 Ludovicus

363 902 453 967 dixit
466 904 640 983 quomodo
656 905 726 968 alia
746 914 840 969 esset
853 907 946 969 ratio
967 908 1168 985 domorum,
1193 905 1263 969 alia
1282 905 1531 985 collegiorum,
1554 912 1590 966 et

364 1027 428 1075 cur
441 1012 590 1091 collegia
605 1012 738 1076 reditus
752 1013 883 1077 habere
899 1014 1034 1093 possint
1049 1031 1092 1076 ac
1111 1013 1274 1076 debeant.
1295 1011 1395 1076 Tunc
1418 1010 1501 1074 Dux
1522 1008 1590 1074 hoc

365 1137 403 1182 se
417 1120 594 1198 cogitasse
608 1119 796 1199 fatebatur,
813 1122 907 1201 quod
927 1122 1039 1185 nostri
1059 1121 1203 1201 perinde
1223 1130 1329 1200 atque
1351 1119 1411 1182 alii
1431 1118 1591 1197 religiosi

365 1225 494 1289 facturi
513 1236 642 1305 essent,
668 1228 728 1307 qui
747 1228 825 1308 ipso
844 1229 879 1291 in
901 1229 1001 1291 initio
1021 1246 1101 1292 cum
1121 1246 1253 1307 magna
1278 1227 1470 1307 asperitate
1493 1226 1591 1289 vixe-

366 1342 466 1413 runt,
493 1342 528 1396 et
551 1344 676 1414 postea
695 1336 866 1415 paulatim
885 1336 922 1399 in
940 1338 1059 1416 rigore
1078 1336 1285 1417 disciplinae
1302 1335 1453 1398 relaxati
1477 1343 1590 1397 erant.
1647 1356 1649 1360 ·

366 1439 526 1504 Subdidit
540 1439 691 1505 Ducissa
706 1452 848 1505 nostros
862 1443 898 1506 in
913 1444 1125 1507 necessitate
1141 1460 1272 1523 magna
1287 1459 1366 1505 esse
1381 1440 1593 1504 constitutos

367 1548 579 1627 Florentiae,
606 1558 640 1611 et
659 1549 728 1611 hoc
748 1558 870 1630 optare
894 1560 933 1613 ut
958 1551 1129 1614 ducentos
1150 1551 1230 1614 illos
1252 1566 1390 1628 aureos,
1415 1565 1504 1629 quos
1525 1548 1592 1611 sin·

366 1655 461 1735 gulis
481 1655 584 1717 annis
605 1655 690 1719 dare
712 1656 798 1735 ipsis
820 1665 996 1735 coeperat,
1020 1658 1056 1719 in
1078 1658 1196 1737 aliquo
1218 1657 1296 1720 loco
1319 1656 1529 1735 assignaret,
1553 1664 1594 1718 ut

367 1779 440 1825 non
455 1778 545 1841 opus
559 1772 653 1825 esset
668 1760 713 1826 ad
727 1779 788 1826 eos
800 1764 1063 1842 recuperandos
1073 1764 1141 1843 ipsi
1157 1765 1325 1827 molestos
1339 1780 1428 1826 esse.
1448 1761 1593 1826 Addidit

369 1869 463 1950 quod
488 1871 519 1933 si
543 1887 614 1932 non
639 1870 811 1933 haberent
833 1870 1035 1934 Florentiae
1063 1872 1278 1950 necessaria,
1309 1871 1379 1935 alio
1408 1870 1594 1950 migraturi

369 1986 497 2040 essent.
513 1975 909 2056 AdjecitP.Ludovicus
920 1996 996 2042 rem
1006 1979 1246 2059 gratissimam
1255 1977 1392 2042 Ducem
1403 1979 1505 2041 nobis
1515 1994 1595 2041 esse

369 2083 546 2148 facturum
568 2102 649 2149 cum
669 2086 787 2165 aliqua
807 2096 932 2149 contra
946 2097 1089 2150 nostros
1108 2087 1176 2167 ipsi
1195 2086 1422 2165 referrentur,
1446 2086 1477 2149 si
1499 2086 1594 2166 ipsos

369 2192 505 2255 moneri
516 2190 665 2272 juberet,
688 2210 769 2256 cum
790 2192 878 2256 nihil
899 2194 995 2257 aliud
1014 2211 1120 2273 quam
1139 2194 1208 2257 Dei
1229 2194 1436 2273 obsequium
1451 2202 1486 2256 et
1501 2209 1594 2255 com·

369 2316 474 2362 mune
490 2299 619 2363 bonum
641 2309 880 2380 expectarent.
905 2300 989 2365 Dux
1007 2301 1188 2381 respondit
1207 2319 1279 2365 non
1299 2318 1403 2364 suum
1425 2316 1503 2363 esse
1518 2299 1595 2363 reli-

370 2408 515 2486 gionum
530 2408 772 2471 reformationi
787 2425 825 2471 se
839 2409 1051 2488 immiscere,
1068 2408 1161 2489 quod
1175 2409 1309 2472 dictum
1323 2425 1394 2471 non
1406 2407 1596 2471 admodum

370 2514 535 2595 probavit
550 2514 704 2578 Ducissa
722 2516 815 2595 quod
841 2516 886 2579 ad
900 2526 1041 2579 nostros
1056 2516 1192 2595 attinet,
1209 2534 1296 2597 quos
1311 2515 1513 2579 Florentiae
1529 2515 1597 2577 ale-

371 2622 444 2701 bat,
457 2622 552 2706 quod
567 2622 691 2687 attinet
714 2624 759 2688 ad
782 2640 906 2688 curam
925 2623 1083 2705 ipsorum
1103 2624 1317 2698 habendam;
1335 2632 1369 2687 et
1384 2632 1468 2687 tunc
1481 2622 1598 2687 intulit

371 2746 572 2793 sermonem
596 2731 639 2794 de
661 2732 824 2810 augenda
843 2731 948 2795 domo
971 2741 1093 2794 nostra
1112 2740 1147 2795 et
1166 2749 1258 2812 quae
1278 2731 1368 2795 ratio
1392 2731 1438 2794 ad
1462 2731 1499 2794 id
1518 2729 1598 2793 iniri

371 2845 492 2916 posset
506 2837 711 2918 postulavit.
733 2836 1002 2918 Responderunt
1021 2839 1133 2901 nostri
1154 2839 1279 2902 domos
1299 2837 1472 2918 quasdam
1487 2836 1598 2900 Colle·

371 2945 431 3023 gio
448 2943 655 3025 conjunctas
670 2945 739 3008 emi
754 2962 873 3024 posse;
890 2954 926 3009 et
939 2945 1092 3026 pretium
1107 2963 1229 3009 earum
1243 2945 1334 3008 seire
1349 2945 1475 3008 voluit.

431 3050 502 3112 564.
547 3050 719 3115 Creverat
729 3062 913 3132 tantopere
925 3069 1047 3116 eorum
1060 3069 1239 3131 numeruS,
1252 3053 1312 3132 qui
1327 3050 1371 3114 ad
1386 3051 1599 3115 audiendam

372 3159 559 3223 lectionem
585 3158 813 3224 Canticorum
832 3160 1057 3223 confluebant
1075 3159 1095 3239 ¹,
1123 3171 1161 3222 ut
1179 3161 1367 3240 impetrata
1388 3159 1557 3222 facultate
1580 3177 1600 3221 a

377 3265 414 3329 P.
431 3265 570 3346 Ignatio
585 3267 622 3328 in
638 3265 848 3358 Cathedrale
863 3268 1033 3347 templum
1048 3285 1138 3346 eam,
1151 3275 1256 3346 prout
1268 3267 1473 3346 rogabatur,
1490 3275 1601 3328 trans·

374 3374 503 3436 tulerit.
529 3372 603 3436 Nec
628 3375 722 3438 enim
746 3383 949 3438 nostrorum
975 3377 1146 3454 templum
1164 3373 1397 3454 frequentiam
1419 3372 1603 3435 hominum

374 3497 502 3561 capere
517 3489 668 3561 poterat;
691 3489 726 3544 et
740 3481 862 3544 ultimo
878 3482 934 3545 die
950 3480 1046 3560 Maji,
1059 3482 1119 3561 qui
1134 3481 1331 3544 dominicus
1346 3488 1433 3559 erat,
1450 3480 1486 3542 in
1502 3496 1603 3559 prae·

375 3588 470 3652 dicta
486 3589 636 3651 ecclesia
652 3587 855 3652 Cathedrali
867 3589 987 3668 legere
1002 3589 1117 3668 coepit
1132 3598 1166 3650 et
1181 3588 1286 3667 duplo
1299 3586 1470 3666 majorem
1481 3586 1604 3649 habuit

375 3712 560 3759 numerum
581 3712 687 3776 quam
706 3704 867 3758 nostrum
887 3695 1056 3777 templum
1079 3695 1253 3775 capiebat,
1274 3704 1408 3757 etcum
1428 3693 1545 3756 fructu
1569 3703 1603 3756 et

376 3801 622 3866 satisfactione
636 3803 755 3882 legere
770 3803 952 3882 pergebat,
976 3803 1141 3882 quamvis
1159 3802 1276 3865 minus
1295 3819 1426 3864 sonora
1443 3818 1514 3864 vox
1528 3799 1603 3880 ejus

377 3921 475 3975 esset
490 3928 596 3991 quam
610 3910 703 3972 illius
718 3911 839 3991 templi
854 3910 1048 3990 amplitudo
1064 3907 1304 3990 [requirebat].

437 4019 505 4082 565.
548 4019 628 4098 Ipso
643 4017 698 4082 die
710 4017 879 4096 Corporis
894 4017 1025 4081 Christi
1041 4017 1256 4096 scholastici,
1273 4015 1332 4097 qui
1344 4032 1452 4096 supra
1464 4022 1606 4078 centum

379 4134 413 4190 et
428 4127 573 4206 triginta
589 4125 779 4205 aliquando
792 4107 1077 4203 inveniebantur,
1094 4125 1131 4187 in
1146 4126 1275 4204 templo
1288 4133 1410 4220 nostro
1423 4122 1605 4201 dialogum
1719 4169 1731 4196 ,

379 4233 566 4314 quemdam
587 4232 629 4295 de
647 4231 942 4312 frequentatione,
966 4231 1139 4310 dignitate
1159 4240 1193 4294 et
1209 4231 1358 4294 utilitate
1377 4227 1452 4293 ΞΜ
1473 4227 1605 4292 Sacra-

380 4341 499 4419 menti,
516 4356 620 4420 quem
635 4340 806 4418 magister
819 4339 892 4403 Leo
907 4337 931 4420 ¹,
946 4340 1082 4420 primae
1096 4339 1222 4402 classis
1236 4338 1452 4419 praefectus,
1466 4352 1608 4415 compo·

425 4619 432 4650 ¹
462 4617 528 4660 Vide
539 4629 627 4671 supra,
638 4627 698 4672 pag.
710 4615 756 4671 149,
767 4629 794 4660 n.
806 4615 855 4660 553.

424 4692 435 4723 ²
464 4688 589 4743 Magister
600 4687 653 4732 Leo
663 4687 754 4744 Linus,
764 4699 809 4732 seu
820 4687 863 4732 del
875 4688 970 4744 Giglio.
