3642 5350
781 392 845 457 Art.
869 390 938 457 1556
1422 386 1477 454 aab

244 541 388 610 dianum
402 540 450 607 ibi
465 540 735 607 concionantem
751 542 974 621 invenerunt,
991 550 1025 605 et
1040 560 1061 605 a
1075 542 1232 622 parocho
1246 538 1321 620 eius
1332 539 1473 631 hospite

244 652 444 717 humaniter
466 650 617 729 excepti,
634 648 811 713 dominica
832 650 867 713 in
887 648 1067 726 Passione,
1086 648 1255 727 Neustad,
1272 664 1376 712 mane
1398 662 1475 726 per·

245 766 429 824 venerunt.
443 757 512 821 Ubi
527 757 562 820 in
577 756 698 837 populi
710 767 902 837 conspectu
914 774 995 820 curn
1007 755 1044 817 P.
1057 756 1251 819 Ursmarus
1261 754 1406 818 Missam
1418 770 1476 817 ce·

246 866 428 943 lebrasset,
446 880 569 927 omnes
584 863 644 925 alii
660 879 740 925 curn
755 879 887 942 magna
902 862 1136 926 admiratione
1148 861 1267 943 populi
1282 859 1476 925 communi·

247 982 384 1053 carunt;
397 969 491 1053 quod
502 970 555 1034 bis
568 979 629 1034 aut
641 980 694 1033 ter
705 969 855 1050 singulis
871 969 1102 1034 hebdomadis
1116 970 1152 1033 in
1164 969 1288 1033 itinere
1302 967 1477 1046 fecerant,

246 1098 329 1145 cum
343 1077 527 1143 commode
542 1076 576 1139 id
591 1076 667 1141 fieri
682 1085 832 1157 poterat.
847 1141 853 1158 ,

308 1184 396 1251 1526.
441 1184 575 1248 Eodem
595 1183 651 1247 die
673 1184 708 1247 in
730 1182 868 1247 duobus
890 1184 1052 1249 curribus
1071 1185 1137 1249 sub
1155 1200 1345 1265 vesperam
1364 1184 1480 1248 nostri

250 1295 424 1359 Viennam
438 1302 688 1373 pervenerunt,
704 1291 763 1354 ubi
778 1308 844 1355 nec
863 1292 1045 1356 irrisiones
1060 1309 1126 1356 nec
1143 1292 1379 1355 contumeliae
1396 1306 1480 1371 gra·

249 1402 417 1467 vissimae
431 1399 563 1463 nostris
578 1398 775 1477 defuerunt;
793 1398 882 1462 adeo
896 1408 935 1461 ut
949 1399 1093 1480 quidam
1109 1399 1266 1480 hispani,
1283 1415 1366 1462 cum
1380 1399 1480 1461 intel·

247 1511 397 1589 ligerent
416 1525 438 1569 a
458 1506 639 1586 germanis
659 1504 858 1585 hujusmodi
878 1505 1042 1569 convicia
1056 1522 1145 1585 erga
1165 1516 1306 1569 nostros
1327 1504 1409 1584 dici,
1433 1505 1480 1569 ad

249 1636 290 1681 ea
306 1612 510 1679 ulciscenda
530 1629 569 1676 se
589 1623 863 1693 praepararent,
886 1623 924 1676 ut
945 1613 1074 1676 nobilis
1089 1613 1232 1693 quidam
1255 1630 1301 1676 ex
1321 1611 1481 1692 Reginae

183 1702 186 1707 Δ
248 1722 381 1787 familia
400 1721 533 1785 nostris
549 1720 678 1783 retulit.
693 1718 764 1784 Sed
776 1721 847 1796 alii,
862 1721 1007 1785 meliore
1020 1722 1181 1798 consilio,
1196 1730 1235 1784 ut
1251 1720 1296 1783 ab
1311 1719 1481 1783 ulciscen-

251 1830 305 1895 dis
320 1828 521 1910 hujusmodi
536 1824 674 1905 injuriis
689 1827 910 1907 desisterent,
928 1836 1193 1908 persuaserunt.

313 1936 401 1999 1527.
444 1935 534 1999 Cum
546 1944 664 1997 autem
674 1933 720 1996 ad
732 1945 872 2013 portam
885 1934 1077 2014 quamdam
1088 1934 1243 1998 civitatis
1256 1935 1479 2014 accederent,

251 2044 436 2108 admittere
451 2059 513 2105 eos
527 2042 563 2103 in
579 2041 760 2104 civitatem
780 2042 980 2105 noluerunt.
996 2041 1055 2105 Ad
1074 2043 1181 2105 aliam
1202 2052 1321 2105 autem
1339 2050 1481 2122 portam

250 2169 289 2215 se
314 2158 573 2228 convertentes
602 2150 649 2212 ibi
673 2150 787 2212 nostri
812 2149 1057 2228 substiterunt,
1084 2147 1199 2213 donec
1223 2148 1260 2211 P.
1289 2149 1482 2214 Ursmarus

250 2276 333 2323 cum
346 2258 455 2322 milite
474 2256 630 2337 quodam
650 2255 696 2319 ad
716 2256 966 2336 magistratum
990 2257 1174 2335 deductus,
1194 2256 1401 2321 facultatem
1418 2258 1480 2321 im·

251 2365 414 2447 petravit.

315 2471 402 2535 1528.
446 2471 480 2535 Α
493 2472 624 2535 nostris
640 2487 726 2551 ergo
743 2472 992 2537 viennensibus
1008 2472 1259 2555 hospitalitatis
1275 2482 1310 2537 et
1329 2472 1481 2537 charita·

251 2581 297 2644 tis
312 2578 462 2643 officium
477 2596 541 2659 pro
557 2596 656 2643 more
670 2577 862 2643 Societatis
877 2581 966 2661 ipsis
978 2580 1177 2661 impensum
1192 2589 1257 2660 est,
1275 2590 1311 2644 et
1324 2580 1482 2661 quandiu

253 2688 383 2751 ibidem
409 2686 610 2766 haeserunt,
638 2687 677 2750 P.
703 2687 896 2752 Ursmarus
921 2689 958 2751 in
980 2689 1262 2753 confessionibus
1284 2687 1481 2761 audiendis

253 2794 312 2858 alii
338 2803 456 2858 autern
481 2793 517 2856 in
542 2794 759 2858 orationibus
787 2804 893 2876 atque
913 2796 1143 2859 concionibus
1172 2796 1425 2877 componendis
1448 2804 1483 2858 et

252 2902 289 2965 in
313 2901 501 2966 refectorio
526 2902 814 2982 pronunciandiS,
841 2913 875 2965 et
901 2903 980 2966 aliis
1005 2904 1113 2966 etiam
1140 2903 1176 2966 in
1200 2904 1318 2982 rebuS,
1340 2919 1482 2967 exerce·

254 3010 394 3073 bantur.

315 3115 403 3180 1529.
447 3116 553 3180 Pater
570 3127 689 3180 autem
705 3115 882 3181 Henricus
897 3117 1097 3198 Blysemius
1116 3119 1269 3201 primum
1283 3118 1415 3182 Missae
1429 3134 1484 3182 sa·

252 3223 425 3289 crificium
439 3223 595 3287 secunda
611 3223 667 3287 die
681 3223 852 3304 Paschae,
867 3223 904 3288 P.
921 3226 1078 3308 Joannes
1092 3226 1184 3290 Tilia
1198 3227 1236 3290 in
1251 3235 1380 3291 octava
1395 3223 1484 3305 ejus·

251 3332 331 3396 dem
347 3331 516 3410 Paschae,
534 3348 615 3394 cum
630 3347 762 3411 magna
777 3333 1001 3396 solemnitate
1017 3334 1195 3397 dixerunt.

315 3437 402 3502 1530.
446 3438 490 3501 Et
515 3438 612 3517 Rege
637 3456 708 3502 non
729 3440 892 3519 salutato,
920 3441 1003 3520 quia
1028 3450 1062 3504 et
1088 3441 1145 3504 ille
1165 3440 1322 3521 Pragam
1348 3439 1484 3521 profici·

251 3546 427 3624 scebatur,
445 3555 479 3608 et
504 3544 571 3608 16.ιι
592 3544 727 3625 Aprilis
752 3547 889 3610 Vienna
910 3547 1063 3627 Pragam
1083 3565 1209 3611 versus
1224 3548 1374 3628 profecti
1389 3558 1481 3624 sunt;

252 3652 351 3716 libris
365 3653 463 3732 prius
478 3669 549 3715 non
563 3653 687 3732 paucis
702 3651 864 3716 Viennae
879 3653 925 3716 ad
940 3671 1042 3718 usum
1057 3654 1111 3718 sui
1126 3654 1275 3734 Collegii
1290 3654 1428 3734 emptis,
1444 3654 1480 3716 in

255 3777 362 3824 curru
377 3759 531 3838 Pragam
548 3777 628 3823 cum
644 3761 723 3824 aliis
738 3761 890 3824 sarcinis
905 3761 1097 3826 mittendis.

316 3866 403 3929 1531.
448 3865 656 3947 Superiores
684 3877 803 3930 autem
831 3879 967 3947 vesteS,
998 3886 1086 3950 quas
1114 3870 1163 3933 ibi
1190 3869 1418 3933 confecerant
1446 3877 1485 3932 ut

254 3991 375 4038 coram
391 3973 488 4054 Rege
504 3984 727 4054 apparerent,
745 3974 873 4039 ibidem
889 3977 1121 4056 reliquerunt.

315 4081 401 4144 1532.
445 4080 641 4146 Videbatur
657 4092 774 4145 autem
794 4082 831 4146 Ρ.
850 4083 1043 4147 Ursmarus
1058 4083 1198 4147 Vienna
1218 4083 1369 4148 libenter
1386 4100 1481 4147 rece·

252 4184 335 4252 dere
350 4185 372 4267 ¹,
386 4187 480 4269 quod
492 4206 533 4252 eo
546 4197 704 4268 tempore
716 4190 859 4270 quidam
870 4188 1026 4271 Joannes
1037 4189 1280 4270 Sebastianus,
1293 4201 1483 4272 praesente

253 4294 350 4375 Rege
375 4295 566 4360 Bohemiae
590 4295 835 4360 Maximiliano
857 4307 890 4360 et
913 4298 1162 4362 innumerabili
1187 4299 1328 4381 popule,
1356 4306 1483 4362 contra

293 4572 301 4606 ¹
330 4571 377 4618 lis.
400 4571 547 4618 Videbatur
563 4577 654 4619 aulem
671 4573 701 4620 P.
723 4573 870 4620 Ursmarus
887 4587 948 4621 curn
969 4575 1072 4622 Vienna
1085 4578 1201 4622 libenter
1218 4577 1444 4632 recedeanuod
1458 4589 1488 4622 eo

254 4648 375 4701 tempore
386 4647 507 4700 quidam,
517 4653 566 4692 etc.
