3642 5350
324 441 379 501 804
784 440 912 503 Canon.
930 437 1010 502 Soc.
1029 438 1100 515 Jns.

322 587 441 667 gionis
453 588 573 653 odium
587 604 650 653 eos
663 586 869 667 incitabant,
885 594 921 651 et
940 588 985 651 ab
1004 604 1048 652 ea
1066 586 1292 669 suscipienda
1312 572 1552 668 deterrebant;

212 780 215 787 γ
323 702 358 758 et
372 703 445 759 tam
459 696 552 767 male
571 694 762 759 audiebant
780 693 871 782 inter
889 693 1052 759 ethnicos
1065 693 1221 773 lusitani,
1243 703 1282 759 ut
1304 711 1473 776 magnam
1491 696 1552 761 ali·

322 818 427 882 quam
441 810 476 867 et
490 802 727 867 universalem
741 802 959 883 punitionem
972 800 1011 866 P.
1027 799 1228 883 Cyprianus
1250 801 1410 883 timeret;
1426 803 1487 885 qui
1501 811 1552 868 ta·

322 926 402 973 men
426 928 498 975 non
523 909 706 975 desinebat
730 908 864 974 instare
887 908 1166 991 praedicationi,
1192 916 1228 972 et
1255 926 1320 990 per
1346 927 1549 975 sacramen·
1583 938 1590 949 ·

321 1025 438 1083 torum
452 1018 559 1083 etiam
574 1016 807 1083 ministerium
821 1017 866 1082 de
879 1034 923 1082 ea
937 1016 1084 1081 civitate
1098 1017 1318 1082 benemereti
1332 1018 1354 1081 ¹.

380 1124 425 1190 Et
439 1126 528 1193 haec
542 1126 587 1191 de
600 1132 716 1191 tractu
729 1123 912 1190 Comurini
926 1133 962 1189 et
975 1123 1036 1189 S.t¹
1056 1124 1229 1191 Thomae.

624 1549 689 1616 DE
713 1548 948 1617 COLLEGIO
974 1548 1241 1619 MALACHAE

373 1869 464 1937 3447.
508 1872 710 1953 Antequam
734 1870 772 1935 P.
803 1869 974 1934 Melchior
1001 1868 1150 1953 Nugnez
1177 1870 1190 1903 ²
1217 1889 1345 1937 versus
1371 1871 1545 1957 Japonem

314 1977 478 2043 Malacha
492 1978 786 2060 proficisceretur,
802 1978 997 2058 scripserat
1010 1978 1132 2044 Indiae
1145 1978 1291 2045 Rectori
1303 1978 1314 2011 ⁸
1325 1989 1365 2046 ut
1379 1979 1545 2045 sacerdo·

313 2094 385 2151 tem
399 2085 561 2167 aliquem,
584 2094 620 2149 et
641 2084 783 2167 quidem
804 2086 841 2149 in
862 2085 1144 2151 confessionibus
1165 2086 1349 2152 audiendis
1370 2088 1544 2154 exercita·

312 2203 397 2274 tum,
421 2201 457 2257 et
475 2192 521 2257 ad
546 2192 705 2257 difficiles
730 2209 835 2257 casus
859 2194 1099 2259 conscientiae
1123 2193 1338 2261 decidendos
1362 2194 1565 2273 idoneum,'

311 2302 502 2380 mitterent,
515 2299 610 2382 quod
621 2299 707 2364 illud
716 2301 914 2382 emporium
924 2302 1064 2366 celebre
1074 2311 1280 2367 contractus
1290 2301 1412 2369 varios
1424 2321 1467 2368 ac
1479 2304 1543 2369 dii·

310 2408 417 2473 ficilia
431 2408 647 2472 commercia
661 2416 855 2473 exerceret.
870 2407 1016 2474 Interim
1035 2418 1154 2474 autem
1168 2409 1252 2474 dum
1270 2410 1302 2475 is
1319 2411 1537 2490 mittebatur,

310 2516 439 2581 ibidem
453 2514 595 2597 reliquit
610 2496 800 2596 aloysium
813 2514 918 2581 Frois
940 2515 964 2592 ⁴,
983 2517 1141 2582 nondum
1159 2519 1393 2601 sacerdotem,
1414 2520 1479 2584 sed
1497 2536 1541 2583 ea

310 2623 441 2702 indole,
456 2632 505 2703 ut,
518 2631 708 2705 postquam
719 2632 836 2689 aetate
847 2631 882 2688 et
894 2623 1058 2690 doctrina
1069 2625 1253 2708 crevisset,
1266 2636 1388 2708 posset
1399 2643 1538 2710 promo·

311 2749 401 2796 verr.

368 2837 461 2902 3448.
504 2838 635 2904 Missus
649 2853 740 2916 ergo·
751 2837 817 2903 luit
831 2857 852 2903 a
867 2837 905 2903 P.
922 2840 1080 2906 Antonio
1093 2842 1137 2906 de
1152 2839 1329 2924 Quadros,
1349 2852 1435 2908 tunc
1453 2843 1536 2908 Pro·

308 2945 465 3025 vinciali,
481 2945 519 3009 P.
539 2945 728 3010 Balthasar
746 2944 855 3027 Diaz,
872 2947 943 3029 qui,
963 2947 1151 3014 recedente
1164 2949 1271 3015 Patre
1285 2950 1478 3016 Melchiore
1492 2970 1538 3018 ex

308 3053 418 3134 india,
435 3052 584 3134 Collegii
598 3053 750 3118 Goensis
764 3053 896 3120 Rector
910 3065 946 3119 et
958 3054 1291 3138 vice-provincialis
1307 3059 1452 3124 relictus
1465 3059 1537 3125 fue·

308 3170 376 3242 rat;
389 3172 424 3226 et
436 3159 679 3243 procuratoris
690 3161 798 3225 etiam
809 3161 924 3226 officio
936 3162 1090 3245 functus,
1102 3164 1196 3228 bona
1206 3163 1364 3246 eJ'usdem
1375 3165 1535 3248 Collegii,
1581 3168 1586 3176 '

306 3286 397 3350 quae
416 3268 452 3332 in
471 3268 666 3334 continenti
684 3267 754 3332 sita
774 3279 892 3351 erant,
914 3270 1055 3334 utiliora
1073 3271 1222 3336 reddere
1237 3271 1352 3337 eidem
1376 3273 1536 3356 Collegio

307 3384 509 3441 curaverat.
672 3359 678 3378 '

363 3481 456 3548 3449.
499 3482 711 3548 Perfunctus
725 3500 812 3565 ergo
828 3484 1058 3549 concionibus
1073 3485 1378 3568 Quadragesimae
1392 3491 1429 3554 in
1450 3492 1536 3556 urbe

305 3590 394 3671 Goa,
420 3598 501 3672 post
526 3589 680 3671 Pascha,
709 3592 825 3673 prima
849 3591 986 3656 scilicet
1010 3593 1188 3659 dominica
1211 3595 1249 3660 in
1271 3595 1374 3662 Albis
1400 3598 1424 3679 ⁸,
1455 3615 1536 3664 cum

304 3697 414 3762 fratre
437 3706 560 3763 nostro
582 3696 687 3762 Petro
707 3699 750 3762 de
769 3698 964 3780 Alcazeva,
984 3700 1021 3764 in
1038 3699 1214 3785 Japonem
1232 3704 1441 3786 transituro,
1457 3723 1534 3788 pro·

303 3807 417 3870 sectus
431 3815 500 3885 est,
516 3815 552 3870 et
566 3805 603 3868 in
617 3805 695 3886 ipsa
710 3805 796 3871 navi
810 3806 932 3871 utilem
952 3824 1098 3888 operam
1119 3809 1155 3874 in
1174 3809 1441 3892 praedicatione
1456 3832 1534 3879 ver·

304 3913 338 3977 bi
365 3911 455 3993 Dei,
481 3921 517 3976 et
541 3911 734 3977 christiana
763 3912 927 3978 doctrina
955 3923 990 3978 et
1016 3915 1300 3982 confessionibus
1327 3920 1535 4002 impendens

305 4044 516 4054 ——----—-

345 4120 352 4151 ¹
382 4117 476 4161 Confer
487 4118 558 4162 dicta
569 4129 657 4172 supra,
665 4123 685 4162 t.
694 4131 720 4175 v,
730 4128 789 4173 pag.
802 4115 849 4170 ⁶⁸3.
858 4116 940 4172 oliba.
951 4117 1012 4174 1894,
1021 4119 1081 4176 issu
1092 4118 1246 4177 ornanum,
1255 4121 1330 4168 riui.
1341 4123 1397 4171 Soc.
1402 4124 1471 4181 les..
1479 4139 1504 4182 p.
1514 4137 1533 4181 1,

299 4188 344 4232 llb.
356 4199 446 4242 xv1,n.
457 4189 492 4244 78,
501 4187 632 4243 Saccnuu,
643 4187 714 4232 Hisi.
726 4188 782 4232 Soc.
792 4186 860 4243 Jer..
868 4200 893 4244 p.
905 4199 933 4243 n,
943 4189 989 4234 lib.
998 4200 1036 4246 ru,
1047 4203 1072 4235 n.
1084 4191 1180 4248 lli-lla,
1188 4193 1218 4238 P.
1229 4193 1309 4239 Parni
1324 4194 1533 4248 Junci-linu-

299 4270 357 4312 m,
371 4258 526 4303 Thesaurus
535 4271 628 4304 rerum
639 4261 806 4312 indicarum,
815 4267 834 4303 t.
845 4271 862 4311 r,
872 4271 937 4314 pac.
948 4260 997 4316 601;
1007 4261 1131 4318 Bouron,
1141 4263 1212 4308 Deli·
1227 4265 1323 4311 istorio
1337 4267 1411 4312 dello
1421 4269 1530 4324 Coinpa·

299 4331 364 4384 gaia
375 4331 405 4374 di
416 4330 598 4382 oasa-rosia,
607 4343 631 4386 p.
644 4341 660 4384 1,
671 4332 715 4376 lib.
726 4342 805 4386 vn,n.
815 4331 850 4375 37:
867 4330 968 4376 Viriiie
979 4336 1065 4378 mom
1074 4334 1119 4379 dei
1129 4335 1158 4379 P.
1169 4335 1280 4392 Aisonso
1290 4336 1423 4393 cipriani.

339 4400 350 4432 ¹
379 4400 445 4445 Vide
456 4413 543 4458 supra,
554 4409 573 4446 t.
584 4413 610 4458 v,
620 4413 680 4457 pap.
691 4401 741 4456 710,
751 4415 776 4446 n.
789 4401 841 4445 19⁸2
850 4407 876 4445 et
887 4413 941 4457 seq.

339 4473 350 4505 ³
378 4471 484 4518 Rectori
494 4475 595 4518 scilicet
606 4473 716 4529 Collepll
727 4471 820 4526 Gonni,
830 4475 872 4517 vel
883 4477 969 4528 potius
979 4473 1069 4522 indiae
1079 4476 1242 4534 Praeporito.
1259 4477 1324 4524 Vide
1341 4492 1475 4530 numeram
1491 4495 1530 4530 ne·

298 4549 428 4600 quentem.

338 4619 349 4652 4
378 4617 443 4662 Vide
454 4629 541 4674 snpra,
552 4625 571 4662 t.
581 4632 608 4672 v,
618 4629 678 4674 pag.
688 4617 736 4672 723,
748 4627 772 4662 n.
783 4615 844 4661 2028.

337 4690 348 4723 ὅ
376 4688 420 4734 bis.
432 4694 580 4745 profectus,
590 4691 657 4746 quod
667 4692 776 4734 verbum
786 4690 875 4733 statim
886 4689 1005 4734 iteratur.
