3642 5350
755 366 756 371 ’
777 372 840 432 Au.
862 371 933 433 1556
1415 370 1469 429 tto

236 519 369 584 reticus
394 528 505 601 esset,
526 520 731 602 quicquam,
748 518 842 601 quod
861 517 1048 584 adversari
1062 516 1259 583 catholicae
1280 516 1402 599 pietati
1416 516 1467 580 vi·

238 626 391 693 deretur.

300 734 387 801 1783.
431 736 714 818 Experiebantur
753 745 871 799 autem
908 734 1022 801 nostri
1055 752 1278 800 communem
1315 732 1468 799 Senatus

238 859 325 924 erga
339 844 440 908 viros
452 844 564 907 bonos
577 842 844 907 benevolentiae
859 840 1035 921 allectum,
1051 851 1086 907 et
1098 853 1249 924 uterque
1263 841 1390 906 consul
1403 840 1465 904 hu·

234 948 293 1030 jus
306 952 406 1031 anni,
423 951 558 1015 scilicet
576 949 757 1015 Arnoldus
771 948 936 1029 Sigenius
950 959 986 1013 et
999 950 1199 1014 Hermanus
1213 948 1464 1027 Sudermanus,

237 1066 384 1139 paterne
408 1057 598 1123 admodum
619 1066 761 1122 nostros
783 1057 1127 1138 complectebantur,
1146 1070 1182 1121 et
1199 1074 1302 1123 suam
1320 1072 1467 1138 operam

236 1182 376 1230 omnem
390 1165 544 1230 officiose
560 1173 595 1229 et
609 1176 770 1229 amanter
782 1164 976 1229 offerebant
991 1163 1013 1225 ¹.
1028 1163 1381 1231 Nihilominusarnici
1394 1179 1467 1227 non

236 1273 487 1343 existimabant
511 1273 616 1338 facile
641 1273 839 1353 Collegium
864 1270 1054 1337 Societatis
1077 1290 1100 1336 a
1123 1271 1256 1337 Senatu
1282 1270 1465 1335 admitten-

235 1380 329 1462 dum,
345 1389 381 1445 et
395 1381 475 1445 ideo
489 1380 657 1462 expedire
668 1379 875 1461 judicabant
889 1389 928 1444 ut
942 1380 1057 1462 primo
1071 1381 1304 1444 concionator
1312 1388 1348 1443 et
1360 1377 1464 1443 lecto·

234 1505 293 1553 res
306 1486 479 1569 praedicti
495 1488 722 1568 accederent,
737 1488 865 1569 quibus
878 1487 982 1551 Prior
1000 1486 1211 1552 carthusiae
1229 1486 1274 1551 de
1293 1486 1399 1551 rebus
1420 1483 1467 1549 ad

235 1596 528 1661 sustentationem
548 1595 760 1660 necessariis
782 1594 972 1677 providere
991 1595 1152 1674 volebat3
1172 1611 1277 1658 nemo
1298 1593 1393 1658 enim
1420 1609 1465 1656 ex

236 1702 411 1784 theologis
439 1704 700 1768 coloniensibus
733 1702 870 1783 publice
899 1702 1032 1783 aliquid
1060 1703 1268 1782 praelegere
1296 1700 1464 1776 audebat,

236 1810 318 1891 quia
333 1809 448 1889 facile,
466 1812 611 1893 quinon
626 1820 744 1875 essent
758 1812 837 1892 plus
852 1826 960 1891 quam
973 1810 1173 1875 mediocres
1185 1809 1223 1873 in
1236 1809 1310 1873 suis
1324 1809 1465 1873 concio-

235 1918 354 1997 nibus,
371 1919 702 1999 contemnebantur;
718 1928 886 1983 ettamen
905 1934 944 1981 se
963 1935 1029 1983 nec
1048 1917 1086 1981 in
1099 1917 1310 1982 lectionibus
1328 1934 1395 1981 nec
1414 1916 1464 1980 di-

236 2026 493 2106 sputationibus
508 2027 577 2091 illis
587 2026 818 2107 exercebant3
835 2036 870 2090 et
884 2025 921 2089 id
936 2025 1051 2106 magis
1069 2025 1221 2105 amicos,
1241 2035 1281 2089 ut
1294 2024 1463 2105 diximus,

234 2134 453 2215 stimulabat,
475 2135 550 2216 qui,
571 2142 712 2217 praeter
730 2134 994 2214 carthusianos,
1016 2151 1055 2197 se
1073 2150 1255 2215 uunquam
1279 2132 1464 2227 defuturos

235 2249 438 2306 nostrorum
453 2242 702 2307 sustentationi
720 2241 990 2323 promittebant;
1012 2250 1048 2304 et
1065 2240 1170 2305 facile
1191 2240 1461 2322 quatuordecim

234 2366 280 2413 ex
304 2350 452 2429 nostriS,
475 2350 551 2431 (qui
572 2366 740 2415 numerus
759 2348 794 2413 id
813 2349 982 2429 temporis
997 2347 1043 2413 ad
1062 2347 1259 2429 Collegium
1278 2348 1462 2412 minimum

234 2456 558 2537 praescribebatur)
578 2456 708 2521 ibidem
726 2464 996 2520 sustentassent.
1023 2456 1069 2520 Et
1088 2455 1120 2518 si
1138 2453 1180 2520 R.
1208 2453 1245 2518 P.
1268 2454 1462 2531 GerarduS,

233 2563 335 2628 Prior
349 2563 577 2645 Carthusiae,
594 2571 806 2643 moreretur,
823 2562 898 2644 ejus
917 2562 1184 2627 successoribus
1199 2561 1237 2625 P.
1254 2560 1463 2626 Leonardus

234 2670 320 2737 nihil
335 2671 450 2736 minus
464 2670 573 2736 fidere
587 2671 785 2752 videbatur,
801 2688 883 2736 cum
897 2670 973 2752 ejus
987 2669 1157 2735 Vicarius
1171 2677 1206 2735 et
1220 2679 1368 2751 uterque
1382 2686 1459 2751 pro·

234 2787 376 2843 curator
392 2795 434 2842 ac
448 2781 573 2860 reliqui
588 2780 752 2844 monachi
768 2777 938 2844 Societati
952 2786 1072 2843 essent
1086 2776 1097 2809 ¹
1112 2777 1357 2843 addictissimi.

296 2884 384 2950 1784.
427 2886 636 2951 Affirmabat
657 2896 774 2950 autem
796 2884 862 2950 Dr.
884 2885 1107 2968 GropperuS,
1127 2885 1158 2949 si
1178 2886 1306 2967 aliquis
1329 2885 1462 2950 theolo-

232 3009 300 3073 gus
314 2991 502 3059 Societatis
522 2994 705 3058 Coloniam
725 2993 900 3073 venisset,
925 3011 965 3058 se
982 3003 1190 3058 curaturum
1207 3002 1248 3058 ut
1274 2992 1310 3056 in
1329 2992 1462 3057 scholis

231 3101 381 3181 publicis
395 3101 643 3182 theologorum
659 3101 817 3166 doceret.

294 3206 381 3273 1785.
424 3207 504 3273 Non
532 3217 651 3274 tamen
685 3208 952 3273 adducebantur
987 3207 1188 3289 hujusmodi
1222 3208 1344 3288 amici,
1378 3207 1461 3273 licet

232 3315 362 3396 optime
377 3315 493 3380 affecti
512 3324 646 3396 essent,
667 3325 704 3380 ut
724 3314 762 3379 P.
779 3315 918 3396 ignatio
931 3316 1127 3380 scriberent
1141 3327 1176 3380 et
1189 3317 1257 3380 hos
1276 3315 1460 3397 operarios

232 3423 276 3487 ab
290 3441 333 3488 eo
347 3423 581 3506 postularent,
597 3422 688 3487 forte
707 3423 791 3505 quia
811 3422 962 3503 obligari
981 3422 1027 3489 ad
1045 3425 1339 3489 sustentationem
1358 3440 1460 3488 recu·

232 3531 369 3612 sabant,
386 3531 550 3614 quamvis
565 3547 643 3595 eam
658 3531 928 3595 subministrare
941 3531 1084 3596 vellent.

294 3637 381 3702 1786.
423 3637 568 3704 Interim
587 3637 712 3718 nostri,
733 3638 815 3702 licet
831 3637 938 3703 fixam
960 3639 1103 3704 domum
1121 3639 1256 3704 nullam
1273 3638 1457 3718 haberent,

231 3745 484 3811 conductitiam
503 3746 647 3810 domurn
665 3745 798 3810 scholis
818 3745 974 3811 vicinam
997 3746 1192 3824 habebant,
1213 3746 1273 3811 ubi
1292 3754 1458 3828 quatuor·

231 3853 345 3918 decim
359 3871 405 3918 ex
419 3853 551 3918 nostris
564 3870 637 3918 non
656 3853 878 3917 incommode
893 3853 1055 3917 habitare
1074 3861 1256 3934 poterant;
1274 3861 1309 3917 et
1326 3853 1357 3917 si
1377 3870 1457 3917 con·

231 3961 392 4026 cionator
413 3961 623 4040 mitteretur,
650 3959 838 4032 ecclesiam
858 3961 890 4024 ei
910 3962 1065 4042 amplam
1085 3961 1131 4026 ad
1155 3960 1458 4042 praedicationem

229 4077 392 4151 paratam
406 4068 594 4132 habebant.
615 4066 660 4131 Et
678 4068 709 4130 si
729 4065 825 4147 Mag.
841 4067 997 4152 Joanues
1011 4067 1139 4133 Rezius
1160 4068 1335 4148 venisset,
1351 4066 1458 4132 facile

228 4175 426 4257 Collegium
446 4175 532 4240 illud
552 4173 716 4254 (Bursam
730 4174 874 4256 vocant)
890 4176 926 4239 in
943 4193 1014 4257 quo
1028 4175 1105 4257 ipse
1120 4174 1311 4258 aliquando
1330 4175 1457 4240 docue-

228 4294 295 4365 rat,
306 4282 616 4350 nostrisaSenatu
625 4281 837 4348 tradendum
848 4283 1051 4365 censebant;
1064 4284 1124 4366 qui
1135 4284 1231 4349 enim
1242 4281 1318 4363 ejus
1330 4300 1454 4348 curam

267 4489 275 4523 ⁴
304 4489 404 4535 Slmlltn
418 4494 559 4534 narramur
572 4489 599 4534 ln
614 4489 727 4544 epistota
743 4487 883 4533 colonlenal
900 4487 1007 4542 Joannl·
1023 4487 1120 4542 Rethli,
1133 4488 1149 4532 9
1164 4487 1286 4535 Octobris
1300 4489 1378 4544 buln·
1394 4490 1456 4536 anal

228 4562 300 4616 data,
310 4571 388 4616 quarn
396 4561 508 4606 ederunt
518 4559 639 4606 Litterae
648 4559 879 4615 Quadrimus,
889 4565 907 4604 t.
919 4571 955 4616 ιν,
966 4572 1027 4616 pag.
1036 4561 1085 4606 bt&

270 4635 282 4668 ¹
307 4632 353 4678 hta.
364 4637 450 4679 erant.
