3642 5350
352 425 407 486 564
811 425 938 486 canoa.
959 421 1034 484 Soc.
1054 423 1125 497 Jus.

305 597 308 606 ·
353 569 572 635 Academiae
591 571 734 651 negotia
759 588 797 634 se
816 568 1021 649 conferens,
1043 569 1186 632 omnino
1207 568 1251 632 de
1270 564 1460 631 Societatis
1477 567 1587 631 rebus

355 695 436 742 cum
463 679 540 758 ipso
567 694 686 759 agere,
702 687 741 741 ut
755 677 879 741 melius
895 694 957 740 eas
972 675 1185 754 intelligeret
1198 684 1233 738 et
1248 673 1294 739 ad
1308 673 1451 738 easdem
1470 673 1583 739 affice·

353 794 464 863 retur,
483 786 726 848 constituerat.

412 891 504 956 2437.
547 890 671 955 Plures
682 901 879 972 praeterea,
893 907 1000 972 quam
1010 898 1093 953 ante
1104 888 1140 952 id
1152 897 1301 969 tempus,
1314 888 1351 951 in
1362 884 1579 951 Societatem

355 1017 394 1064 se
420 999 559 1062 admitti
584 999 823 1080 postulabant;
840 1009 875 1062 et
900 998 993 1061 inter
1017 1013 1079 1060 eos
1103 997 1163 1078 qui
1188 995 1358 1060 exercitia
1382 994 1583 1075 spiritualia

354 1106 613 1187 suscipiebant,
640 1119 713 1170 tres
738 1117 841 1170 erant
869 1105 1026 1185 theologi
1050 1104 1269 1181 sacerdotes,
1296 1103 1356 1181 qui
1380 1102 1584 1181 theologiae

353 1230 498 1278 cursum
510 1212 754 1292 absolverant,
777 1222 813 1276 et
832 1213 916 1276 boni
935 1212 1206 1276 concionatores
1224 1209 1294 1272 duo
1311 1226 1358 1272 ex
1376 1208 1445 1272 illis
1465 1217 1579 1286 erant,

353 1337 504 1402 quorum
518 1321 608 1383 alter
622 1318 836 1384 Societatem
851 1319 991 1398 ingredi
1009 1317 1233 1396 decreverat,
1254 1327 1288 1379 et
1308 1315 1379 1378 duo
1397 1315 1523 1397 reliqui
1537 1316 1583 1380 de

351 1445 390 1491 re
419 1427 543 1491 eadem
571 1427 736 1506 agebant.
769 1425 932 1506 Quinque
964 1425 1024 1488 alii
1052 1423 1257 1488 sacerdotes
1270 1422 1394 1501 etiam,
1412 1423 1583 1486 absolutis

352 1534 553 1612 theologiae
578 1533 750 1611 cursibus
778 1533 823 1596 ad
848 1533 1020 1596 exercitia
1045 1530 1269 1611 suscipienda
1295 1530 1511 1608 missisunt,
1537 1530 1581 1592 de

350 1651 445 1705 statu
460 1641 555 1705 vitae
570 1658 656 1704 suae
676 1640 920 1715 deliberaturi;
940 1656 1091 1720 quorum
1112 1656 1221 1716 unuS,
1242 1639 1303 1718 qui
1322 1637 1506 1718 religionis
1520 1655 1581 1700 vo·

350 1759 425 1814 tum
439 1748 616 1826 emiserat,
640 1745 715 1826 jam
729 1755 871 1811 nostros
886 1747 1047 1826 urgebat,
1068 1755 1107 1809 ut
1126 1763 1206 1809 eum
1226 1745 1262 1808 in
1287 1743 1501 1810 Societatem
1521 1744 1580 1807 ad·

351 1857 540 1933 mitterent;
564 1865 600 1919 et
621 1854 658 1917 hi
677 1871 818 1934 omnes,
838 1863 918 1934 post
940 1854 1147 1932 evulgatum
1167 1852 1349 1916 decretum
1368 1853 1577 1933 parisiense,

350 1965 437 2026 moti
452 1964 604 2026 suerunt.
621 1959 719 2026 Sicut
734 1969 768 2023 et
783 1961 926 2041 quidam
940 1961 997 2024 vir
1010 1960 1138 2040 nobilis
1153 1959 1227 2040 ejus
1242 1959 1355 2037 urbis,
1372 1956 1473 2037 cujus
1488 1975 1582 2022 uxor

349 2071 480 2134 nostris
496 2068 728 2132 confitebatur
743 2085 824 2132 cum
839 2067 1000 2149 profectu
1011 2085 1082 2130 non
1098 2066 1278 2142 mediocri,
1295 2084 1377 2130 curn
1391 2066 1580 2129 intellexis-

350 2189 403 2240 set
429 2186 571 2240 nostros
595 2175 743 2255 penuria
767 2174 935 2238 frumenti
956 2174 1119 2237 laborare
1135 2174 1220 2251 (late
1241 2173 1389 2236 enimin
1407 2172 1579 2253 Hispania

349 2286 494 2366 patebat
508 2284 576 2347 hoc
592 2301 685 2346 anno
701 2284 752 2347 rei
775 2282 1028 2346 frumentariae
1047 2281 1209 2359 caritas),
1233 2289 1358 2360 sponte
1377 2297 1442 2343 sua
1463 2289 1584 2343 motus

348 2403 413 2468 est,
430 2401 468 2456 ut
484 2393 575 2454 inter
587 2391 677 2454 alios
688 2391 823 2453 nobiles
835 2389 1060 2467 frumentum,
1073 2388 1152 2454 usui
1163 2387 1312 2466 Collegii
1322 2387 1575 2465 necessarium,

348 2499 600 2576 emendicaret;
616 2506 650 2560 et
665 2498 730 2576 ita,
753 2497 885 2560 nostris
900 2497 986 2559 nihil
1001 2496 1216 2576 petentibuS,
1238 2510 1361 2558 eorum
1375 2494 1580 2557 necessitati

348 2614 623 2689 prospexerunt.

407 2713 499 2778 2438.
542 2712 735 2777 Senserunt
765 2712 871 2775 etiam
905 2712 1017 2775 nostri
1050 2710 1360 2787 salmanticenses,
1397 2710 1576 2774 intellecto

348 2821 386 2885 P.
404 2820 545 2901 Ignatiii
560 2821 667 2898 obitu,
682 2819 819 2883 animos
831 2836 914 2881 suos
926 2817 1188 2881 ardentioribus
1200 2816 1383 2881 desideriis
1395 2815 1575 2897 profectus

344 2928 446 3007 juxta
462 2928 616 2991 Instituti
630 2927 743 2990 nostri
758 2926 944 3001 rationem,
961 2924 1184 2999 inflammari,
1201 2935 1235 2987 et
1250 2924 1487 3005 quadraginta
1507 2924 1577 2987 illis

348 3036 472 3099 diebus
487 3043 569 3098 ante
595 3034 723 3096 festum
748 3032 786 3095 B.
808 3032 939 3109 Lucae,
967 3031 1094 3111 quibus
1109 3040 1317 3095 consuetum
1336 3041 1389 3094 est
1408 3049 1429 3093 a
1450 3030 1578 3094 studiis

349 3158 490 3219 vacare,
507 3140 832 3217 exercitationibus,
849 3139 1012 3219 spiritum
1027 3156 1071 3201 ac
1085 3139 1253 3202 virtutem
1272 3138 1575 3218 promoventibus,

346 3248 439 3312 serio
461 3257 648 3311 vacarunt.

406 3354 497 3418 2439.
541 3354 738 3434 Quemdam
767 3354 874 3417 ctiam
909 3353 1147 3431 sacerdotem,
1178 3354 1237 3433 qui
1270 3354 1513 3434 philosophiae
1541 3363 1576 3417 et

346 3462 547 3541 theologiae
567 3478 694 3525 cursus
709 3462 925 3540 absolverat,
941 3461 1009 3524 hoc
1025 3470 1193 3524 autumno
1209 3461 1440 3524 admiserunt.
1458 3460 1574 3539 Alios,

345 3570 405 3651 qui
420 3570 546 3633 eodem
561 3569 737 3633 desiderio
757 3568 984 3646 tenebantur,
1007 3568 1127 3631 statim
1148 3566 1386 3631 admittendos
1404 3584 1476 3632 non
1496 3584 1573 3631 cen·

316 3746 318 3751 ,
346 3689 504 3756 suerunt;
521 3676 697 3756 angustiis
712 3675 805 3739 enim
819 3692 939 3738 rerum
954 3674 1202 3754 temporalium
1213 3675 1301 3737 satis
1311 3675 1575 3755 premebantur,

344 3785 509 3865 quamvis
524 3783 698 3864 Hispalim
713 3792 747 3846 et
763 3781 966 3847 Cordubam
981 3782 1129 3861 aliquos,
1147 3790 1185 3843 ut
1207 3781 1255 3843 ibi
1274 3782 1453 3860 docerent,
1475 3782 1575 3844 mise·

344 3902 436 3955 rant.
453 3889 605 3971 Quidam
621 3891 728 3954 etiam
743 3908 788 3953 ex
803 3889 870 3968 his,
887 3890 1001 3969 quise
1016 3889 1111 3952 domi
1127 3898 1272 3951 nostrae
1283 3888 1319 3952 in
1330 3888 1577 3968 spiritualibus

343 4006 589 4077 exercuerant,
612 3998 648 4060 in
668 3998 922 4061 monasterium
944 3995 1078 4060 ordinis
1098 3994 1156 4060 S.¹¹
1177 3995 1371 4074 Augustini
1391 3996 1578 4075 ingressus

343 4115 407 4171 est.
424 4105 527 4169 Alius
542 4106 650 4169 etiam
665 4104 843 4185 parochus
859 4104 1045 4185 cujusdam
1060 4123 1104 4168 ex
1119 4104 1189 4167 illis
1204 4102 1304 4181 lociS,
1322 4104 1358 4165 in
1373 4103 1499 4183 quibus
1515 4120 1573 4165 no-

342 4213 418 4287 stri,
444 4210 662 4275 Salmantica
681 4212 828 4289 egressi,
851 4211 975 4274 diebus
994 4205 1094 4273 sestis
1118 4209 1126 4240 ¹
1152 4210 1466 4287 concionabantur,
1493 4226 1574 4272 cum

343 4336 475 4398 magno
487 4318 660 4397 proiectu,
674 4334 719 4380 ex
731 4316 910 4380 exercitiis
921 4316 1161 4396 spiritualibus
1172 4316 1358 4396 susceptis,
1372 4316 1417 4379 ad
1426 4332 1575 4395 gregem

342 4443 445 4491 suum
457 4423 655 4489 curandum
669 4424 785 4488 rediit.
800 4423 872 4488 Alii
886 4424 995 4487 etiam
1009 4422 1214 4486 sacerdotes
1228 4423 1376 4487 multum
1390 4423 1427 4486 in
1442 4422 1576 4487 eisdem

384 4664 392 4697 ¹
421 4662 466 4707 tls.
479 4664 573 4716 reperit
585 4666 697 4715 egressi.
