3642 5350
371 444 429 504 612
833 442 962 505 Canon.
984 443 1060 504 Soc.
1081 444 1152 518 Jns.

374 592 434 673 qui
449 591 755 669 obmurmuraret3
778 589 842 653 sed
857 588 933 669 ejus
949 605 1066 653 mores
1079 588 1280 671 hujusmodi
1296 599 1414 668 erant,
1431 598 1469 653 ut
1489 597 1616 653 aucto*

373 699 463 762 ritas
477 696 665 761 accederet
678 695 848 761 Societati
863 714 910 760 ex
924 696 1001 777 eius
1015 697 1263 761 aemulatione.

432 803 525 869 2640.
568 803 623 867 De
646 804 894 868 benevolentia
920 805 1028 868 etiam
1052 803 1219 885 Episcopi
1244 820 1332 884 erga
1356 812 1499 868 nostros
1519 805 1617 868 satis

373 913 444 977 dici
459 928 531 976 non
547 920 678 991 posset,
695 912 756 993 qui
770 911 846 976 dies
859 919 1053 992 noctesque
1063 911 1193 991 vigiles
1204 910 1393 975 videbatur
1403 911 1609 990 traducere,

373 1021 457 1084 dum
473 1018 578 1084 rebus
591 1029 627 1082 et
642 1018 805 1099 personis
819 1018 874 1081 sui
889 1016 1038 1098 Collegii
1054 1015 1305 1098 prospiciebat.
1326 1017 1371 1082 Et
1386 1035 1468 1081 cum
1482 1019 1614 1098 paucis

373 1127 441 1190 illis
460 1124 729 1204 ecclesiasticis,
757 1123 800 1187 de
820 1124 948 1205 quibus
967 1124 1121 1188 diximus
1138 1123 1159 1201 ¹,
1176 1141 1307 1204 magna
1327 1125 1553 1206 simplicitate
1570 1134 1605 1189 et

374 1232 589 1312 aequalitate
604 1231 639 1294 in
655 1231 796 1310 collegii
812 1217 955 1294 modum
970 1231 1133 1310 vivebat,
1151 1233 1316 1312 quamvis
1341 1231 1420 1296 aliis
1434 1231 1614 1296 ministris

373 1339 579 1420 inpropriis
598 1338 760 1402 domibus
778 1339 981 1403 necessaria
1002 1339 1310 1418 subministrabat,
1333 1347 1369 1402 et
1388 1339 1545 1420 quotidie
1560 1339 1605 1402 ad

374 1449 503 1511 ostium
518 1463 604 1510 suae
616 1448 743 1511 domus
755 1457 896 1510 centum
909 1447 1166 1528 quinquaginta
1177 1447 1235 1510 vel
1247 1448 1418 1510 ducentos
1430 1463 1609 1528 pauperes

373 1555 526 1618 habebat
540 1567 548 1629 3
574 1562 609 1617 et
625 1552 814 1617 aedificare
829 1551 1006 1616 Dominus
1021 1555 1058 1618 in
1077 1554 1334 1635 ipsius.spiritu
1356 1555 1464 1618 multo
1481 1555 1615 1618 melius

374 1661 580 1739 videbatur,
609 1677 716 1741 quam
742 1661 818 1740 ipse
845 1661 1064 1724 materialem
1085 1660 1229 1725 domum
1248 1679 1291 1724 ac
1311 1663 1481 1742 templum
1503 1661 1613 1725 nobis-

373 1768 573 1847 aedificare;
587 1775 621 1831 et
635 1767 725 1831 haec
740 1767 810 1830 illis
820 1767 857 1830 in
867 1767 956 1830 locis
968 1778 1003 1831 et
1014 1767 1050 1830 in
1062 1785 1215 1849 persona
1227 1767 1396 1849 Episcopi
1409 1767 1610 1832 Placentini

337 1906 340 1911 ·
373 1875 601 1940 admirationi
615 1891 768 1954 magnae
784 1883 818 1937 et
831 1874 1070 1938 aedificationi
1086 1874 1249 1938 omnibus
1263 1884 1377 1938 erant.

431 1983 523 2046 2641.
566 1981 724 2045 Curabat
740 1981 798 2044 ille
811 1980 948 2045 Romae
964 1999 985 2045 a
1000 1981 1145 2045 Summo
1157 1981 1328 2046 Pontiiice
1340 1982 1499 2045 obtinere
1515 1982 1612 2046 redi*

372 2099 429 2153 tus
445 2091 583 2169 aliquos
597 2105 644 2152 ex
658 2088 865 2168 episcopatu
885 2089 1048 2168 separari
1068 2088 1114 2152 ad
1135 2088 1285 2168 Collegii
1303 2087 1541 2166 dotationem
1568 2099 1604 2152 et

372 2213 479 2276 quam
493 2195 703 2258 brevissime
717 2192 794 2257 fieri
808 2205 939 2275 posset,
958 2195 1089 2259 certior
1103 2193 1180 2258 fieri
1199 2195 1376 2276 cupiebat,
1390 2213 1473 2259 num
1488 2195 1524 2258 id
1542 2197 1611 2260 irn—

372 2312 593 2384 petraretur;
620 2318 704 2365 nam
726 2301 756 2365 si
777 2299 944 2365 Summus
968 2301 1132 2365 Pontifex
1157 2301 1193 2366 id
1217 2313 1403 2381 negasset,
1430 2302 1604 2382 quaedam

373 2410 618 2474 ecclesiastica
639 2407 810 2472 beneficia
834 2408 999 2488 habebat,
1023 2426 1114 2487 quae
1140 2410 1186 2472 ad
1207 2407 1367 2472 eamdem
1387 2410 1610 2474 dotationem

371 2517 526 2581 unienda
540 2525 712 2579 curasset.
734 2514 874 2578 Nostris
888 2515 996 2578 etiam
1016 2515 1279 2596 properandum
1305 2533 1383 2579 esse
1404 2516 1613 2592 videbatur,

371 2642 413 2689 eo
428 2623 523 2706 quod
538 2621 729 2704 aliquando
744 2621 905 2703 podagra
921 2631 957 2685 et
970 2621 1112 2703 quidem
1127 2622 1329 2702 periculosa
1342 2622 1543 2705 Episcopus
1558 2625 1611 2689 la·-

371 2733 530 2807 boraret;
548 2748 633 2794 nam
647 2730 683 2793 in
697 2730 839 2809 occiput
853 2728 981 2792 humor
997 2730 1055 2793 ille
1071 2728 1261 2810 aliquando
1277 2730 1527 2795 descendebat.

430 2836 522 2903 2642.
565 2836 710 2901 Interim
725 2835 849 2898 vineas
864 2836 1040 2916 quasdam
1062 2846 1096 2899 et
1115 2836 1309 2901 eremitorii
1329 2836 1514 2919 cujusdam
1528 2838 1612 2903 red-

371 2947 467 3011 ditus
482 2940 764 3026 [applicaverat];
782 2942 845 3006 sed
857 2944 948 3007 haec
959 2944 1155 3025 perexigua
1167 2953 1269 3007 erant
1284 2945 1328 3009 ad
1340 2946 1518 3026 integram
1529 2946 1612 3011 Col-

371 3054 456 3133 legii
471 3052 692 3117 dotationem
707 3050 893 3129 aspiranti.

432 3159 531 3222 Haec
545 3174 634 3237 ergo
648 3158 692 3220 de
707 3156 914 3255 Placentino
930 3157 1090 3237 Collegio
1106 3158 1157 3222 sic
1173 3176 1211 3222 se
1226 3158 1414 3224 habebant.

659 3583 723 3646 DE
742 3578 979 3647 COLLEGIO
995 3578 1169 3645 MONTIS
1188 3580 1318 3646 REGII

429 3904 521 3969 2643.
563 3902 722 3983 Urgente
742 3901 879 3966 Comite
900 3900 1125 3982 Montisregii
1144 3912 1183 3965 ut
1203 3902 1401 3983 Collegium
1422 3904 1456 3966 in
1473 3899 1611 3984 oppido

368 4031 455 4078 suae
468 4011 624 4089 ditionis,
637 4012 730 4075 unde
742 4010 880 4074 titulum
891 4008 946 4072 sui
959 4011 1150 4073 comitatus
1162 4009 1330 4089 habebat,
1344 4011 1381 4074 in
1394 4026 1506 4090 regno
1519 4012 1603 4076 Gal-

368 4122 465 4186 litiae
490 4120 738 4193 inchoaretur,
761 4118 856 4181 misit
875 4134 919 4181 eo
940 4116 977 4180 P.
1006 4116 1222 4181 Franciscus
1246 4116 1379 4199 Borgia
1402 4118 1611 4183 submodio

369 4228 503 4293 mensis
516 4225 637 4289 Martii
650 4224 689 4289 P.
704 4224 880 4307 Joannem
899 4224 943 4287 de
966 4223 1248 4289 Valderrabano.
1263 4225 1430 4306 >Collegio
1452 4226 1608 4291 valliso-

369 4337 489 4401 letano
498 4333 716 4415 praefueras
727 4344 762 4396 et
771 4333 837 4396 sub
847 4331 987 4395 initium
996 4330 1130 4411 Aprilis
1139 4348 1220 4395 oum
1228 4332 1327 4397 socio
1335 4350 1406 4398 non
1418 4334 1611 4398 sacerdote·

369 4442 543 4526 pervenit;
559 4451 594 4505 et
610 4441 675 4504 sub
690 4439 795 4504 finem
811 4438 946 4521 Aprilis
961 4439 1031 4503 duo
1051 4439 1111 4503 alii
1127 4439 1334 4504 sacerdotes
1349 4456 1430 4505 cum
1444 4441 1516 4505 alio
1534 4442 1608 4506 ira—

411 4683 420 4717 ¹
449 4682 543 4737 snpra,
553 4694 577 4725 n.
588 4668 650 4725 2612.
