3642 5350
324 438 379 501 806
786 433 914 499 Cuaou.
934 434 1012 499 Soc
1031 434 1103 511 Jas.

212 620 218 635 ·
326 587 424 651 vitae
437 585 577 651 ratione
591 582 819 664 destiterant,
835 601 918 649 cum
939 602 982 649 eo
1005 582 1168 666 pervenit
1182 582 1222 647 P.
1242 580 1434 647 Baithasar
1453 576 1556 656 Diua,
1575 656 1579 664 ι

328 694 387 776 qui
405 703 525 759 tamen
538 692 631 758 inter
646 692 877 773 christianos,
899 708 1105 770 saracenos,
1126 701 1160 756 et
1179 690 1332 771 gentiles
1349 687 1557 752 memoriam

327 800 366 866 Ρ.
382 800 568 867 Francisci
582 799 717 865 Xavier
732 800 769 863 in
785 816 917 881 magna
930 799 1131 865 reverentia
1146 809 1183 862 et
1196 796 1385 862 dilectione
1400 794 1557 859 habitam

326 908 475 989 invenit;
491 923 574 972 nam
588 905 664 991 ejus
685 908 887 986 benignitas
908 916 942 971 et
961 906 1120 971 charitas
1132 905 1178 970 ab
1193 904 1356 969 omnibus
1369 908 1556 984 perspecta

327 1017 379 1081 sic
395 1024 484 1095 erat,
501 1026 540 1079 ut
554 1032 625 1079 non
639 1014 742 1079 aliter
758 1012 892 1097 [quam]
903 1020 1049 1095 patrem
1061 1030 1171 1077 suum
1190 1017 1358 1077 sanctum
1371 1020 1553 1075 vocarent.

384 1121 477 1187 3452.
520 1120 624 1187 Pueri
644 1130 774 1201 autem,
791 1122 836 1185 ab
850 1138 892 1186 eo
907 1119 1036 1202 edocti,
1047 1122 1100 1187 sic
1115 1121 1231 1203 ipsum
1241 1117 1447 1199 diligebant,
1464 1124 1503 1179 ut
1518 1115 1554 1178 in

326 1230 477 1312 publicis
491 1229 560 1294 viis
574 1246 655 1293 eum
670 1228 946 1308 circumdarent,
962 1227 1030 1293 Dei
1043 1226 1167 1293 laudes
1181 1242 1304 1291 coram
1318 1225 1396 1307 ipso
1411 1232 1556 1288 cantan-

327 1338 384 1415 do,
401 1346 436 1401 et
449 1352 577 1401 manus
591 1333 667 1416 ejus
681 1337 836 1402 osculari
851 1343 886 1401 et
901 1334 1182 1401 benedictionem
1197 1334 1242 1399 ab
1257 1349 1301 1397 eo
1320 1331 1480 1407 obtinere
1499 1346 1557 1393 cu·

327 1443 474 1527 piendo;
491 1454 525 1509 et
541 1444 590 1508 ita
605 1460 684 1508 mos
698 1443 755 1508 ille
776 1444 903 1509 animis
923 1459 1046 1509 eorum
1064 1443 1179 1507 luerat
1200 1442 1408 1521 impressus,
1423 1447 1462 1504 ut
1477 1453 1557 1501 cum

328 1550 433 1615 Patre
448 1550 659 1615 Baithasare
676 1550 769 1615 idem
783 1549 955 1615 lacerent.

386 1656 479 1721 3453.
522 1655 633 1722 Simul
648 1667 755 1739 atque
771 1657 974 1722 Malacham
987 1656 1149 1739 pervenit
1165 1653 1187 1735 ¹,
1210 1653 1394 1719 constituit
1412 1650 1559 1717 domini·

329 1766 381 1830 eis
396 1782 439 1829 ac
453 1763 553 1829 iestis
568 1764 692 1829 diebus
706 1765 836 1846 populo
855 1764 1075 1841 concionari,
1095 1772 1131 1829 et
1153 1760 1328 1827 Dominus
1342 1760 1394 1825 illi
1413 1758 1559 1843 favebat

331 1872 532 1953 plurimum;
542 1880 576 1937 et
588 1889 669 1937 cum
677 1888 809 1952 magna
820 1871 1066 1937 satisfactione
1076 1880 1111 1936 et
1126 1871 1223 1935 vitae
1234 1868 1441 1947 mutatione,
1453 1881 1557 1948 quem

329 1979 485 2045 fructum
499 1989 668 2061 caperent
682 1980 873 2061 auditores,
890 1978 1134 2045 ostendebant.

389 2084 480 2151 3454.
523 2084 686 2151 Docebat
711 2084 722 2117 ¹
747 2094 865 2151 autem
890 2088 1008 2169 ipsum
1031 2084 1251 2169 experientia
1276 2085 1312 2149 in
1338 2084 1425 2163 dies,
1448 2080 1560 2163 cujus·

331 2194 425 2261 modi
441 2201 559 2259 essent
577 2195 677 2259 multi
692 2203 898 2260 contractus
914 2195 974 2277 qui
987 2195 1148 2260 Malacae
1161 2193 1312 2273 fiebant;
1328 2200 1364 2255 et
1377 2192 1427 2255 ita
1441 2190 1478 2255 in
1492 2190 1558 2254 sin·

330 2302 423 2383 gulis
443 2302 677 2371 concionibus
696 2301 831 2384 aliqua,
849 2300 966 2387 [quae]
988 2302 1085 2367 circa
1103 2299 1304 2383 huJusmodi
1323 2298 1560 2363 conscientiae

332 2426 439 2475 casus
452 2409 689 2491 pertinebant,
706 2409 924 2476 declarabat.

391 2516 483 2580 3455.
526 2515 616 2581 Cum
632 2524 750 2581 autem
765 2527 938 2599 quantum
949 2527 1042 2582 esset
1052 2517 1200 2599 periculi
1210 2518 1248 2582 in
1259 2515 1559 2597 navigationibus,

331 2641 508 2709 quamque
531 2624 688 2690 vicinam
712 2636 863 2692 mortem
885 2626 1069 2707 haberent,
1095 2625 1307 2709 quibusdam
1331 2623 1561 2692 concionibus

330 2742 424 2798 esset
438 2742 662 2816 prosecutus
679 2742 714 2797 et
729 2734 775 2797 ad
790 2734 1049 2800 confessionem
1064 2735 1360 2815 praemittendam
1374 2733 1558 2813 navigatu-

332 2858 392 2906 ros
406 2851 500 2905 esset
514 2841 695 2917 hortatus;
712 2849 812 2907 tanta
831 2842 1014 2907 hominum
1033 2841 1230 2922 multitudo,
1252 2859 1333 2908 curn
1354 2842 1391 2905 in
1413 2855 1562 2921 regnum

332 2946 499 3013 Sinarum
513 2957 548 3012 et
562 2946 648 3012 Sion
663 2958 740 3013 erat
761 2949 1023 3029 navigandum,
1040 2948 1086 3014 ad
1103 2959 1368 3014 sacramentum
1382 2947 1562 3030 poeniten·

331 3057 404 3120 tiae
418 3055 636 3136 confluebat,
653 3066 691 3121 ut
706 3055 910 3138 perdifficile
930 3065 1005 3122 tam
1022 3057 1144 3122 multis
1161 3057 1423 3138 poenitentibus
1444 3063 1563 3136 posset

334 3163 510 3229 satisfieri.

392 3269 484 3334 3456.
527 3269 738 3336 Emendatio
753 3272 873 3353 itaque
888 3273 1007 3336 multis
1021 3272 1058 3336 in
1078 3272 1183 3337 rebus
1203 3272 1431 3352 cernebatur;
1446 3269 1510 3336 sed
1528 3271 1565 3335 in

334 3394 377 3442 eo
397 3377 463 3442 fuit
481 3377 644 3459 insignis,
660 3378 755 3460 quod
774 3379 952 3459 mulieres,
972 3380 1008 3443 iu
1028 3379 1254 3445 matrimonio
1274 3377 1498 3460 conjunctae,
1520 3377 1566 3442 ad

337 3484 525 3548 eeclesiam
547 3502 591 3550 ne
611 3484 647 3548 in
668 3484 951 3566 Quadragesima
973 3487 1114 3574 quidem
1134 3487 1337 3566 veniebant,
1352 3487 1422 3552 nisi
1437 3485 1566 3551 adhoc

333 3600 471 3656 tantum
486 3599 524 3655 ut
538 3601 686 3673 peccata
702 3591 970 3672 confiterentur,
986 3611 1030 3658 ne
1045 3594 1080 3659 iu
1101 3595 1506 3660 excommunicationem
1519 3595 1564 3658 ob

334 3715 415 3762 eam
430 3700 629 3780 neglectam
644 3699 853 3778 inciderent,
874 3711 908 3764 et
930 3701 974 3764 ob
989 3702 1080 3767 alias
1099 3702 1361 3767 ecclesiasticas
1380 3715 1562 3778 censuras;

335 3815 370 3870 et
384 3807 452 3888 ipsi
468 3823 591 3872 earum
606 3807 725 3872 mariti
739 3825 783 3871 ne
799 3809 961 3872 venirent
975 3809 1012 3874 iu
1032 3825 1141 3874 causa
1160 3818 1272 3888 erant,
1289 3818 1324 3874 et
1344 3821 1383 3875 ut
1402 3811 1564 3892 exemplo

334 3913 506 3978 uxoribus
520 3914 710 3996 praeirent,
727 3914 914 3980 dominicis
928 3915 1035 3980 etiam
1056 3913 1116 3998 [et]
1131 3915 1233 3981 festis
1246 3916 1371 3982 diebus
1385 3935 1429 3982 ne
1448 3917 1563 3983 venie·

334 4021 420 4084 bant
435 4020 576 4102 quidem
591 4021 659 4102 ipsi
675 4020 720 4086 ad
735 4023 934 4102 ecclesiam,
950 4023 1013 4088 sed
1028 4023 1260 4089 recreationis
1273 4025 1391 4105 gratia
1403 4026 1450 4090 ad
1462 4024 1565 4090 varia

334 4129 411 4192 loca
422 4144 461 4192 se
469 4127 711 4193 conserebant.
723 4127 794 4192 Sed
801 4129 902 4194 brevi
910 4129 1075 4196 effectum
1083 4139 1148 4208 est,
1163 4140 1200 4196 ut
1211 4149 1300 4212 pene
1313 4147 1449 4211 omnes,
1459 4133 1567 4197 etiam

337 4235 512 4312 mulieres
523 4233 570 4298 ad
581 4235 769 4299 ecclesiam
780 4237 1064 4315 accederent,ita
1076 4245 1125 4315 ut,
1138 4255 1230 4319 quae
1241 4239 1340 4320 prius
1350 4249 1566 4320 vacuaerat,

336 4343 388 4406 sic
403 4343 620 4424 impleretur,
638 4353 675 4408 ut
691 4342 736 4407 ad
752 4343 962 4424 capiendam
976 4345 1236 4409 multitudinem
1250 4363 1365 4426 parva
1376 4347 1567 4427 videretur;

377 4548 385 4581 l
415 4547 445 4592 Ρ.
455 4547 597 4594 Baltbaaar
609 4549 684 4594 Diae.
693 4549 922 4595 Praeclarlmlmas
929 4552 963 4594 ab
971 4561 1001 4595 eo
1011 4561 1054 4594 res
1063 4550 1182 4596 Malacae
1190 4559 1280 4607 gentas
1287 4553 1395 4599 tradunt
1404 4554 1493 4609 etiam,
1500 4556 1569 4600 luter

336 4617 409 4671 allon.
422 4614 575 4672 omittatur,
585 4618 603 4664 4.
614 4631 646 4671 c„
655 4619 698 4664 lib.
709 4628 764 4676 xvi,
775 4631 800 4665 n.
811 4619 845 4674 ⁸¹3
855 4619 978 4676 Baaroat,
988 4619 1006 4664 l.
1018 4633 1049 4674 c,
1059 4622 1101 4665 llb.
1112 4631 1157 4676 vu,
1168 4633 1192 4665 n.
1203 4621 1238 4668 44.

374 4683 386 4720 ¹
413 4684 459 4732 Ma.
470 4687 608 4734 docebant.
