3642 5350
331 282 387 377 824
791 314 920 378 Canon.
940 314 1018 376 Soc.
1037 314 1107 391 Jns.

391 460 483 527 3528.
526 460 647 526 Refert
668 460 775 526 etiam
796 462 903 544 (quod
922 462 997 527 suis
1010 462 1086 544 ipse
1101 460 1251 526 Cosmus
1271 456 1397 524 litteris
1418 474 1491 522 uon
1511 468 1563 523 at·

333 568 467 649 tingit),
491 569 632 634 labores
652 586 803 649 magnos
824 586 868 633 ae
889 568 1110 635 difficultates
1127 567 1268 633 sortiter
1289 566 1334 631 ab
1352 566 1432 647 ipso
1454 564 1562 629 luisse

334 676 550 757 Amangucii
565 686 764 759 superatas,
779 694 801 740 a
815 675 939 741 bonzis
953 675 1129 757 lapidibus
1142 683 1178 739 et
1192 672 1306 757 sputis
1319 673 1514 755 appetitum
1526 680 1562 735 et

334 775 587 848 contumeliose
606 791 815 861 tractatum,
843 783 934 848 adeo
958 791 997 847 ut
1016 782 1092 847 sine
1116 798 1248 863 magno
1273 780 1431 863 periculo
1455 778 1560 844 domo

333 891 460 973 pedem
479 889 604 956 efferre
625 908 697 955 non
721 899 858 972 posset,
881 898 918 954 et
935 891 1077 972 culpam
1098 890 1209 955 occisi
1229 888 1354 969 Regis,
1374 886 1559 968 magistra·

334 1006 434 1063 tuum
449 1014 492 1063 ac
508 997 701 1062 nobilitatis
715 998 905 1079 primariae
925 998 962 1063 in
976 1013 1056 1062 eum
1072 998 1080 1029 ¹
1100 998 1205 1062 bonzi
1223 994 1445 1079 rejiciebant,
1468 990 1561 1074 quod

336 1104 544 1185 religionem
564 1104 794 1169 christianam
814 1103 1075 1186 promovendo,
1096 1103 1230 1186 negligi
1249 1103 1397 1167 deorum
1418 1116 1562 1165 suorum

336 1213 470 1277 cultum
488 1211 640 1276 fecisset.

396 1318 487 1384 3529.
529 1319 568 1384 ln
584 1336 758 1385 summam
772 1319 891 1401 itaque
905 1320 1076 1385 invidiam
1094 1319 1131 1383 P.
1149 1319 1318 1385 Cosmum
1330 1318 1562 1391 adduxerant;

336 1425 1564 1508 sedilleamanguccianamecclesiamconservarietaugeri,intersua

336 1535 562 1599 incommoda
577 1543 611 1599 et
626 1550 827 1616 aerumnas,
843 1534 1038 1600 laetissimo
1053 1536 1171 1600 animo
1186 1535 1365 1599 cernebat.
1377 1532 1423 1598 Et
1434 1531 1565 1596 fateba-

337 1650 394 1706 tur
410 1643 485 1724 ipse
500 1642 650 1708 Cosmus
664 1644 760 1707 nullo
775 1660 932 1725 unquam
946 1644 1043 1708 vitae
1056 1661 1142 1708 suae
1160 1652 1320 1725 tempore
1340 1650 1478 1706 tantum
1497 1641 1564 1722 spi·

339 1750 476 1815 ritualis
491 1749 755 1831 consolationis,
772 1768 878 1833 quam
892 1751 965 1831 illo,
981 1751 1194 1833 percepisse,
1210 1750 1300 1815 adeo
1311 1758 1350 1815 ut
1361 1750 1474 1814 aciem
1486 1765 1564 1813 ocu·

339 1858 466 1938 lorum,
483 1873 528 1921 ex
540 1858 705 1922 suavium
723 1858 966 1939 lacrymarum
984 1858 1164 1939 effusione,
1185 1874 1317 1939 magna
1335 1875 1381 1922 ex
1399 1865 1501 1939 parte
1518 1854 1566 1921 ibi

340 1961 445 2046 [eum]
459 1964 655 2045 perdidisse
670 1964 708 2029 Ρ.
723 1964 895 2030 Melchior
909 1964 1057 2047 Nugnez
1077 1966 1345 2046 existimaverit.

400 2067 492 2136 3530.
534 2072 659 2137 invisit
672 2072 788 2154 Bungi
802 2072 937 2154 Regem
956 2073 994 2139 P.
1016 2072 1189 2139 Melchior
1207 2074 1398 2156 multisque
1417 2087 1496 2136 eum
1513 2088 1566 2134 ra·

340 2179 494 2244 tionibus
509 2180 555 2244 ad
569 2179 701 2245 Christi
720 2180 929 2262 religionem
948 2182 1134 2246 traducere
1153 2190 1304 2247 conatus
1324 2191 1389 2245 est.
1412 2177 1481 2244 Sed
1499 2177 1568 2241 iru-

339 2294 425 2367 stra;
441 2286 571 2368 partim
586 2287 692 2369 quod,
708 2287 880 2369 religione
894 2296 1018 2353 nostra
1032 2299 1210 2370 suscepta,
1223 2304 1341 2353 mores
1352 2287 1421 2351 sibi
1435 2293 1568 2350 mutan·

340 2394 403 2459 dos
417 2410 496 2459 esse
511 2394 738 2477 intelligeret,
758 2398 891 2477 partim
909 2396 1003 2478 quod
1022 2397 1213 2478 populares
1230 2412 1316 2461 suos
1336 2394 1482 2459 timebat
1503 2392 1571 2457 sibi

340 2502 567 2567 adversarios
580 2502 668 2579 sore,
681 2504 711 2567 si
723 2502 854 2568 Christi
865 2504 1075 2586 religionem
1086 2503 1321 2586 profiteretur3
1334 2502 1464 2585 partim
1475 2500 1570 2583 quod

339 2610 376 2675 iu
391 2626 433 2672 ea
449 2616 546 2673 secta
562 2610 735 2676 enutritus
748 2610 876 2692 suerat,
897 2612 1129 2678 nobilioribus
1145 2610 1398 2694 japonensibus
1419 2608 1568 2673 familia-

340 2716 382 2798 ri,
400 2735 491 2800 quae
505 2719 662 2783 animum
673 2735 754 2782 cum
765 2736 915 2800 corpore
926 2719 1081 2800 interire,
1097 2721 1301 2801 nullumque
1315 2719 1479 2800 spiritum
1492 2732 1570 2782 esse

342 2826 495 2890 tenebat.

400 2931 492 2998 asel.
534 2932 728 3015 impetrare
742 2933 855 2999 nostri
869 2936 1058 3000 voluerunt
1072 2937 1117 3000 ab
1132 2953 1188 3017 eo,
1204 2944 1243 2999 ut
1257 2952 1339 2999 cum
1351 2932 1491 3013 bonzis,
1509 2932 1570 3014 qui

343 3041 577 3122 sapientiores
601 3041 833 3122 haberentur,
860 3059 984 3107 coram
1002 3043 1080 3125 ipso
1098 3051 1133 3107 et
1155 3044 1235 3108 aliis
1256 3041 1481 3124 Principibus
1500 3038 1567 3105 dis·

343 3148 480 3229 putatio
495 3165 516 3212 a
532 3149 664 3214 nostris
679 3149 721 3213 de
737 3149 909 3231 religione
929 3149 1188 3231 institueretur,
1208 3167 1292 3215 nam
1314 3148 1505 3214 falsitatem
1519 3164 1569 3212 se·

344 3264 495 3335 etatum,
511 3272 600 3337 quas
614 3256 792 3336 tenebant,
809 3266 845 3322 et
859 3258 1049 3322 veritatem
1062 3258 1281 3349 christianae
1299 3256 1381 3322 fidei
1399 3273 1438 3321 se
1453 3263 1573 3339 aperte

344 3363 648 3429 demonstraturos
666 3363 936 3445 pollicebantur.
957 3366 1123 3430 Promisit
1145 3366 1203 3429 ille
1221 3364 1364 3446 quidem
1381 3364 1571 3442 facturum

344 3472 407 3537 sed
420 3489 602 3553 nunquam
615 3471 652 3536 id
666 3472 852 3552 praestitit,
869 3474 965 3554 quod
975 3472 1079 3537 bonzi
1090 3473 1259 3538 affinitate
1270 3490 1353 3537 cum
1363 3471 1571 3554 proceribus

345 3579 447 3660 regni
467 3577 647 3659 conjuncti
665 3587 798 3660 essent,
822 3580 881 3661 qui
904 3580 1036 3644 nostris
1060 3590 1162 3644 erant
1185 3579 1291 3645 valde
1315 3580 1456 3661 infensi,
1477 3578 1571 3660 quod

345 3703 470 3750 eorum
483 3686 628 3751 fraudes
641 3695 676 3750 et
690 3687 827 3751 scelera
841 3689 971 3768 populo
988 3687 1209 3768 detegerent,
1224 3695 1259 3751 et
1278 3688 1322 3752 ab
1342 3686 1385 3751 iis
1403 3686 1573 3768 gravissi·

345 3811 423 3860 mas
438 3794 702 3874 persecutiones
717 3804 751 3858 et
765 3773 990 3859 incommoda
1005 3793 1043 3859 Ρ.
1061 3794 1293 3861 Franciscum
1308 3794 1444 3880 Xavier
1459 3802 1573 3876 pertu-

346 3902 441 3982 lisse,
464 3901 640 3984 (quamvis
658 3902 715 3966 ille
737 3919 779 3966 ea
798 3919 870 3967 non
894 3903 1080 3983 retulerit),
1104 3902 1198 3967 idem
1221 3902 1259 3966 P.
1282 3901 1454 3967 Melchior
1477 3901 1575 3966 intel·

350 4010 448 4074 lexit.

410 4116 501 4181 3532.
545 4115 630 4197 Ejus
644 4117 752 4182 etiam
767 4116 874 4181 animi
889 4118 1089 4183 libertatem
1109 4128 1144 4182 et
1164 4115 1445 4197 magnitudinem
1461 4113 1578 4198 [testa-

351 4221 421 4306 tur]
434 4224 469 4288 in
480 4223 626 4304 flagitiis
636 4222 745 4304 Regis
755 4223 971 4304 Amangucii
983 4223 1282 4305 reprehendendis
1293 4232 1328 4288 et
1340 4225 1490 4288 aliorum
1501 4240 1580 4305 pror

352 4349 474 4398 cerum
488 4331 564 4413 ejus
578 4331 691 4412 regni,
709 4329 884 4414 [quorum]
904 4331 1019 4396 minas
1041 4349 1122 4396 cum
1144 4331 1434 4413 praesentissimo
1453 4329 1579 4395 mortis

394 4573 404 4609 ¹
430 4572 477 4620 lis.
487 4573 584 4631 repetit
593 4574 635 4620 llic
646 4573 762 4631 culpam.
