3642 5350
783 436 848 495 Aa.
870 435 941 494 1556
1420 435 1478 494 609

301 585 393 649 2625.
436 583 634 648 Conciones
648 583 816 646 Doctoris
830 580 972 647 Salinae
987 580 993 614 ¹
1017 582 1054 646 in
1069 580 1373 662 Quadragesimae
1388 589 1474 645 tem·

242 711 330 775 pore
344 692 508 756 omnibus
528 691 627 754 suere
646 690 884 770 gratissimae,
902 707 1000 763 cum,
1021 697 1163 769 praeter
1186 687 1420 752 eruditionem
1440 697 1477 752 et

243 807 483 875 venustatem,
500 798 675 878 spirituali
691 797 917 860 condimento
937 804 1055 860 essent
1074 812 1272 877 respersae,
1294 803 1329 858 et
1346 796 1476 859 mirum

246 908 281 971 in
297 906 441 970 modum
456 923 497 968 ea
514 905 551 968 in
570 905 716 968 civitate
732 921 811 967 eum
826 913 861 966 et
881 903 1144 967 venerabantur
1160 911 1195 966 et
1215 903 1393 981 amabant;
1412 901 1475 966 sed

244 1014 385 1078 cumin
410 1021 623 1093 quartanam
648 1010 775 1075 febrim
800 1011 837 1073 in
862 1010 947 1074 anni
975 1026 1171 1090 progressu
1200 1009 1399 1090 incidisset,
1429 1026 1476 1073 ex

244 1120 465 1202 praescripto
492 1118 529 1183 Ρ.
555 1117 740 1182 Francisci
766 1117 919 1197 Borgiae
944 1118 1040 1180 venit
1067 1116 1103 1182 P.
1132 1117 1293 1197 Baptista
1314 1115 1477 1181 Sanchez

244 1226 394 1307 Hispali,
411 1225 470 1306 qui
480 1243 544 1306 per
554 1225 761 1289 Adventum
772 1223 916 1288 Domini
928 1224 972 1286 ad
984 1224 1166 1288 civitatem
1180 1223 1384 1287 Placentiae
1395 1242 1477 1288 con·

245 1335 367 1398 ciones
382 1332 520 1410 habuit;
541 1351 562 1395 a
582 1349 651 1413 qua
666 1333 760 1395 votis
778 1329 936 1396 omnium
958 1340 1101 1410 optatus
1123 1348 1341 1411 magnopere
1361 1331 1479 1394 iuerat

241 1439 317 1521 jam
330 1440 413 1504 inde
427 1439 474 1502 ab
488 1456 583 1502 anno
598 1439 804 1519 praeterito,
822 1455 902 1501 cum
917 1437 1093 1517 Hispalim
1112 1455 1267 1518 pergens
1283 1441 1392 1502 semel
1407 1438 1479 1518 pla·

246 1547 396 1612 centinis
412 1556 466 1611 est
482 1547 732 1624 concionatus,
757 1554 792 1609 et
807 1546 857 1608 ita
872 1562 953 1609 eum
969 1563 989 1607 a
1009 1543 1047 1609 P.
1065 1544 1259 1609 Francisco
1274 1546 1402 1609 litteris
1417 1546 1480 1608 im·

246 1662 445 1736 petrarunt.

304 1759 396 1825 2626.
440 1758 514 1824 Nec
528 1761 643 1823 solum
659 1759 823 1840 placebat
838 1759 1002 1822 omnibus
1017 1769 1052 1821 et
1067 1757 1262 1822 honorifice
1282 1759 1480 1840 accipieba-

246 1879 318 1947 tur,
332 1867 395 1932 sed
408 1883 579 1946 magnum
593 1867 727 1931 laboris
742 1865 817 1946 eius
831 1865 986 1929 fructum
1001 1875 1056 1929 est
1071 1876 1295 1930 consecutus.
1317 1865 1426 1930 Venit
1441 1876 1477 1929 et

248 1974 285 2038 P.
303 1973 518 2038 Franciscus
532 1972 666 2052 Borgia
680 1973 746 2035 sub
760 1971 867 2036 finem
878 1971 980 2052 hujus
993 1973 1076 2035 anni
1088 1971 1134 2036 ad
1146 1972 1314 2053 oppidum
1328 1971 1480 2038 Giaran-

249 2082 372 2145 dillam
390 2081 413 2159 ¹,
431 2079 533 2160 jussu
553 2080 674 2145 Caroli
692 2079 921 2159 Imperatoris
940 2079 1086 2158 accitus;
1105 2080 1197 2143 unde
1217 2097 1288 2143 non
1307 2080 1421 2161 potuit
1435 2080 1482 2142 ad

248 2189 386 2253 vicinos
401 2187 597 2251 Placentini
611 2186 760 2265 Collegii
774 2204 845 2249 non
857 2186 1035 2250 divertere
1047 2196 1085 2249 ut
1096 2205 1137 2250 ea
1150 2186 1242 2252 festa
1253 2189 1481 2268 transigeret:

248 2311 379 2376 magno
394 2295 503 2358 etiam
517 2294 647 2357 solatio
663 2294 879 2374 Episcopum
893 2303 928 2356 et
944 2293 1043 2356 cives
1059 2293 1190 2372 affecit,
1212 2303 1248 2358 et
1271 2296 1480 2360 concionem

246 2403 292 2467 de
306 2395 505 2466 Nativitate
520 2398 665 2464 Domini
678 2401 923 2480 gratissimam
938 2400 1074 2464 habuit.

306 2507 399 2572 2627.
442 2508 537 2572 Inter
552 2507 621 2570 alia
636 2507 779 2587 pietatis
794 2523 915 2587 opera,
930 2524 1020 2587 quae
1035 2505 1235 2572 Placentiae
1248 2526 1310 2588 per
1326 2509 1483 2573 ministe-

248 2616 343 2681 rium
356 2615 545 2681 Societatis
558 2622 642 2680 sunt
657 2613 832 2691 coniecta,
849 2614 989 2695 insigne
1004 2615 1088 2679 illud
1104 2614 1180 2693 fuit,
1197 2616 1303 2697 quod,
1317 2633 1398 2681 cum
1410 2616 1482 2697 pla·

247 2724 409 2788 centinus
421 2723 565 2803 quidam
578 2739 659 2786 curn
669 2720 804 2786 Satana
816 2731 922 2801 pacta
934 2722 1111 2802 quaedam
1126 2723 1300 2799 inivisset,
1314 2732 1361 2803 et,
1375 2740 1483 2804 quam

249 2831 328 2895 fieri
337 2838 489 2911 poterat.
502 2829 793 2894 indissolubiliter
803 2828 992 2907 firmassem
1005 2830 1116 2893 multa
1131 2831 1239 2894 etiam
1250 2831 1378 2907 aliena,
1392 2848 1487 2912 quae

250 2938 456 3014 abstulerat,
472 2938 570 3001 velut
584 2936 714 3017 pignus
728 2935 804 3015 ejus
819 2935 906 2999 facti
921 2936 1101 3017 retineret;
1118 2937 1159 3017 is,
1178 2938 1334 3018 inquam,
1352 2955 1433 3002 curn
1447 2938 1485 3001 in

250 3046 413 3110 morbum
432 3044 571 3122 incidit,
594 3044 816 3107 sacerdotem
836 3043 989 3123 aliquem
1010 3055 1156 3109 nostrae
1176 3042 1365 3110 Societatis
1386 3044 1433 3109 ad
1447 3062 1488 3109 se

251 3152 375 3216 vocari
387 3150 503 3231 jussit;
520 3151 580 3232 qui
595 3150 850 3230 nequissimam
865 3150 962 3215 illam
978 3152 1261 3233 conjurationem
1280 3154 1419 3217 irritam
1439 3151 1489 3217 ie·

250 3261 310 3337 cit,
327 3257 569 3323 instrumentis
583 3256 659 3337 eius
672 3258 769 3337 pacti
784 3258 820 3321 in
839 3259 960 3337 ignem
981 3258 1161 3339 conjectis;
1186 3260 1404 3342 adduxitque
1425 3260 1486 3324 ho·

250 3368 383 3432 minem
397 3376 435 3429 ut
450 3384 496 3429 ex
508 3366 612 3429 bonis
627 3365 780 3446 propriis
795 3365 915 3446 aliqua
931 3366 1149 3447 divenderet,
1167 3386 1237 3449 quo
1253 3379 1374 3451 posset
1396 3369 1491 3433 male

252 3474 373 3539 ablata
388 3474 587 3537 restituere.

310 3579 402 3644 2628.
447 3579 574 3644 Primis
589 3579 768 3643 mensibus
782 3578 888 3660 hujus
903 3581 986 3643 anni
1002 3598 1132 3645 novem
1147 3581 1354 3646 sacerdotes
1370 3590 1404 3645 et
1420 3590 1489 3645 tre·

253 3689 368 3753 decim
390 3688 451 3751 alii
469 3686 600 3751 fratres
618 3685 733 3749 nostri
752 3686 789 3749 in
815 3684 977 3767 Collegio
1002 3685 1208 3751 Placentino
1235 3688 1490 3752 versabantur:

252 3794 480 3876 postmodum
494 3794 540 3857 ad
555 3793 854 3874 vigintiquinque
870 3810 994 3857 omnes
1009 3804 1266 3874 pervenerunt,
1283 3813 1348 3859 nec
1370 3803 1491 3859 tamen

253 3920 377 3967 eorum
391 3902 579 3982 quisquam
594 3901 729 3964 otiosus
745 3916 823 3963 esse
843 3909 996 3981 poterat;
1013 3918 1107 3981 nam,
1133 3910 1275 3982 praeter
1291 3900 1494 3967 aedificium

253 4010 414 4091 Collegii,
430 4010 474 4073 de
489 4024 559 4089 quo
575 4024 695 4087 supra,
712 4016 748 4070 et
761 4007 864 4071 verbi
877 4006 945 4071 Dei
958 4026 1000 4072 ac
1013 4018 1321 4073 sacramentorum
1334 4009 1489 4073 ministe-

253 4118 345 4182 rium
369 4126 405 4181 et
430 4117 519 4180 alias
543 4124 734 4179 consuetas
759 4113 948 4179 Societatis
971 4126 1115 4180 nostrae
1135 4116 1422 4196 exercitationes
1447 4115 1496 4181 ad

254 4394 372 4439 tradunt:
383 4393 562 4439 “Domlnicani
574 4398 653 4447 atque
663 4390 861 4437 Franclscani...
871 4394 1015 4439 tumetium
1026 4396 1185 4441 sacerdotes.
1196 4426 1203 4439 .
1214 4402 1305 4451 aperto
1314 4402 1407 4451 marte,
1418 4406 1496 4451 prac-

254 4467 297 4511 llu
307 4470 398 4510 nostru
408 4464 555 4517 decertant,
565 4474 597 4507 uc
607 4473 665 4507 sese
675 4473 723 4517 pro
733 4461 806 4506 nobis
816 4462 930 4507 inuidiae
940 4464 1055 4516 (sicunde
1066 4468 1185 4515 pullulet)
1196 4473 1356 4522 opponunt..

301 4537 311 4571 ¹
338 4538 368 4583 P.
378 4536 460 4581 Murci
471 4535 584 4588 Salinas,
595 4534 627 4578 <le
637 4546 686 4589 qno
696 4534 725 4579 lit
735 4535 832 4579 mentlo
843 4536 872 4579 in
879 4535 999 4581 Litterae
1009 4535 1239 4591 Quadrimeatres,
1251 4546 1270 4583 t.
1280 4550 1316 4593 rr,
1326 4551 1384 4595 pag.
1396 4538 1445 4583 267.

302 4608 314 4641 ¹
342 4608 413 4653 allbl
422 4606 729 4656 scriblturXaranclr'lla,
740 4611 830 4660 eatque
837 4606 1008 4661 Jarandilla,
1018 4608 1090 4663 cuius
1098 4621 1190 4655 nomen
1200 4621 1279 4667 saepe
1287 4612 1398 4657 recurrit
1406 4620 1498 4667 supra.

261 4688 282 4726 t.
292 4691 320 4725 v.
330 4680 398 4725 Vide
408 4679 548 4735 praecipue
557 4678 673 4733 ejusdem
684 4679 736 4722 vol.
746 4688 808 4732 pag.
817 4678 867 4732 643,
877 4678 926 4731 bil,
937 4690 962 4723 n.
975 4680 1101 4725 14854187.

409 4768 448 4830 Τ.
463 4786 504 4826 vt.
1270 4788 1304 4845 39
