3642 5350
766 404 953 487 -msrsa
981 449 985 455 -
1021 438 1023 443 ,
1418 372 1488 486 'aa

272 618 275 626 ,
321 563 393 628 741.
435 562 503 630 liic
518 572 637 631 autem
650 579 820 631 numerus
833 562 995 629 cubicula
1014 560 1090 643 ejus
1111 559 1258 641 Collegii
1279 558 1440 642 implevit
1454 566 1490 623 et

262 672 375 737 lectos
394 672 503 737 eiiam
522 670 720 753 hospitibus
738 680 958 751 reservatos3
977 685 1044 735 nec
1062 668 1236 751 potuisset
1255 667 1326 733 nlla
1350 666 1489 731 ratione

263 788 325 844 aut
348 777 408 845 liic
425 794 594 844 numerus
611 777 794 844 hominum
818 777 1011 842 sustentari
1033 786 1093 843 aut
1113 775 1231 841 debita
1248 773 1402 855 vCollegii
1422 772 1489 838 dis·

263 885 367 964 solvi,
377 884 447 953 nisi
457 885 616 953 charitas
626 884 803 952 Dominae
813 884 949 950 Mariae
959 883 1017 949 del
1028 883 1156 949 Giesso
1168 881 1366 963 Collegium
1376 881 1490 947 suble·

263 1002 387 1059 vasset
409 1010 454 1057 ac
475 992 594 1057 debita
617 991 693 1073 ejus
716 993 899 1073 solvisset3
925 1008 1017 1074 quae
1046 993 1150 1073 plane
1178 1000 1216 1055 ut
1245 999 1396 1055 matrem
1426 976 1489 1070 [se]

264 1100 422 1166 omnium
434 1099 472 1165 in
485 1098 722 1166 sollicitudine
735 1109 774 1165 et
785 1099 961 1166 charitate
971 1115 1059 1195 erga
1075 1114 1199 1164 omnes
1214 1096 1420 1178 collegiales,
1427 1094 1491 1161 Fe·

263 1208 463 1287 marienses
476 1207 668 1273 exhibebat
688 1205 710 1274 ¹.

323 1313 396 1381 742.
437 1314 742 1396 Quemadmodum
752 1314 945 1395 Bononiae,
958 1314 1008 1379 ita
1023 1323 1057 1379 et
1069 1311 1259 1399 Ferrariae
1272 1309 1311 1377 P.
1324 1310 1492 1375 Vicarius

263 1422 420 1505 Laynez,
446 1420 566 1487 missis
587 1422 725 1492 idoneis
743 1420 916 1504 operariis
940 1439 984 1486 ac
1005 1420 1242 1499 scholasticis,
1265 1418 1490 1500 disciplinam

263 1544 441 1605 renouare
459 1529 610 1610 studuit,
633 1530 737 1595 etita
758 1544 891 1611 magna
909 1529 1027 1611 quiete
1044 1525 1276 1593 Ferrariense
1294 1524 1493 1605 Collegium

265 1644 302 1702 et
334 1646 457 1702 mutua
489 1635 681 1712 concordia
713 1635 897 1701 fruebatur
931 1647 967 1711 et
1000 1634 1046 1701 ad
1079 1635 1264 1719 spirituale
1296 1631 1494 1715 proiectum

267 1742 461 1827 aspirabat.
813 1795 817 1801 .

326 1848 399 1915 743.
437 1848 685 1933 ·Praeparabat
706 1859 826 1917 autem
844 1868 883 1915 se
905 1848 943 1915 P.
960 1850 1076 1917 Guido
1097 1860 1135 1914 ut
1155 1850 1191 1914 in
1205 1848 1359 1926 ecclesia
1371 1854 1495 1911 nostra

266 1957 658 2039 canonicasgepistolas
685 1958 930 2053 praelegeret,
945 1968 1051 2040 prout
1075 1955 1115 2021 P.
1130 1955 1340 2023 Pelletarius
1363 1954 1424 2018 diu
1447 1952 1494 2018 ie·

267 2072 368 2131 cerat
379 2073 402 2132 ⁸.
930 2048 946 2129 f

326 2170 398 2236 744.
439 2172 630 2237 Decembri
649 2190 770 2238 mense
789 2174 958 2249 sacerdos
976 2174 1120 2257 quidam
1139 2170 1313 2238 dioecesis
1335 2168 1495 2235 Brixien·

267 2281 328 2363 sis,
343 2282 486 2348 nomine
500 2280 721 2366 Organtinus
735 2282 759 2365 ⁸,
779 2285 850 2367 qui,
872 2282 992 2347 multis
1011 2282 1142 2349 auditis
1162 2281 1204 2347 de
1225 2279 1401 2347 Societate
1420 2286 1495 2342 tum

268 2387 424 2471 Brixiae,
438 2402 515 2455 tum
528 2391 623 2473 alibi,
636 2390 710 2474 jam
726 2387 900 2474 ab'Aprili
916 2408 1036 2459 mense
1050 2408 1131 2455 earn
1149 2388 1289 2471 ingredi
1307 2385 1496 2452 constitne-

267 2503 336 2576 rat,
351 2494 554 2563 Ferrariam
566 2498 682 2579 venit3
698 2498 889 2582 etquidem
904 2515 976 2565 non
990 2500 1098 2579 solus;
1114 2514 1209 2577 narn,
1232 2494 1278 2560 ad
1298 2502 1495 2559 maternam

268 2602 413 2669 domum
427 2604 585 2671 Brixiam
600 2624 639 2671 se
655 2608 852 2688 conferens,
868 2605 960 2671 duos
973 2606 1103 2673 fratres
1116 2622 1213 2686 suos,
1229 2604 1404 2690 Joannem
1424 2598 1495 2665 An·

268 2713 417 2790 tunium,
432 2715 494 2796 qui
506 2713 630 2792 decern
643 2724 679 2780 et
689 2724 782 2796 octo,
795 2724 830 2781 et
839 2717 1013 2800 Joannem
1024 2715 1232 2798 Baptistam,
1246 2712 1307 2796 qui
1317 2708 1496 2776 sexdecim

270 2820 374 2887 annis
386 2820 463 2886 nati
476 2830 589 2903 erant,
611 2821 657 2888 ad
671 2821 885 2888 Societatem
904 2823 1064 2888 eamdem
1086 2819 1354 2903 ingrediendam
1369 2816 1497 2883 adhor-

269 2935 377 3009 tatus,
392 2937 428 2993 et
441 2928 496 2993 sui
510 2929 683 3011 propositi
695 2940 730 2994 et
744 2931 882 2996 itineris
896 2931 1045 2996 comites
1058 2929 1224 3008 efficiens
1239 2927 1403 2994 anostris
1413 2925 1496 2990 Fer·

269 3035 486 3102 rariensibus
499 3036 638 3104 admitti
649 3055 687 3102 se
697 3038 959 3104 cumfratribus
969 3037 1174 3120 postulavit.
1186 3035 1328 3116 Viginti
1342 3033 1496 3116 quinque

269 3158 385 3212 anuos
398 3142 475 3225 ipse
488 3153 685 3211 natuserat
703 3153 738 3210 et
755 3145 793 3210 in
806 3145 933 3211 litteris
947 3143 1215 3212 humanioribus
1233 3137 1497 3220 versatus.JSed

270 3266 352 3317 cum
369 3259 508 3332 mature
526 3249 790 3334 procedendum
809 3251 923 3318 nostri
944 3252 1201 3330 existimarent,
1222 3267 1299 3316 non·
1313 3248 1418 3314 facile
1437 3263 1499 3312 eos

271 3357 509 3426 admittendos
527 3369 743 3424 censuerunt
760 3368 796 3424 et
815 3357 964 3426 Romam
986 3360 1139 3427 eundum
1163 3375 1242 3438 esse
1261 3357 1496 3422 insinuarunt.

271 3462 342 3536 Sed
351 3482 434 3531 cum
443 3466 560 3532 triduo
569 3466 776 3548 singillatim
787 3483 849 3533 eos
860 3477 895 3533 et
906 3467 1094 3548 diligenter
1108 3465 1371 3531 examinassent
1383 3471 1418 3528 et
1429 3462 1499 3527 sin·

273 3589 376 3640 ceros
390 3589 433 3638 ac
448 3573 594 3640 idoneos
609 3575 838 3657 invenissent,
856 3585 894 3642 ut
907 3575 1067 3657 hospites
1080 3573 1268 3639 Ferrariae
1278 3589 1340 3637 eos
1351 3571 1499 3639 admise-
1603 3603 1605 3608 ·

272 3689 367 3761 runt,
393 3680 507 3747 donec
521 3679 559 3745 P.
575 3681 761 3748 Vicarium
779 3683 1013 3748 consulerent.
1036 3681 1117 3748 Fuit
1138 3691 1257 3746 autem
1277 3678 1498 3745 commenda·

273 3787 369 3854 done
384 3787 494 3870 digna
508 3788 667 3872 ipsorum
685 3799 811 3871 mater,
826 3788 947 3870 vidua,
964 3789 1021 3855 cui
1037 3806 1118 3855 cum
1137 3789 1253 3854 nullus
1267 3786 1359 3868 iilius
1379 3803 1499 3870 super·

314 3955 324 3992 Ι
351 3956 420 4004 Vide
427 3958 525 4004 &rtur
533 3960 567 4005 de
577 3959 633 4004 san
643 3959 761 4016 lenacia,
770 3968 790 4005 t.
799 3971 835 4016 rr,
845 3972 905 4017 pag.
916 3959 945 4005 32
953 3966 1041 4017 etseq.
1051 3971 1110 4006 cum
1117 3959 1171 4006 sule
1178 3963 1277 4014 anneta
1284 3958 1388 4015 pez-lib,
1395 3955 1500 4013 idom.

272 4034 299 4075 et
308 4040 388 4096 caepe
398 4030 473 4077 aiiea
484 4030 523 4077 De
534 4033 655 4078 erretlen
664 4032 784 4089 frequens
794 4038 834 4077 est
847 4044 934 4078 sermo
948 4035 974 4080 ln
989 4032 1125 4084 Chronico,
1138 4038 1156 4077 t.
1170 4043 1207 4086 ιιι,
1221 4043 1282 4088 pag.
1293 4031 1340 4085 tas,
1354 4029 1402 4086 1⁴0,
1415 4041 1440 4075 n.
1450 4029 1499 4085 aab,

271 4101 322 4156 tat.
333 4109 354 4147 t.
363 4113 400 4156 tv,
409 4112 470 4159 m.
481 4103 517 4158 bii,
526 4103 562 4158 bi,
572 4114 598 4150 n.
607 4103 671 4149 96oe
679 4113 707 4149 et
716 4105 779 4150 ailbi
788 4105 894 4161 passim,
906 4105 949 4150 ubi
960 4106 992 4151 de
1007 4104 1084 4150 rebus
1095 4103 1204 4158 Collegit
1213 4101 1389 4150 Ferrarleneit
1403 4103 1500 4158 agitur.

313 4172 325 4208 ¹
351 4173 420 4219 Vide
429 4185 519 4230 capre,
527 4186 589 4232 pag.
600 4175 648 4231 t9t,
658 4187 683 4221 n.
692 4177 743 4222 ⁶99.

312 4245 329 4283 ὃ
351 4245 420 4292 “Eue
430 4244 650 4304 emoreretur
665 4247 787 4294 cenocldo
801 4258 834 4294 err
848 4250 872 4295 ei
886 4249 989 4302 mundo,
1002 4259 1059 4307 yet
1072 4249 1211 4294 eelebrado
1221 4259 1253 4294 en
1263 4249 1304 4295 lae
1317 4247 1441 4294 blrtorlae
1451 4255 1501 4303 por

272 4319 518 4381 eoieeetenaombrm
527 4330 560 4365 ee
573 4321 600 4365 le
609 4319 698 4379 demta
712 4320 766 4378 bey
780 4320 858 4376 duda,
872 4333 979 4377 perque,
992 4333 1074 4377 regan
1088 4321 1193 4367 Nitalis
1206 4321 1365 4377 Trigaulcle,
1378 4331 1407 4365 ee
1420 4319 1500 4366 ilamd

273 4389 358 4446 Saltim
367 4400 450 4445 regen
459 4388 600 4438 Francisce
612 4391 732 4444 Sacbino.
739 4391 835 4447 Gneco;
845 4403 908 4449 pero
918 4395 942 4438 el
953 4403 1001 4450 per
1010 4403 1039 4436 su
1049 4393 1138 4449 patria
1145 4404 1172 4437 ee
1180 4393 1295 4438 iiamaba
1302 4393 1414 4450 nigunae
1421 4401 1499 4436 vecte

272 4461 408 4524 Maleam
415 4473 464 4518 por
471 4461 555 4526 haber
563 4464 655 4510 accido
665 4475 697 4509 ea
708 4464 799 4524 Brenn,
810 4465 904 4510 cludad
914 4465 944 4510 de
955 4464 1057 4520 ieelim,
1066 4465 1245 4519 litteraturae,
1262 4463 1381 4510 Varum
1388 4465 1501 4511 iusim

273 4534 308 4578 de
316 4533 345 4578 la
355 4533 502 4590 (emptitia
510 4536 544 4580 rie
550 4535 642 4592 Jerue,
649 4536 712 4581 edit.
720 4530 806 4592 enthss
811 4535 980 4592 Matritensis,
987 4543 1006 4582 t.
1014 4548 1051 4592 rr,
1059 4548 1119 4594 pag.
1127 4536 1176 4593 iiie
1184 4538 1337 4584 recentioris
1346 4536 1500 4598 Bilbatrule,

273 4611 294 4651 t.
304 4606 514 4724 epm-lu
524 4607 604 4664 lprtue
613 4617 702 4655 autem
712 4609 839 4666 epistolia,
849 4619 914 4666 quaa
924 4609 1100 4670 noerldtnrr,
1116 4609 1273 4670 nubserlptie
1289 4610 1386 4669 legiter
1401 4610 1503 4658 Onera·

274 4687 346 4725 m
1192 4713 1194 4720 ,
