3642 5350
30 4689 32 4698 l

748 467 813 527 An.
834 463 904 527 1556
1244 498 1248 505 ·
1388 458 1441 524 129

215 626 309 679 statu
328 614 518 680 deterritae
540 615 586 678 ad
608 616 794 680 honestam
821 615 916 678 vitae
936 614 1110 678 rationem
1129 611 1319 676 ineundam
1341 610 1441 691 juva·

215 732 347 788 rentur.

273 829 344 894 470.
388 830 678 896 commendanda
692 832 757 896 luit
777 832 884 895 etiam
900 829 1084 911 cujusdam
1098 830 1258 910 primarii
1277 830 1346 893 viri
1360 847 1441 893 con·

216 940 344 1017 versio,
362 939 421 1019 qui
446 957 527 1003 cum
552 956 680 1002 novem
705 956 818 1002 annos
840 938 1074 1002 concubinam
1098 938 1236 1018 publice
1258 936 1439 1016 tenuisset,

214 1045 295 1108 licet
310 1045 456 1109 divitem
471 1063 514 1108 ac
528 1046 680 1109 nobilem
696 1061 843 1109 uxorem
859 1045 989 1109 habere
1004 1052 1134 1125 posset,
1160 1044 1303 1108 hortatu
1322 1052 1442 1108 tamen
1485 1057 1487 1060 ·

214 1148 397 1231 eujusdam
411 1169 456 1215 ex
471 1150 603 1215 nostris
617 1152 714 1215 illam
727 1152 794 1215 sibi
809 1152 1007 1232 despondit,
1031 1160 1065 1215 et
1086 1150 1252 1231 quamvis
1271 1148 1345 1231 ejus
1361 1168 1442 1214 con·

213 1258 399 1337 sanguinei
414 1260 560 1322 moleste
576 1258 610 1321 id
626 1256 772 1336 ferrent,
788 1258 862 1338 ipse
877 1268 997 1322 tamen
1017 1259 1052 1321 in
1074 1258 1149 1321 dies
1169 1258 1297 1321 laetior
1312 1267 1443 1321 octavo

214 1383 354 1447 quoque
369 1366 424 1429 die
440 1366 600 1431 confiteri
615 1378 649 1431 et
664 1367 927 1431 communicare
943 1366 1037 1447 apud
1051 1377 1194 1430 nostros
1209 1365 1337 1447 coepit.

272 1474 344 1537 471.
388 1473 566 1538 Coenobia
582 1476 787 1538 monialium
799 1476 867 1537 hac
878 1482 1015 1537 aestate
1030 1474 1141 1538 nostri
1154 1474 1289 1538 crebris
1304 1476 1443 1539 concio·

215 1581 318 1645 nibus
332 1590 414 1644 sunt
429 1582 614 1645 consolati.
632 1581 726 1645 Inter
746 1582 843 1663 ipsas
863 1581 1050 1661 religiosas
1070 1582 1220 1662 aliquae,
1238 1599 1329 1661 quae
1345 1582 1443 1663 prius

215 1698 337 1753 mutuo
359 1687 623 1767 dissentiebant,
645 1690 798 1753 invicem
819 1690 1072 1754 reconciliatae
1094 1698 1188 1752 sunt.
1213 1689 1328 1769 Aliae,
1353 1708 1444 1771 quae

216 1805 341 1860 contra
356 1796 506 1860 instituti
519 1798 693 1861 rationem
704 1816 749 1860 ex
760 1796 904 1877 proprio
919 1797 1100 1875 vivebant,
1114 1796 1151 1859 in
1162 1814 1239 1861 com
1245 1815 1348 1861 mune
1359 1795 1454 1861 illud.

216 1902 450 1983 conserentes,
467 1912 505 1969 ut
517 1922 582 1985 par
598 1914 685 1983 erat,
703 1921 926 1968 communem
940 1904 1053 1968 vitam
1066 1920 1175 1984 agere
1197 1913 1402 1985 coeperunt.

276 2011 348 2075 472.
392 2012 482 2075 Cum
497 2013 603 2076 etiam
619 2012 655 2075 in
673 2012 904 2075 xenodochiis
925 2029 1056 2092 magna
1075 2012 1336 2091 aegrotantium
1356 2030 1444 2075 mes·

217 2120 267 2184 sis
288 2127 392 2195 esset,
419 2110 542 2183 eorum
567 2120 803 2183 consolationi
827 2120 940 2183 nostri
961 2119 1150 2199 vacabant;
1173 2136 1239 2182 nec
1263 2120 1378 2183 solum
1399 2119 1445 2182 ad

216 2228 424 2309 patientiam
445 2244 506 2290 eos
527 2227 772 2306 hortabantur,
795 2226 858 2291 sed
877 2227 984 2291 etiam
1009 2244 1099 2308 quae
1119 2226 1164 2289 ad
1186 2229 1348 2306 corporis
1366 2227 1443 2290 sub·

216 2335 420 2399 ventionem
443 2335 646 2399 necessaria
665 2344 778 2413 erant,
795 2352 859 2415 pro
880 2334 974 2398 virili
994 2334 1178 2399 curabant.
1195 2334 1241 2398 Et
1262 2342 1446 2415 tantopere

217 2460 341 2507 eorum
356 2443 493 2506 animos
510 2443 576 2506 sibi
591 2442 703 2506 nostri
715 2442 960 2522 conciliarunt,
978 2451 1017 2505 ut
1032 2442 1278 2522 cumprimum
1294 2442 1445 2522 aliquem

216 2550 260 2615 de
275 2548 451 2615 Societate
467 2551 678 2630 aspicerent,
699 2567 785 2631 prae
804 2549 936 2630 gaudio
957 2550 1078 2614 miseri
1096 2548 1145 2612 illi
1165 2548 1327 2613 homines
1341 2549 1446 2629 gesti·

218 2667 306 2723 rent.
323 2658 370 2722 Hi
386 2677 406 2722 a
421 2657 538 2736 sociiS,
556 2657 607 2721 illi
621 2676 642 2721 a
657 2656 966 2738 commilitonibus
983 2675 1063 2722 cum
1083 2656 1209 2738 quibus
1225 2664 1377 2722 aetatem
1399 2665 1448 2720 to·

218 2776 292 2830 tam
307 2774 511 2847 exegerant,
527 2783 566 2828 se
581 2766 753 2844 desertos
777 2784 798 2829 a
818 2765 961 2844 nostris,
985 2766 1111 2846 quibus
1131 2776 1249 2829 essent
1267 2766 1392 2846 ignoti,
1409 2783 1448 2830 se

219 2873 398 2937 sublevari
412 2873 644 2936 mirabantur.

279 2979 350 3043 473.
394 2979 462 3060 Qui
483 2981 592 3044 etiam
618 2980 654 3044 in
675 2980 835 3044 custodia
859 2981 1000 3061 publica
1026 2981 1247 3061 tenebantur,
1274 2983 1448 3046 charitate

219 3097 423 3152 nostrorum
443 3105 515 3151 non
537 3105 662 3168 parum
682 3085 793 3167 adjuti
808 3097 901 3152 sunt.
919 3087 1048 3152 Paucis
1070 3089 1261 3153 admodum
1278 3090 1447 3170 exceptiS,

218 3212 342 3258 omnes
373 3195 419 3258 ad
447 3195 706 3259 confessionem
731 3203 766 3257 et
789 3193 1038 3259 Eucharistiae
1063 3194 1160 3261 Sam
1186 3207 1449 3260 sacramentum

218 3301 364 3366 adducti
386 3312 479 3366 sunt.
503 3301 656 3381 Quidam
681 3302 789 3367 etiam
811 3319 945 3381 eorum,
974 3303 1035 3383 qui
1058 3304 1263 3384 propediem
1289 3316 1449 3368 extremo

218 3409 393 3490 supplicio
417 3409 590 3473 afficiendi
613 3419 726 3490 erant,
749 3420 952 3474 nostrorum
972 3411 1137 3490 precibus
1156 3421 1306 3476 mortem
1328 3430 1452 3476 evase·

219 3526 314 3598 runt,
334 3527 369 3581 et
387 3526 488 3582 tanto
511 3515 679 3581 beneficio
695 3525 854 3598 accepto,
871 3516 1110 3581 deditissimos
1129 3536 1168 3582 se
1188 3519 1320 3582 nostris
1335 3529 1449 3584 osten·

222 3627 363 3692 debant.

281 3733 354 3798 474.
396 3733 511 3814 Virgo
532 3734 706 3815 quaedam
727 3733 866 3813 nobiliS,
889 3733 1001 3798 inscio
1023 3733 1177 3815 quodam
1197 3753 1242 3798 ex
1265 3736 1451 3817 tutoribuS,

223 3843 283 3924 qui
302 3843 476 3922 sanguine
493 3840 636 3921 junctus
656 3842 795 3920 eierat,
818 3841 958 3905 cuidam
972 3859 1149 3922 generoso
1161 3841 1284 3923 iuveni
1304 3843 1452 3925 despon-

223 3961 301 4014 sata
319 3950 394 4030 suit;
412 3949 474 4013 sed
489 3957 584 4013 tutor
599 3949 668 4025 ille,
687 3959 811 4012 contra
826 3947 927 4028 cujus
942 3950 1152 4014 sententiam
1167 3951 1203 4014 id
1217 3950 1350 4015 factum
1363 3962 1452 4032 erat,

223 4058 453 4138 pertinaciter
468 4075 506 4120 se
523 4073 735 4121 consensum
750 4056 916 4119 daturum
931 4056 1098 4135 negabat:
1112 4074 1157 4121 ex
1172 4076 1243 4140 quo
1256 4076 1366 4140 prope
1377 4070 1453 4124 erat

222 4175 260 4230 ut
276 4183 446 4246 magnum
460 4165 719 4229 discordiarum
737 4163 939 4228 incendium
954 4165 1045 4229 inter
1066 4167 1335 4231 honestissimas
1358 4168 1455 4233 lami·

224 4273 290 4336 lias
305 4273 534 4336 excitaretur.
554 4271 625 4336 Sed
646 4289 735 4337 unus
755 4289 800 4334 ex
822 4273 955 4336 nostris
969 4281 1125 4337 tutorem
1138 4275 1359 4353 praedictum
1374 4294 1456 4340 con·

222 4380 332 4460 venit,
349 4389 385 4444 et
399 4381 480 4443 licet
501 4381 765 4444 tenacissimum
788 4397 873 4443 suae
896 4380 1092 4444 sententiae
1112 4381 1330 4462 offendisset,
1347 4385 1392 4447 ab
1415 4402 1457 4448 eo

222 4497 343 4552 tamen
367 4487 466 4569 prius
490 4505 562 4552 non
587 4487 750 4552 discessit
776 4505 883 4568 quam
909 4487 968 4552 ille
994 4506 1205 4554 consensum
1231 4491 1458 4556 matrimonio

223 4597 421 4677 praeberet,
444 4605 479 4660 et
500 4595 640 4676 quidem
660 4613 741 4659 cum
766 4613 837 4660 non
864 4595 993 4660 minori
1012 4595 1170 4676 ejusdem
1191 4599 1326 4663 laetitia
1350 4618 1456 4681 quam

227 4704 378 4768 aliorum
392 4703 647 4768 satisfactione.

374 4821 412 4878 T.
436 4839 474 4878 vl.
1247 4845 1265 4901 9
