3642 5350
347 366 385 424 58
809 364 938 426 Cuaoa.
958 365 1035 426 Soc.
1056 371 1127 440 Jns.

348 513 504 591 cionari,
531 523 565 576 et
589 522 671 594 post
695 512 882 593 prandium
904 512 1098 594 Epistoiam
1124 512 1171 576 ad
1193 513 1375 578 Romanos
1399 515 1583 594 explicare

347 619 477 700 coepit,
495 622 551 684 cui
567 637 707 699 semper
723 620 846 684 aderat
865 620 1062 700 Episcopus
1079 618 1087 650 ¹
1103 620 1225 700 etalii,
1246 621 1409 701 quamvis
1430 639 1581 687 numero

347 745 420 792 non
440 726 557 806 multi;
579 736 698 790 tamen
720 743 852 806 magna
873 744 955 791 cum
976 726 1217 792 satisfactione
1240 741 1275 791 et
1297 729 1470 809 applausu
1495 747 1576 792 eum

347 833 550 899 audiebant.
576 833 621 896 Et
645 834 680 897 in
707 835 855 898 lectione
880 834 1102 915 potissimum
1125 834 1205 915 pius
1228 833 1329 897 labor
1349 832 1426 913 ejus
1450 845 1579 916 gratus

347 949 436 1018 erat,
454 958 523 1022 quo
539 940 644 1004 etiam
660 939 887 1006 Gubernator
901 941 1000 1006 urbis
1012 938 1024 971 '
1037 941 1107 1006 srui
1122 940 1275 1021 solebat,
1290 952 1325 1004 et
1344 941 1507 1022 quamvis
1527 943 1575 1006 ie·

347 1047 484 1110 bricuia
499 1047 676 1112 interdurn
690 1048 877 1127 laboraret,
894 1048 995 1112 verbi
1010 1046 1078 1112 Dei
1090 1048 1392 1128 praedicationem
1403 1066 1446 1112 ae
1459 1050 1576 1113 iectio-

346 1172 429 1218 uem
443 1172 514 1221 non
529 1155 723 1219 omittebat.

408 1259 475 1326 172.
518 1261 776 1326 inducebantur
789 1262 987 1344 Tyburtini,
999 1263 1082 1327 licet
1093 1263 1274 1344 paulatim,
1284 1263 1329 1326 ad
1342 1263 1579 1328 confessionis

345 1377 381 1430 et
406 1369 666 1434 communionis
687 1369 1022 1451 frequentationem;
1045 1388 1110 1434 nec
1132 1371 1260 1434 mirum
1283 1381 1336 1434 est
1357 1369 1451 1450 quod
1473 1370 1574 1434 multi

344 1492 417 1538 non
433 1474 563 1540 luerint
578 1477 646 1540 hoc
663 1494 768 1556 anno,
786 1493 866 1540 cum
881 1477 1165 1542 contradictores
1179 1487 1297 1542 essent
1311 1494 1382 1539 non
1397 1477 1514 1557 pauci;
1530 1494 1575 1540 ac

343 1599 389 1644 ex
404 1583 456 1648 eis
470 1582 614 1664 quidam
629 1583 796 1662 religiosi,
818 1603 888 1648 non
909 1593 1028 1648 tamen
1050 1584 1189 1665 publice
1209 1585 1271 1648 sed
1291 1595 1439 1662 secreto,
1463 1584 1572 1648 homi·

346 1706 411 1754 nes
427 1689 471 1752 ab
486 1708 528 1754 ea
549 1690 726 1757 divertere
746 1692 959 1755 nitebantur.
981 1691 1168 1770 Tringiuta
1188 1691 1262 1756 iere
1284 1701 1413 1754 octavo
1434 1708 1577 1771 quoque

344 1796 421 1874 die,
452 1799 563 1860 muito
592 1799 712 1877 piures
741 1798 819 1860 aliis
848 1798 949 1862 iestis
976 1798 1116 1876 diebus,
1147 1797 1193 1861 ad
1220 1807 1444 1861 sacramenta
1473 1814 1573 1860 acce·

341 1903 482 1968 debant.
1461 1979 1465 1986 ,

405 2010 473 2074 173.
516 2011 702 2078 Tumultus
717 2013 864 2079 bellicus
878 2013 985 2077 etiam
1001 2012 1151 2093 alicujus
1165 2012 1435 2077 intermissionis
1450 2011 1486 2074 in
1501 2011 1571 2074 hoc

341 2118 538 2182 ministerio
553 2137 663 2184 causa
678 2121 755 2199 fuit,
771 2139 842 2184 non
858 2121 953 2201 quod
968 2131 1171 2184 nostrorum
1187 2136 1295 2199 opera
1310 2119 1398 2199 ipsis
1416 2119 1571 2195 deesset,

303 2217 308 2230 '
343 2224 405 2288 scd
420 2225 515 2304 quod
534 2227 695 2291 homines
717 2228 914 2308 perturbati
933 2245 998 2292 nec
1017 2226 1063 2290 ad
1081 2227 1250 2290 lectiones
1272 2225 1488 2288 christianae
1510 2225 1567 2288 do·

340 2332 477 2394 ctrinae
493 2350 559 2396 nec
575 2333 620 2396 ad
635 2343 859 2398 sacramenta
874 2333 1129 2414 frequentanda
1144 2350 1211 2414 pro
1224 2348 1334 2410 more,
1352 2341 1389 2394 ut
1403 2329 1452 2410 fit,
1469 2349 1571 2395 acce·

338 2437 472 2502 derent.

398 2543 466 2610 174.
510 2545 600 2610 Cum
614 2547 838 2612 xenodochia
852 2549 1027 2612 invisebat
1044 2547 1080 2612 P.
1097 2550 1321 2625 Laurentius
1338 2549 1369 2611 si
1388 2563 1494 2628 quem
1513 2547 1563 2609 in·

335 2651 492 2719 venisset
507 2654 566 2734 qui
581 2653 764 2719 confessus
779 2673 849 2719 non
865 2665 969 2733 esset,
986 2656 1031 2720 ad
1047 2655 1306 2719 confessionem
1325 2673 1405 2719 eum
1424 2653 1568 2718 induce·

334 2757 395 2821 bat
404 2772 412 2835 ;
430 2760 492 2823 sed
508 2762 648 2827 cuidam
663 2780 749 2842 prae
764 2763 915 2827 caeteris
929 2765 996 2827 boe
1011 2764 1153 2843 pietatis
1172 2762 1323 2826 officium
1345 2761 1566 2826 salutiferum

334 2864 410 2929 suit.
434 2865 521 2931 Erat
543 2869 636 2932 enim
658 2869 800 2949 quidam
822 2872 858 2935 in
882 2870 1106 2935 xenodochio
1130 2869 1190 2935 S.¹¹
1212 2870 1361 2951 Joannis
1382 2878 1563 2949 aegrotus,

332 2990 439 3053 quem
454 2974 563 3056 aliqui
577 2976 777 3040 referebant
791 2977 999 3055 religionem
1014 2993 1198 3055 egressum
1212 2994 1291 3040 esse
1305 2987 1340 3040 et
1352 2986 1455 3038 extra
1468 2976 1565 3039 iiiam

333 3081 466 3144 multos
481 3098 594 3145 annos
608 3083 755 3147 nimium
771 3084 918 3147 liberam
929 3084 1041 3147 uitam
1056 3084 1121 3146 sub
1137 3083 1260 3147 habitu
1280 3083 1425 3146 militari
1447 3082 1564 3147 duxis-

332 3203 382 3265 se,
400 3205 465 3251 nec
481 3190 588 3253 ullum
603 3191 785 3269 religionis
801 3191 992 3270 vestigium
1003 3208 1090 3271 prae
1101 3208 1139 3253 se
1149 3190 1297 3267 serebat;
1310 3199 1345 3253 et
1360 3208 1452 3268 cum,
1471 3206 1564 3251 mor·

332 3292 376 3354 bo
399 3294 683 3371 ingravescente,
714 3297 760 3360 ad
786 3296 1044 3360 consessionem
1073 3297 1182 3377 aliqui
1209 3296 1494 3375 adhortarentur,
1527 3296 1565 3358 id

330 3397 449 3463 iacere
464 3412 703 3465 recusaverat.
721 3402 868 3466 Accitus
883 3404 1026 3467 tandem
1040 3404 1123 3466 illuc
1137 3411 1192 3466 est
1207 3402 1243 3466 P.
1261 3404 1486 3481 LaurentiuS,
1504 3402 1564 3465 cui

331 3505 562 3571 libentissime
577 3508 665 3573 dixit
690 3526 729 3571 se
751 3512 841 3573 veile
865 3509 1037 3589 confiteri;
1060 3510 1198 3573 monuit
1223 3518 1342 3573 autem
1364 3526 1443 3572 eum
1463 3526 1507 3571 ne
1526 3507 1563 3570 id

331 3612 488 3677 differret
504 3615 598 3693 (nant
613 3616 736 3680 mortis
749 3618 945 3697 periculum
970 3618 1039 3698 ipsi
1059 3618 1243 3681 imminere
1264 3617 1450 3693 audierat),
1467 3616 1563 3696 quod

331 3720 543 3800 simulatque
566 3722 659 3801 fecit,
686 3733 721 3786 et
746 3724 792 3787 ad
812 3740 914 3787 suam
938 3725 1146 3805 religionem
1179 3741 1217 3788 se
1247 3724 1454 3802 rediturum,
1481 3739 1563 3785 cum

330 3918 542 3927 -—-—-———

328 4040 414 4078 mento
424 4035 450 4079 di
465 4046 511 4079 sua
522 4047 641 4091 persona,
651 4036 684 4079 V.
696 4037 726 4079 R.
739 4038 839 4081 havera
853 4048 918 4082 cura
928 4070 940 4089 „
954 4036 996 4080 Ex
1010 4049 1075 4081 com.
1088 4039 1114 4081 ai
1129 4037 1244 4091 Rettore,
1260 4038 1354 4091 TivoIi,
1369 4037 1451 4082 Rorna
1468 4038 1493 4081 16
1502 4036 1564 4081 Gin-

327 4106 389 4158 gnio
406 4107 465 4150 1556.
480 4107 536 4151 Non
551 4114 638 4152 tamen
653 4110 717 4153 adeo
728 4109 827 4153 viribus
843 4115 902 4153 erat
913 4109 1014 4161 debilia,
1024 4115 1053 4153 ut
1063 4111 1211 4153 concionari
1221 4110 1360 4164 aliquando
1376 4121 1425 4153 nou
1436 4117 1561 4165 posset.-

328 4176 388 4231 Sed,
399 4184 426 4222 ut
437 4180 549 4231 videtur,
561 4181 662 4225 modurn
673 4180 793 4235 excessiu
805 4190 864 4225 nam
875 4180 902 4224 ts
912 4180 979 4233 Junii
989 4182 1013 4225 ei
1023 4181 1153 4227 Poiancuo
1163 4193 1196 4226 ex
1211 4193 1276 4225 com.
1292 4182 1432 4225 scribebat:
1443 4182 1560 4234 “Quanto

327 4250 380 4292 ala
390 4250 465 4293 talud
475 4253 604 4305 corporei,
615 4264 678 4307 pnes
694 4263 741 4307 por
755 4254 807 4298 eila
820 4264 849 4297 es
863 4254 915 4309 ydo
924 4257 941 4297 a
951 4253 1046 4306 Tlvoii,
1056 4266 1085 4297 en
1094 4254 1153 4298 bien
1162 4255 1327 4307 procuratio.
1338 4253 1362 4297 Y
1372 4254 1394 4296 si
1406 4255 1430 4297 ei
1441 4254 1562 4308 predicar

327 4322 406 4364 dieer
421 4324 447 4365 ia
461 4324 575 4375 estorba‚
586 4335 619 4368 no
632 4336 660 4369 ae
670 4325 739 4378 haga
753 4336 799 4379 por
810 4335 881 4380 aura,
896 4326 975 4369 buta
984 4337 1032 4379 que
1042 4324 1074 4368 V.
1086 4326 1117 4369 R.
1131 4326 1156 4370 io
1166 4326 1252 4380 puetis
1262 4326 1341 4369 bazer
1352 4336 1438 4369 consu
1450 4327 1562 4370 comodi-

327 4393 385 4439 riad.
397 4393 422 4437 Y
431 4404 462 4437 en
473 4396 498 4437 io
508 4395 597 4439 demas
608 4402 685 4451 tanga
695 4398 813 4452 tuydado
823 4398 855 4441 de
865 4408 897 4441 no
907 4408 936 4441 se
946 4397 1027 4442 denar
1037 4397 1142 4451 saltora„

367 4466 376 4499 ¹
407 4464 520 4519 Scilicet,
532 4466 699 4523 Tyburtinus.
708 4468 819 4521 ioannes
829 4471 950 4515 Andreas
960 4469 1051 4514 Croce.
1062 4469 1130 4514 Vide
1140 4482 1227 4525 supra,
1242 4479 1262 4515 t.
1272 4482 1299 4523 v,
1315 4482 1375 4527 pag.
1385 4472 1421 4525 55,
1437 4483 1461 4515 n.
1476 4471 1522 4524 ll3;
1533 4479 1558 4515 et

326 4536 448 4583 Litterae
458 4537 687 4591 Quadrimesires,
697 4547 715 4586 t.
727 4552 764 4597 tv,
775 4554 835 4597 pag.
846 4542 1016 4596 tormenta,
1028 4548 1054 4585 et
1063 4542 1181 4597 popm.

367 4608 379 4641 ⁸
406 4608 472 4652 vide
483 4609 603 4655 Litterae
613 4610 845 4666 Quadvtmestres,
855 4622 873 4659 t.
884 4626 920 4667 tv,
929 4626 989 4669 pag.
1001 4614 1048 4665 lot.
1059 4620 1147 4660 annot.
1157 4615 1178 4658 b
