3642 5350
807 369 871 430 Art.
894 369 964 430 1556
1449 371 1498 430 661

268 510 341 591 jam
351 529 391 576 se
401 525 588 577 excusaret
600 532 621 576 a
633 513 817 594 praedicta
828 515 1065 596 expeditione,
1076 525 1110 580 et
1118 523 1243 580 coacta
1255 514 1320 578 fuit
1330 514 1497 596 Princeps

271 620 410 703 Joanna
424 620 539 685 denuo
554 639 630 686 rem
644 621 895 686 commendare
906 621 1199 704 Archiepiscopo,
1212 630 1247 686 et
1258 619 1368 702 iudici
1383 622 1497 688 mode-

273 726 447 792 rationem
462 727 657 810 injungere.
1544 795 1545 800 ,

331 833 422 899 2842.
466 834 551 901 Post
575 853 708 916 paucos
732 855 873 902 menses
893 835 932 900 P.
954 837 1073 902 Araoz
1092 838 1259 902 censebat
1277 837 1384 902 aliam
1402 838 1498 902 viam

274 943 492 1023 asperiorem
507 946 618 1008 teneri
633 961 750 1026 posse;
766 953 801 1008 et
813 944 978 1026 quamvis
998 961 1064 1025 pro
1083 963 1122 1008 se
1141 953 1310 1008 evocaret
1330 943 1498 1010 Protono·

273 1051 384 1115 tarius
399 1068 643 1133 quaecumque
658 1051 804 1128 iecerat,
818 1068 899 1116 cum
911 1053 1089 1117 notoriam
1101 1053 1174 1116 vim
1185 1059 1377 1132 pateretur,
1391 1062 1426 1117 et
1437 1069 1498 1134 pu·

270 1158 361 1222 blica
377 1167 471 1222 esset
486 1175 596 1222 causa
611 1158 868 1238 dissimulandi;
887 1157 934 1240 [et
949 1157 1127 1242 quamvis]
1140 1159 1251 1223 nihilo
1264 1159 1379 1223 minus
1391 1158 1496 1223 dona-

217 1341 225 1358 ·
271 1265 319 1328 tio
334 1265 454 1329 valida
468 1265 586 1330 lutura
602 1275 691 1344 erat,
708 1274 744 1329 et
757 1266 937 1346 integrum
950 1265 1009 1346 jus
1023 1265 1192 1331 Societati
1205 1267 1417 1348 quaesitum,
1437 1285 1496 1330 no-

271 1374 409 1436 luerunt
426 1370 571 1456 [tamen]
586 1373 715 1452 nostri,
737 1381 772 1436 et
791 1371 933 1453 quidem
955 1372 1156 1454 prudenter,
1178 1381 1216 1437 ut
1235 1373 1497 1437 adscriberetur

269 1477 439 1544 Societati
453 1479 548 1561 quod
561 1478 638 1559 ejus
652 1496 761 1543 causa
777 1479 1079 1560 Archiepiscopus
1094 1481 1139 1544 ab
1153 1480 1377 1561 expeditione
1397 1497 1496 1560 prae·

270 1586 365 1650 dicta
380 1586 585 1663 destitisset;
601 1595 637 1650 et
651 1595 825 1650 caverunt
839 1604 884 1650 ne
896 1586 1067 1668 Princeps
1077 1586 1215 1669 Joanna
1228 1587 1421 1668 quidquam
1431 1587 1497 1650 sci·

270 1702 335 1773 ret,
351 1711 395 1758 ne
411 1692 543 1775 aliquid
554 1694 759 1773 designaret
770 1693 805 1762 in
818 1693 982 1757 favorem
993 1691 1194 1772 Societatis,
1207 1695 1301 1776 quod
1312 1711 1355 1758 eo
1366 1701 1495 1774 tempo-

269 1819 309 1865 re
324 1819 395 1865 non
416 1801 634 1866 conveniret.

328 1907 420 1972 2843.
463 1907 551 1973 Cum
566 1909 686 1989 itaque
704 1917 778 1972 tres
797 1924 939 1973 menses
958 1906 1226 1973 Protonotarius
1245 1907 1357 1972 Toleti
1377 1908 1494 1973 deten-

269 2026 326 2081 tus
339 2016 474 2095 fuisset,
490 2024 526 2081 et
541 2033 613 2080 uno
628 2016 685 2081 die
700 2016 734 2080 in
750 2033 933 2082 carcerem
951 2017 1131 2098 publicum
1150 2025 1184 2080 et
1204 2015 1394 2097 compedes
1413 2033 1494 2081 cou-

185 2143 188 2147 ’
264 2123 390 2204 Jectus,
403 2123 582 2204 acquievit
591 2124 767 2188 voluntati
778 2124 1050 2206 Archiepiscopi
1061 2123 1205 2202 invitus,
1216 2132 1252 2187 et
1264 2124 1357 2204 quod
1369 2123 1404 2187 in
1416 2123 1494 2204 ipso

267 2241 355 2311 erat,
381 2230 526 2296 rescidit
550 2238 771 2296 contractum
793 2247 874 2296 cum
896 2230 1074 2296 Societate
1093 2229 1243 2309 sactum,
1267 2231 1302 2294 in
1323 2239 1492 2312 quantum

266 2345 405 2419 poterat
430 2337 576 2418 scilicet,
603 2346 638 2402 et
662 2338 706 2403 de
727 2335 807 2419 jure
827 2338 968 2402 licebat.
989 2337 1034 2402 Et
1054 2337 1143 2402 haec
1162 2337 1295 2403 addidit
1315 2339 1425 2402 verba
1449 2355 1492 2401 ne

265 2443 520 2528 praejudicium
534 2447 643 2510 ullum
657 2444 827 2511 Societati
840 2453 1040 2527 pararetur,
1057 2445 1141 2526 quia
1156 2444 1199 2509 de
1208 2442 1286 2524 J‘ure
1298 2444 1333 2509 id
1344 2461 1492 2526 prorsus

265 2552 384 2618 iacere
397 2570 468 2618 non
482 2560 622 2634 poterat
636 2553 733 2635 quod
746 2553 840 2619 iecit.

324 2658 415 2726 2844.
458 2660 656 2726 Postulavit
676 2679 764 2742 ergo
787 2669 826 2727 ut
850 2681 871 2726 a
896 2659 1041 2726 Summo
1063 2659 1232 2725 Pontifice
1253 2659 1405 2724 facultas
1426 2659 1489 2723 eri·

264 2769 373 2849 gendi
387 2768 536 2850 Collegii
548 2777 688 2834 secreto
702 2771 965 2849 impetraretur,
983 2784 1063 2832 cum
1076 2766 1308 2848 derogatione
1327 2783 1490 2847 quorum·

266 2878 320 2941 vis
335 2876 583 2941 mandatorum
599 2876 879 2959 Archiepiscopi,
901 2885 969 2941 etc.
992 2900 994 2905 ’

323 2982 413 3047 2845.
457 2982 651 3049 Admonuit
666 2986 774 3049 etiam
787 2984 826 3048 P.
842 2983 1108 3048 Emmanuelem
1125 2980 1147 3060 ¹,
1163 2982 1223 3064 qui
1245 2980 1377 3046 nostris
1397 2998 1489 3047 com·

265 3091 484 3171 plutensibus
495 3102 673 3173 praeerat,
690 3091 957 3157 Protonotarius
972 3099 1159 3173 postquam
1174 3090 1299 3154 Toleto
1316 3088 1490 3154 Ocauiam

263 3198 429 3277 redierat,
455 3215 536 3263 cum
561 3216 693 3279 magna
717 3198 978 3280 significatione
1003 3216 1088 3263 suae
1114 3196 1320 3275 voluntatis,
1347 3206 1381 3261 et
1406 3214 1488 3261 cum

263 3305 410 3372 consilio
425 3307 618 3387 peritorum
632 3324 672 3371 se
686 3307 936 3372 rescissionem
951 3306 1046 3371 illam
1057 3313 1261 3370 contractus
1272 3304 1400 3369 fecisse
1410 3321 1487 3384 pro·

262 3424 341 3495 pter
354 3414 470 3478 minas
485 3424 519 3479 et
534 3414 772 3495 vexationem3
789 3423 824 3478 et
838 3413 950 3478 voluit
966 3412 1129 3490 officium,
1146 3412 1241 3493 quod
1255 3410 1407 3476 habebat
1422 3408 1487 3475 Ro·

263 3538 353 3597 mae,
371 3520 488 3597 vendi,
505 3528 544 3585 ut
556 3520 734 3602 expeditio
745 3530 820 3585 tota
831 3520 1076 3585 conficeretur:
1090 3536 1241 3599 poenam
1253 3517 1394 3599 quidem
1406 3519 1498 3582 duo-¹

262 3646 342 3693 rum
366 3628 514 3692 millium
534 3628 745 3693 ducatorum
769 3629 985 3709 imposuerat
1006 3626 1320 3707 Archiepiscopus;
1347 3624 1410 3689 sed
1431 3631 1503 3689 au*

263 3736 429 3801 ctoritate
443 3734 547 3802 Sedis
561 3736 791 3816 Apostolicae
804 3735 906 3801 irrita
921 3734 997 3799 lieri
1013 3742 1163 3817 poterat.

321 3842 413 3907 2846.
455 3843 605 3908 Fecerat
632 3842 701 3906 hoc
727 3843 834 3906 etiam
859 3842 974 3906 bonus
999 3858 1108 3906 senex
1134 3849 1215 3905 ante
1239 3840 1487 3905 rescissionem

262 3958 478 4029 contractus,
494 3960 533 4015 ut
547 3967 670 4014 coram
685 3949 826 4015 notario
840 3958 875 4014 et
896 3948 1108 4031 quibusdam
1129 3948 1254 4011 amicis
1274 3955 1487 4030 protestare-

261 4067 318 4124 tur
332 4076 371 4122 se
385 4066 502 4122 ratam
515 4074 594 4122 esse
607 4057 699 4121 velle
713 4056 953 4135 donationem,
965 4057 1048 4122 licet
1060 4073 1140 4120 eam
1155 4055 1199 4119 ob
1215 4056 1377 4119 timorem
1391 4064 1425 4118 et
1441 4055 1487 4119 ad

260 4166 501 4231 redimendam
517 4165 742 4230 vexationem
759 4174 958 4230 revocaret.
975 4165 1019 4229 Et
1034 4166 1082 4229 ita
1098 4181 1155 4227 res
1175 4163 1219 4227 ad
1240 4162 1401 4227 ellectum
1421 4161 1485 4226 luit

259 4274 423 4339 deducta.
1425 4271 1429 4277 '

319 4378 410 4445 2847.
455 4380 544 4446 Cum
558 4381 788 4445 intellexisset
803 4379 841 4444 P.
864 4382 1019 4461 Laynez,
1037 4376 1070 4442 V
1072 4378 1214 4453 icariuS,
1237 4378 1272 4440 in
1292 4376 1485 4457 Hispaniae

301 4622 310 4655 ¹
338 4620 451 4675 Scilicet,
461 4620 489 4665 P.
500 4620 694 4665 Emmanuelem
706 4618 803 4675 Lopez.
