3642 5350
716 442 719 451 ,
803 376 867 439 Aa.
890 376 960 439 1556
1443 378 1496 441 3⁴1

269 540 418 611 prorsus
437 522 623 589 incolumis
645 532 679 588 et
701 524 855 606 illaesus,
882 534 917 589 et
941 525 1085 590 omnino
1106 526 1284 608 praesenti
1304 526 1421 591 animo
1440 544 1498 592 ex-

270 642 408 697 tractus
423 640 529 712 esset;
545 641 580 696 et
600 649 682 697 cum
701 642 890 713 rogaretur
910 651 932 696 a
954 633 1106 698 Rectore
1120 633 1204 715 quid
1218 652 1261 699 eo
1275 635 1333 699 die
1346 644 1495 717 orasset,

268 739 461 819 respondit,
477 739 568 803 inter
584 740 654 803 alia
668 740 844 805 rosarium
859 740 898 803 B.
919 739 1078 821 Virginis
1093 758 1131 804 se
1147 741 1328 805 recitasse.

330 844 417 911 1400.
462 846 492 911 F
494 846 703 911 amiliaritas
719 848 1020 917 etcommercium
1040 865 1120 912 cum
1139 848 1273 912 nostris
1286 848 1352 912 hos
1365 865 1497 929 pueros

268 955 305 1019 in
321 954 483 1019 doctrina
502 962 536 1019 et
555 955 711 1019 moribus
730 956 933 1019 christianis
954 972 1170 1036 magnopere
1185 953 1344 1036 juvabat:
1360 955 1390 1019 si
1404 956 1496 1021 inter

266 1070 351 1127 natu
366 1061 519 1143 majores
534 1062 673 1144 aliquae
688 1060 928 1127 dissensiones
942 1063 1157 1143 oriebantur,
1175 1064 1294 1129 statim
1309 1080 1494 1145 compone·

263 1170 405 1249 bantur,
420 1180 455 1235 et
470 1170 525 1233 his
539 1170 762 1252 potissimum
778 1152 963 1234 accidebat
978 1180 1017 1235 ut
1030 1179 1192 1251 peccata,
1207 1188 1300 1252 quae
1314 1187 1494 1252 nunquam

264 1275 417 1341 confessi
432 1287 534 1341 erant
549 1288 696 1358 propter
707 1278 929 1359 praedictum
942 1294 1076 1342 morem
1090 1285 1111 1359 ¹,
1124 1278 1277 1358 ingenue
1288 1276 1491 1360 aperiendo,

264 1398 433 1464 magnam
448 1384 687 1448 conscientiae
702 1402 827 1466 pacem
842 1385 1052 1449 obtinerent.

327 1491 414 1555 1401.
459 1492 717 1556 Declamabant
742 1492 933 1573 aliquando
957 1493 1001 1557 de
1025 1501 1232 1556 sanctorum
1251 1493 1415 1558 laudibus
1434 1495 1492 1558 vel

265 1600 308 1663 de
324 1600 442 1680 aliqua
457 1599 588 1664 virtute
603 1600 853 1680 consectanda,
867 1608 901 1664 et
916 1598 1062 1680 quidam
1076 1618 1164 1681 puer
1178 1599 1221 1663 de
1235 1618 1345 1681 puero
1358 1601 1443 1684 Jesu
1457 1610 1493 1665 et

266 1706 342 1787 eJus
356 1705 540 1771 salutifero
558 1708 699 1771 nomine
714 1707 861 1771 latinum
882 1724 1082 1772 sermonem
1102 1708 1235 1784 habuit;
1254 1725 1345 1789 quae
1358 1708 1491 1773 exerci-

262 1814 415 1879 tationes
438 1814 620 1893 germanis
644 1814 802 1895 apprime
823 1824 950 1893 gratae
971 1824 1086 1895 erant,
1112 1824 1146 1879 et
1170 1814 1316 1879 mirifice
1341 1816 1492 1880 aliorum

264 1921 402 1985 animos
417 1921 463 1985 ad
478 1921 594 1985 studia
609 1922 828 2002 capessenda
848 1922 1063 1986 excitabant.

324 2027 412 2091 1402.
457 2030 500 2093 Et
524 2028 696 2093 efficiebat
716 2029 837 2094 divina
859 2029 1000 2093 bonitas
1020 2039 1057 2094 ut
1078 2030 1147 2093 hac
1167 2030 1304 2095 ratione
1324 2039 1490 2112 parentes

263 2136 372 2218 aliqui
386 2153 450 2217 per
464 2136 555 2200 filios
570 2137 616 2200 ad
630 2154 755 2201 sanam
770 2135 970 2201 doctrinam
984 2137 1250 2202 reducerentur.

323 2242 411 2308 1403.
454 2242 600 2308 Praeter
615 2244 681 2307 hos
695 2244 944 2308 humaniorum
959 2245 1157 2308 litterarum
1171 2244 1361 2324 studiosos,
1378 2243 1417 2309 P.
1432 2243 1489 2308 Ni-

260 2354 383 2417 colaus
404 2352 598 2417 Gaudanus
613 2358 625 2390 ⁸
639 2352 784 2432 triginta
801 2352 888 2416 alios
904 2352 1085 2416 auditores
1099 2353 1178 2433 plus
1193 2353 1309 2417 minus
1323 2352 1487 2431 habebat,

260 2458 424 2541 [quibus],
445 2459 482 2523 in
500 2459 641 2541 publica
660 2460 821 2540 lectione,
840 2457 1121 2541 [catechismum]
1143 2457 1259 2524 Patris
1278 2459 1412 2525 Canisii
1426 2457 1438 2490 ¹
1451 2460 1487 2523 in

258 2567 402 2648 scholis,
425 2566 527 2647 juxta
552 2566 661 2647 Regis
682 2568 915 2646 voluntatem,
936 2567 1251 2648 interpretabatur,
1274 2585 1364 2649 quae
1382 2568 1487 2632 lectio

258 2684 430 2758 quantum
441 2673 578 2740 fructus
588 2677 754 2755 attulerit,
768 2695 813 2740 ex
828 2676 978 2740 duorum
993 2675 1257 2740 adolescentum
1272 2672 1487 2757 [conversio-

257 2782 314 2866 ne]
330 2783 511 2848 haeretica
526 2784 703 2865 pravitate
714 2783 937 2866 insectorum,
951 2784 1070 2864 colligi
1082 2788 1207 2864 potest;
1221 2800 1371 2866 quorum
1385 2785 1486 2863 alter,

256 2891 311 2954 his
326 2890 537 2956 lectionibus
551 2889 668 2955 Patris
688 2891 853 2956 Gaudani
867 2891 1009 2966 auditis,
1030 2908 1100 2956 non
1120 2889 1226 2954 modo
1246 2908 1328 2956 suos
1347 2907 1487 2956 errores

256 3015 465 3080 agnoscere,
489 2999 552 3064 sed
572 2999 678 3064 etiam
697 3000 874 3079 deponere
896 2999 1026 3080 coepit,
1043 2999 1226 3079 voluitque
1250 2999 1352 3063 alteri
1371 2999 1486 3063 adole-

255 3107 379 3184 scenti,
400 3107 497 3171 socio
514 3125 590 3188 suo,
605 3107 819 3187 valedicere,
840 3124 906 3171 nec
928 3124 1008 3171 cum
1023 3124 1065 3171 eo
1085 3107 1237 3187 amplius
1250 3106 1401 3186 versari,
1418 3106 1485 3170 nisi

255 3226 290 3278 et
306 3215 363 3279 ille
379 3215 593 3280 catholicam
607 3215 794 3280 veritatem
816 3215 939 3280 audire
954 3225 989 3278 et
1005 3215 1170 3294 amplecti
1184 3214 1302 3278 vellet.

319 3321 406 3386 1404.
451 3320 647 3388 Persuasus
675 3339 762 3402 ergo
797 3324 886 3387 alter
915 3324 973 3387 ille
1005 3322 1213 3387 adolescens
1241 3322 1288 3386 ad
1315 3322 1486 3387 lectiones

256 3429 294 3495 P.
322 3430 488 3496 Gaudani
508 3432 670 3510 accessit,
692 3441 727 3495 et
752 3431 906 3511 vestigia
931 3431 1073 3512 prioris,
1101 3429 1241 3510 rejectis
1266 3429 1482 3508 haeresibus,

235 3593 238 3607 .
255 3545 398 3603 secutus
417 3548 482 3602 est.
504 3537 561 3603 Sic
581 3539 624 3603 de
645 3539 725 3603 aliis
740 3556 810 3603 non
825 3539 950 3618 paucis
971 3555 1053 3618 spes
1073 3545 1150 3601 erat
1170 3536 1265 3618 quod
1284 3535 1482 3612 veritatem,

254 3662 362 3726 quam
376 3662 557 3727 nunquam
567 3645 658 3709 sorte
670 3645 868 3725 audierant,
882 3654 916 3708 et
928 3644 1086 3725 agnituri
1097 3652 1215 3707 essent
1226 3652 1260 3706 et
1272 3643 1481 3723 amplexuri.

317 3751 405 3817 1405.
449 3752 608 3816 Venerat
622 3752 661 3816 P.
678 3752 863 3816 Salmeron
880 3751 1055 3815 Viennam
1070 3767 1116 3814 ex
1130 3751 1294 3831 polonica
1313 3751 1374 3814 illa
1387 3751 1482 3830 lega-

254 3861 349 3924 tione
365 3859 478 3924 ‘satis
493 3860 700 3940 exhaustus,
717 3868 751 3923 et
767 3859 974 3941 aliquandiu
993 3875 1074 3922 cum
1088 3858 1221 3922 nostris
1239 3866 1482 3922 commoratus

254 3965 332 4049 [est]
349 3983 429 4031 cum
449 3983 579 4046 magna
599 3967 757 4047 ipsorum
772 3966 1017 4031 consolatione
1032 3974 1066 4029 et
1082 3965 1243 4039 aliorum,
1262 3964 1322 4045 qui
1340 3964 1480 4028 adeum

251 4074 475 4138 invisendum
490 4075 717 4153 accedebant,
732 4074 962 4154 (accedebant
977 4083 1096 4137 antem
1111 4090 1181 4136 non
1192 4071 1307 4152 pauci,
1321 4087 1480 4156 praeser-

250 4181 313 4246 tim
329 4182 463 4246 nobiles
476 4181 695 4263 Hispaniae),
709 4191 743 4245 et
757 4191 946 4263 postquam
958 4199 1003 4244 ex
1015 4179 1183 4243 catharro
1195 4180 1343 4243 molesto
1354 4179 1480 4245 melius

291 4420 300 4454 Ι
330 4417 423 4475 snpra,
434 4432 457 4464 n.
469 4421 529 4466 1393.

291 4492 312 4526 ¹·
330 4490 398 4538 Vide
407 4504 496 4548 snpra,
506 4501 525 4540 t.
537 4507 563 4548 v,
574 4506 633 4550 pag.
643 4495 691 4550 228,
702 4507 744 4539 nn.
755 4495 803 4550 657,
813 4495 855 4538 ⁶5ss
863 4501 889 4539 et
900 4505 972 4550 seqq.

201 4567 206 4578 “
217 4571 220 4577 ·
231 4571 237 4582 ’
276 4572 278 4576 ·
291 4563 420 4609 &Sermo
428 4566 513 4622 ,ειιΔς
524 4567 683 4623 catechismo
693 4567 725 4622 B.
735 4567 840 4620 canisii,
849 4567 879 4610 de
891 4576 940 4621 qno
950 4564 1011 4608 vide
1021 4573 1109 4626 supra,
1119 4569 1139 4608 t.
1149 4576 1175 4617 v,
1185 4573 1246 4619 pag·
1257 4562 1305 4619 28²,
1315 4573 1341 4608 n.
1350 4561 1400 4610 ⁶70.

290 4638 302 4671 ⁴
329 4635 493 4692 Vldesupra¹
504 4649 562 4693 pag.
574 4639 609 4694 21,
620 4650 643 4684 n.
654 4639 689 4694 54,
699 4639 733 4695 55,
744 4645 770 4684 et
779 4639 855 4693 inira,
867 4650 882 4683 a
892 4650 915 4682 n.
927 4637 988 4682 147⁸.
