3642 5350
376 411 413 474 82
844 413 972 476 Canon.
992 414 1069 475 Soc.
1089 414 1160 490 Jas.

378 561 529 624 sentiam
550 560 662 624 nostri
689 559 863 624 conficere
888 578 960 624 non
985 569 1186 640 potuerant,
1210 561 1363 642 quinque
1382 578 1421 625 se
1442 562 1541 626 viros
1560 581 1607 627 ex

378 669 475 731 omni
487 667 631 730 civitate
645 666 790 731 idoneos
806 666 1025 731 deiecturum
1040 667 1173 748 recepit
1190 664 1211 731 ¹.
1371 654 1375 658 ⁸

435 773 506 839 267.
550 774 590 837 In
604 775 689 838 anni
703 772 806 854 huius
820 791 1013 855 progressu
1033 774 1102 838 duo
1117 792 1243 838 rursus
1261 793 1307 839 ex
1321 776 1451 840 nostris
1472 776 1518 839 ad
1541 793 1604 857 op·

376 882 496 964 pidum
510 881 640 946 Montis
655 880 778 946 Sancti
792 881 891 945 missi
905 891 998 960 sunt,
1014 892 1049 946 et
1065 882 1267 946 etiamtunc
1283 883 1539 963 amplissimum
1554 901 1601 947 ex

376 1007 418 1053 ea
434 986 578 1053 Domini
593 989 697 1052 vinea
711 987 866 1052 fructum
882 997 1063 1069 ceperunt,
1089 999 1125 1052 et
1142 989 1369 1069 peculiariter
1387 1008 1433 1053 ex
1448 991 1601 1070 quodam

377 1096 592 1161 monasterio
607 1095 823 1174 monialium,
840 1095 936 1175 quod
950 1095 1121 1174 pristinae
1140 1095 1293 1160 instituti
1311 1095 1387 1177 eius
1407 1097 1603 1176 integritati

376 1213 412 1268 et
425 1203 622 1268 communis
634 1199 745 1278 vitae,'
758 1204 833 1265 sine
849 1201 1006 1281 proprio,
1023 1203 1184 1281 agendae
1195 1203 1325 1267 rationi
1344 1212 1379 1266 et
1393 1213 1601 1267 sanctorum

378 1319 684 1375 sacramentorum
698 1308 974 1389 frequentationi
989 1309 1229 1372 restituerunt.

434 1415 505 1481 268.
550 1416 606 1480 Ad
628 1433 780 1495 magnas
800 1416 906 1478 etiam
923 1415 1094 1496 quasdam
1120 1425 1155 1479 et
1176 1415 1335 1480 difficiles
1359 1417 1603 1482 restitutiones

374 1525 510 1606 aliquos
525 1524 748 1597 induxerunt,
770 1531 805 1586 et
823 1522 913 1586 alios
932 1520 1086 1585 Satanae
1107 1523 1269 1586 servituti
1284 1524 1344 1587 diu
1365 1526 1599 1606 mancipatoS,

374 1631 514 1695 Christo
529 1639 767 1708 asseruerunt;
784 1629 874 1692 inter
889 1644 979 1709 quos
990 1628 1194 1708 juvencula,
1208 1647 1315 1710 quam
1329 1633 1468 1711 impura
1484 1642 1603 1694 mater

371 1740 530 1819 impurae
545 1737 640 1800 vitae
654 1735 784 1800 rationi
798 1735 1052 1813 destinaverat,
1065 1745 1269 1800 nostrorum
1276 1754 1396 1817 opera,
1410 1738 1470 1818 qui
1482 1737 1594 1818 Magi·

373 1855 505 1909 stratus
520 1843 691 1907 auxilium
705 1842 950 1922 implorarunt,
966 1841 1011 1904 ab
1026 1859 1068 1904 ca
1084 1842 1178 1905 vitae
1193 1842 1409 1923 turpitudine
1424 1853 1596 1907 revocata

372 1952 447 2025 iuit;
464 1962 498 2015 et
514 1951 548 2013 id
564 1968 584 2012 a
600 1949 815 2028 Magistratu
830 1948 1059 2027 impetratum
1075 1957 1139 2025 est,
1156 1959 1194 2012 ut
1210 1966 1302 2027 eam,
1320 1960 1489 2029 tanquam
1505 1967 1600 2014 com·
1639 1977 1641 1981 ¹

372 2075 511 2123 munem
527 2056 635 2120 filiam
651 2057 695 2119 ab
711 2057 787 2136 ipso
803 2053 933 2135 oppido
948 2054 1165 2135 adoptatam,
1183 2057 1278 2136 apud
1292 2055 1460 2119 honestas
1476 2074 1598 2137 perso-

372 2183 437 2230 nas
452 2166 667 2228 collocarent
681 2159 702 2225 ².

429 2271 499 2336 269.
543 2271 601 2334 Ad
616 2266 854 2350 oppidumS.ti
872 2266 1034 2331 Severini
1048 2268 1137 2331 satis
1156 2269 1193 2330 in
1212 2267 1373 2332 Marchia
1397 2270 1513 2332 nobile
1536 2271 1597 2332 alii

371 2380 481 2458 missi,
505 2378 629 2458 paucis
648 2375 776 2439 ibidem
798 2374 1027 2438 concionibus
1052 2374 1193 2450 habitis,
1218 2384 1292 2438 turn
1313 2378 1492 2456 populum,
1518 2386 1593 2440 tum

370 2487 595 2551 sacerdotum
615 2483 764 2563 collegia
786 2481 852 2544 sibi
868 2497 1086 2562 magnopere
1105 2481 1354 2555 devinxerunt;
1376 2493 1410 2546 et
1429 2499 1472 2546 ea
1494 2501 1600 2548 vene·

408 2726 416 2761 ¹
445 2728 524 2781 Juvat
536 2726 712 2772 narrationem
722 2736 820 2777 eorum,
830 2734 895 2779 quae
906 2730 983 2778 gesta
993 2728 1063 2775 suut,
1073 2723 1163 2767 audire
1173 2726 1207 2767 ab
1218 2725 1321 2767 oculato
1332 2730 1400 2767 teste
1410 2722 1541 2777 dianam,
1552 2725 1599 2778 qui

365 2802 406 2847 his
415 2800 540 2853 interfuit,
548 2806 575 2843 et
586 2808 692 2853 quorum
703 2807 764 2851 pars
774 2797 854 2839 etiam
862 2795 920 2839 fuit:

404 2872 470 2917 “Sub
480 2873 546 2916 haec
557 2877 674 2925 tempora
684 2879 730 2922 per
741 2868 842 2912 modum
852 2866 981 2911 missionis
991 2866 1019 2910 Ρ.
1029 2866 1184 2911 Emmanuel
1195 2868 1226 2911 de
1233 2865 1319 2911 Monte
1327 2865 1433 2921 Maiore,
1444 2868 1595 2923 Lusitanus,

364 2952 390 2989 et
400 2957 456 3000 ego.
467 2944 557 2988 diebus
567 2944 665 2996 aliquot
680 2939 894 2995 praecedentibus
911 2939 1045 2990 cinerslla.
1062 2940 1236 2983 concessimus
1251 2938 1418 2991 blaceratam,
1434 2941 1597 2995 metropolim

364 3018 422 3072 agri
432 3016 528 3061 Piceni.
539 3014 752 3058 inaudlveramus
762 3011 887 3065 siquidem
898 3012 988 3065 parari
996 3010 1156 3055 comoediam
1167 3021 1260 3065 parum
1270 3015 1372 3055 castam
1382 3019 1409 3054 et
1419 3012 1486 3056 alias
1494 3014 1597 3057 vanita-

363 3102 403 3137 tes
411 3100 476 3145 qnae
488 3088 577 3133 obesse
586 3090 708 3141 poteraut
719 3084 842 3127 moribus.
852 3082 964 3137 Excepti
975 3082 1069 3126 inimus
1084 3093 1101 3125 a
1115 3083 1275 3136 magistratu
1288 3082 1397 3135 benigue
1408 3089 1443 3135 et,
1455 3084 1516 3128 licet
1531 3086 1597 3128 reni·

363 3170 456 3213 tentes,
463 3158 582 3203 collocati
592 3158 617 3201 in
624 3157 699 3200 domo
709 3154 793 3199 civica
800 3154 834 3199 ad
842 3154 968 3207 majorem
977 3153 1043 3197 iorte
1051 3154 1235 3197 auctoritatem
1244 3152 1312 3207 apud
1319 3154 1419 3208 plebem
1426 3156 1468 3206 (ad
1477 3166 1541 3210 opus
1548 3155 1598 3200 Del

364 3232 521 3279 fructuosius
542 3228 714 3284 operandum)
730 3226 927 3271 conciliandam.
943 3226 1024 3270 Pater
1040 3224 1193 3268 Emmanuel
1208 3224 1422 3280 concionabatur,
1440 3238 1489 3280 ego
1505 3228 1530 3271 ln
1545 3230 1596 3271 col·

362 3305 466 3361 ligenda
481 3312 563 3345 messe
584 3299 713 3354 spirituali
734 3297 872 3352 praecipue
887 3297 1047 3350 occupabar.
1063 3295 1104 3339 cul
1118 3296 1297 3349 conserendae
1319 3295 1482 3340 nibilominus
1500 3297 1598 3352 etipse

361 3376 528 3423 concionator
546 3372 651 3426 egregie
666 3370 811 3415 insistebat.
827 3368 1041 3413 Incumbebamus
1063 3375 1202 3423 praeterea
1217 3368 1353 3411 discordiis
1372 3369 1554 3423 componendis
1568 3377 1594 3414 et

363 3448 482 3494 tollendis
492 3444 606 3500 peccatis
617 3441 744 3499 nonnullis
752 3442 859 3496 publicis
870 3448 896 3485 et
909 3440 1082 3494 scandalosis;
1092 3440 1138 3483 sed
1148 3439 1307 3483 comoediam
1317 3447 1510 3494 propterquam
1522 3452 1598 3495 prae·

360 3522 434 3577 cipue
445 3526 606 3565 veneramus.
619 3514 741 3569 impedire
752 3514 924 3567 nequivimus,
935 3512 1003 3567 quod
1014 3512 1047 3555 ad
1064 3522 1122 3555 eam
1132 3511 1219 3555 omnia
1235 3517 1321 3555 essent
1336 3520 1497 3566 comparata:
1514 3522 1595 3556 mura·

361 3595 397 3638 tlo
408 3590 502 3644 alioqui
514 3586 656 3633 incivitate
666 3585 819 3630 durantibus
831 3585 883 3629 lliis
894 3584 985 3628 diebus
1000 3593 1097 3637 magna
1112 3582 1184 3626 iacta
1198 3588 1247 3634 est,
1261 3590 1289 3626 ut
1304 3582 1419 3627 dicerent
1434 3585 1535 3627 externi
1550 3585 1595 3640 qui

360 3664 525 3709 ventitabant
532 3665 559 3703 et
567 3669 613 3713 per
620 3656 754 3701 civitatem
763 3657 835 3700 iliam
845 3657 1003 3708 transibant,
1010 3666 1039 3698 se
1047 3654 1137 3697 videre
1145 3652 1295 3698 Maceratae
1302 3654 1367 3698 duas
1375 3655 1506 3705 civitates.
1516 3667 1593 3701 unam

360 3738 555 3781 concurrentem
565 3730 598 3774 ad
609 3728 745 3773 ecclesiam
753 3739 848 3782 magns
860 3728 1021 3783 poenitentia
1032 3736 1063 3770 ac
1074 3726 1219 3770 devotionis
1229 3725 1428 3781 significatione.
1436 3728 1548 3771 alteram
1558 3728 1593 3772 ad

359 3807 519 3855 comoediam
530 3803 598 3848 etad
611 3813 652 3845 res
664 3801 778 3845 ludicras
789 3812 883 3855 magna
896 3812 954 3844 cum
963 3800 1076 3843 licentia.
1086 3799 1155 3843 Ante
1164 3799 1246 3843 lucem
1253 3809 1311 3843 curu
1322 3799 1469 3843 veniremus
1484 3801 1518 3844 ad
1531 3807 1592 3845 tem·

360 3882 439 3936 plum.
448 3879 480 3923 ob
491 3872 676 3932 poenitentium
687 3872 890 3924 multitudinem,
901 3882 968 3925 quae
977 3882 1022 3914 nos
1032 3870 1086 3914 iere
1101 3871 1235 3919 obruebat.
1246 3880 1295 3913 nou
1308 3877 1457 3923 poteramus
1472 3882 1503 3913 ex
1514 3881 1544 3914 eo
1554 3882 1595 3913 re·

360 3953 452 3997 cedere
461 3955 522 3994 ante
534 3954 637 3991 noctem
647 3946 738 3998 altam,
749 3952 775 3987 et
787 3944 996 3998 relinquebamus
1006 3942 1171 3986 nibilominus
1181 3943 1277 3986 multos
1291 3941 1420 3985 inauditos
1434 3942 1460 3985 in
1473 3942 1540 3986 diem
1554 3953 1593 3986 se·

378 4030 489 4067 nentem.

361 4037 376 4079 q
399 4092 570 4147 Magistratus
582 4096 643 4133 tuuc
654 4087 785 4131 nobiscum
796 4084 850 4139 egit
861 4085 892 4127 de
904 4084 1022 4137 collegio
1036 4083 1085 4128 sibl
1100 4082 1270 4136 concedendo;
1282 4083 1407 4127 offerebat
1417 4084 1471 4139 ipse
1482 4092 1508 4127 et
1521 4084 1594 4129 cives

359 4166 404 4210 aiil
419 4162 591 4219 particulares
605 4169 709 4205 censum
724 4164 827 4201 tenuem
843 4156 953 4211 quidem,
964 4166 1015 4199 non
1029 4156 1135 4200 tandem
1144 4155 1398 4209 contemnendum...„
1408 4155 1527 4200 Oarvanrr
1537 4155 1592 4200 lda-

358 4247 443 4287 sausr.
452 4234 492 4278 De
504 4233 584 4277 rebus
595 4230 737 4274 societatis
747 4228 815 4283 Jesst
828 4227 1053 4275 Commentarius,
1062 4238 1122 4281 pag.
1134 4225 1230 4275 tat-1⁵⁶.
1241 4224 1302 4280 §50-

371 4330 373 4335 ·
400 4306 439 4360 De
450 4306 522 4349 exitu
533 4311 619 4348 autem
630 4312 718 4345 eornm
729 4298 863 4355 petitionis
872 4299 938 4342 haec
954 4299 1033 4342 habet
1044 4297 1112 4341 idem
1121 4296 1266 4341 liauareus:
1281 4297 1414 4342 “Accessit
1429 4297 1458 4341 P.
1469 4296 1500 4341 N.
1511 4298 1592 4341 Gene-

360 4378 425 4424 ralis
434 4378 523 4431 Jacobi
534 4375 638 4431 Laynez
647 4374 705 4429 piae
716 4372 854 4417 memoriae
869 4380 1016 4419 consensus.
1025 4370 1093 4423 quod
1107 4369 1187 4413 sciret
1198 4368 1228 4413 B.
1239 4369 1267 4413 P.
1277 4368 1308 4413 N.
1323 4368 1454 4423 ignatium
1468 4372 1501 4413 ob
1513 4370 1592 4413 incle-

360 4447 559 4495 mentiamsdris
570 4444 713 4490 Lauretaui
724 4444 831 4487 multum
842 4442 866 4485 id
878 4440 1048 4485 desiderasse.
1059 4447 1088 4484 ut
1102 4452 1132 4484 eo
1147 4440 1227 4495 aliqui
1242 4449 1345 4494 possent
1361 4441 1387 4484 iu
1402 4447 1503 4484 aestate
1518 4450 1588 4483 corn·

359 4508 482 4577 migrare3
498 4519 553 4573 ejus
566 4528 630 4561 cura
647 4524 673 4560 et
690 4513 927 4569 superintendentia
943 4511 1007 4556 milti
1024 4513 1072 4556 fult
1088 4514 1120 4557 ob
1137 4512 1298 4557 vicinitatem
1314 4512 1493 4564 demandata...
1512 4510 1588 4565 losa,

357 4594 505 4707 lq'cic'isside
517 4660 638 4706 Litteras
649 4659 877 4713 Quadrimestres,
888 4663 906 4701 t.
918 4668 952 4711 ιν,
962 4668 1022 4713 pag.
1032 4657 1080 4701 577.
