3642 5350
799 409 863 468 Au.
885 411 955 468 1556
1453 409 1490 468 85

317 554 388 619 275.
432 555 522 620 Cum
539 565 657 620 autem
671 556 868 637 Episcopus
887 573 950 636 per
971 555 1162 619 dioecesim
1183 563 1324 618 nostros
1344 554 1485 618 mittere
1525 635 1528 642 Ι

259 663 514 741 constituisset,
531 672 565 726 et
580 681 646 744 pro
661 664 831 728 concione
854 662 892 726 P.
913 663 1122 726 Emmanuel
1141 662 1270 758 populo
1292 659 1487 740 significas·

260 777 312 832 set
327 786 365 832 se
381 783 615 844 recessurum;
640 770 760 834 statim
786 788 831 833 ex
852 771 1068 851 primoribus
1086 769 1207 849 populi
1229 768 1328 830 multi
1343 768 1389 832 ad
1404 785 1486 837 con·

259 875 449 940 sessionem
475 887 712 956 accesserunt,
741 888 776 941 et
802 887 876 941 tam
901 893 1009 956 aegre
1030 877 1191 940 ferebant
1215 875 1412 940 discessum
1425 893 1485 938 no·

261 991 432 1059 strorum,
459 991 497 1046 ut
522 984 616 1063 apud
640 983 854 1066 Episcopum
878 994 1197 1064 conquererentur,
1226 992 1261 1045 et
1283 982 1329 1045 ad
1354 983 1487 1062 aliquot

260 1092 387 1154 saltem
401 1090 476 1154 dies
492 1104 530 1154 ut
545 1100 688 1155 nostros
702 1092 880 1168 retineret,
898 1101 935 1154 ut
950 1092 1140 1154 multorum
1160 1089 1401 1154 confessiones
1423 1107 1486 1152 au·

259 1196 386 1274 dirent,
402 1208 587 1275 rogarunt.
604 1199 648 1261 Et
662 1199 826 1279 quamvis
846 1198 977 1261 abusus
1002 1198 1060 1261 bic
1081 1197 1259 1261 Camerini
1280 1195 1431 1273 vigeret,
1448 1206 1486 1258 ut

258 1301 417 1382 virgines
431 1321 623 1383 numquam
637 1299 674 1367 in
687 1305 840 1384 publico,
856 1322 901 1367 ne
916 1304 962 1366 ad
982 1303 1109 1366 Missas
1130 1303 1270 1384 quidem
1293 1302 1481 1375 veniendo,

259 1420 489 1472 cernerentur
505 1411 616 1474 donec
633 1412 816 1488 nuberent,
833 1411 1063 1474 nihilominus
1084 1413 1270 1474 matronae
1286 1405 1485 1487 hujusmodi

259 1513 349 1579 filias
364 1533 449 1580 suas
461 1526 497 1580 ut
513 1518 644 1581 nostris
659 1518 914 1583 confiterentur
932 1517 1167 1595 adducebant;
1186 1527 1220 1579 et
1239 1516 1344 1579 facile
1366 1533 1486 1578 cerne-

260 1623 361 1686 batur
376 1624 533 1687 civitatis
548 1625 640 1688 illius
656 1627 794 1688 animos
808 1625 854 1688 ad
868 1624 1083 1688 Societatem
1097 1639 1294 1703 propensos
1313 1639 1403 1701 esse,
1423 1622 1488 1685 sed

260 1730 514 1810 operariorum,
531 1732 591 1811 qui
606 1731 650 1794 de
664 1731 770 1794 rebus
795 1731 1038 1811 spiritualibus
1060 1738 1220 1809 agerent,
1246 1727 1396 1806 defectu,
1423 1745 1486 1791 eos

259 1853 379 1900 errare
391 1847 425 1900 et
440 1855 571 1916 magno
586 1839 763 1918 spirituali
778 1837 938 1919 profectu
954 1839 1101 1918 privari.

319 1943 389 2007 276.
434 1943 551 2008 Senex
566 1945 732 2009 inventus
744 1957 798 2008 est
812 1946 887 2008 fere
902 1945 1164 2023 octogenarius,
1181 1945 1242 2024 qui
1263 1961 1301 2008 se
1319 1961 1425 2008 cruce
1441 1943 1486 2006 si·

257 2066 371 2130 gnare
385 2051 566 2116 nesciebat
582 2069 664 2116 cum
685 2053 730 2116 ad
753 2052 1013 2116 confessionem
1033 2052 1230 2127 accederet;
1254 2061 1288 2114 et
1309 2067 1390 2114 cum
1405 2051 1486 2114 edo·

258 2166 338 2220 ctus
351 2169 445 2221 esset
460 2158 503 2222 de
519 2159 574 2222 his
589 2168 624 2222 et
638 2159 718 2222 aliis
731 2160 778 2222 ad
793 2161 944 2223 salutem
958 2159 1187 2233 necessariiS,
1203 2175 1305 2222 suam
1320 2158 1485 2236 ignoran-

258 2264 347 2328 tiam
361 2266 590 2345 praeteritam
606 2283 793 2345 accusans
809 2276 883 2329 tam
899 2267 1013 2329 laetus
1027 2284 1072 2328 ex
1088 2266 1244 2344 acceptis
1264 2265 1487 2328 documentis

257 2373 399 2449 mansit,
427 2383 465 2435 ut
484 2371 664 2437 videretur
690 2373 776 2436 nihil
796 2374 891 2437 aliud
912 2374 1005 2435 velle
1019 2389 1126 2453 quam
1141 2372 1187 2435 ad
1201 2374 1354 2452 patriam
1369 2372 1480 2434 coele·

190 2460 194 2468 ’
257 2489 348 2542 stem
364 2480 547 2544 accedere.
920 2550 923 2554 .

317 2583 388 2648 277.
431 2586 469 2649 ln
489 2585 544 2649 his
566 2596 696 2665 autem,
717 2588 777 2667 qui
798 2585 1066 2660 confitebantur,
1090 2596 1210 2650 tantus
1230 2583 1351 2649 fervor
1365 2603 1484 2648 cerne·

256 2694 361 2756 batur
375 2702 413 2757 ut
427 2694 561 2758 fontem
580 2696 821 2776 lacrymarum
840 2695 971 2759 habere
986 2694 1201 2758 viderentur.
1224 2693 1282 2757 Ad
1296 2702 1483 2772 aegrotan-

258 2812 312 2863 tes
334 2800 442 2863 etiam
461 2800 631 2865 accedere
652 2803 698 2867 ad
717 2804 878 2884 privatas
898 2803 1024 2866 domos
1038 2802 1235 2882 oportebat,
1259 2810 1294 2865 et
1315 2801 1483 2882 quamvis

256 2907 308 2969 illi
331 2908 494 2971 homines
512 2908 685 2988 gravibus
704 2910 861 2989 peccatis
878 2910 1005 2974 irretiti
1030 2909 1287 2985 invenirentur,
1314 2907 1484 2987 perfacile

256 3012 448 3077 admodum
463 3015 508 3077 ab
528 3015 579 3079 eis
599 3016 871 3094 revocabantur,
896 3026 934 3079 ut
953 3015 1157 3095 ignorantia
1175 3025 1210 3079 et
1225 3015 1484 3079 exhortationis

255 3129 361 3201 atque
376 3121 531 3201 exempli
546 3122 705 3187 defectus
719 3123 836 3202 potius
850 3140 957 3203 quam
972 3122 1106 3185 malitia
1126 3122 1163 3185 in
1186 3120 1237 3185 eis
1255 3139 1334 3185 esse
1348 3122 1485 3186 videre·

254 3236 323 3304 tur;
339 3244 423 3291 nam
438 3229 498 3308 qui
513 3231 623 3292 semel
637 3228 787 3308 singulis
808 3230 910 3293 annis
932 3228 1172 3303 confiteretur,
1196 3246 1282 3293 suae
1302 3230 1485 3293 conscien-

255 3334 325 3397 tiae
351 3326 440 3397 satis
460 3350 635 3415 superque
658 3352 698 3398 se
722 3334 940 3399 satisfecisse
959 3336 1211 3399 arbitrabatur.
1239 3335 1339 3399 Tunc
1365 3344 1485 3399 autem

253 3457 327 3503 non
346 3442 462 3505 solum
477 3440 522 3504 ad
538 3442 797 3505 confessionem
819 3440 881 3505 sed
903 3442 1010 3506 etiam
1030 3443 1076 3506 ad
1095 3442 1380 3507 communionem
1401 3460 1484 3507 cum
1561 3462 1566 3472 ·

254 3547 529 3628 compunctione
544 3548 701 3612 maxima
717 3548 946 3612 accedebant.

314 3652 385 3717 278.
429 3654 517 3719 Cum
542 3655 586 3718 de
611 3656 782 3720 exteriori
810 3656 1036 3719 sacerdotum
1065 3656 1188 3721 habitu
1213 3654 1251 3719 P.
1272 3656 1481 3720 Emmanuel

254 3778 337 3825 cum
351 3760 529 3842 Episcopo
544 3772 677 3841 ageret,
695 3763 850 3843 quicum
865 3764 984 3843 potius
1003 3762 1167 3827 militaris
1187 3779 1294 3843 quarn
1315 3762 1482 3826 ecclesia·

253 3868 366 3932 sticus
380 3878 485 3946 esset,
502 3868 754 3933 reformatione
776 3868 881 3933 valde
900 3870 1094 3947 indigebat,
1115 3870 1348 3933 constitutum
1367 3878 1421 3933 est
1444 3879 1483 3932 ut

253 3977 291 4040 in
306 3986 486 4056 posterum
502 3992 624 4039 omnes
639 3976 843 4039 sacerdotes
858 3976 1029 4040 talaribus
1049 3977 1210 4041 vestibus
1228 3987 1424 4055 uterentur,
1447 3989 1484 4039 et

251 4082 386 4146 tibialia
403 4092 436 4144 et
451 4083 592 4145 calceos
606 4082 751 4147 militari
766 4082 870 4147 modo
890 4093 1059 4149 consutos
1073 4084 1285 4161 omitterent,
1308 4092 1342 4147 et
1357 4083 1483 4147 decen-

250 4199 307 4253 ter
321 4189 463 4252 demum
478 4188 717 4255 induerentur.

312 4295 384 4359 279.
427 4293 666 4375 Disputabant
691 4296 847 4376 quotidie
873 4313 995 4361 coram
1015 4296 1208 4377 Episcopo,
1231 4296 1310 4361 viro
1330 4298 1481 4377 erudito,

249 4428 466 4441 m

249 4499 414 4553 Evulgatum
427 4504 515 4543 antem
530 4498 607 4543 fuisse
624 4500 796 4544 certissimum
810 4506 858 4553 est,
870 4506 925 4545 tum
936 4513 967 4544 ex
978 4501 1026 4545 boc
1040 4502 1104 4551 loco.
1113 4507 1168 4545 tum
1179 4502 1259 4546 etlam
1269 4514 1300 4546 cx
1312 4514 1336 4546 n.
1346 4502 1387 4547 ‘292
1396 4504 1440 4547 ubl
1450 4504 1485 4547 le·

249 4573 333 4627 gitur:
348 4572 495 4613 “trecentos
509 4571 612 4616 libellos
629 4582 662 4615 ex
676 4570 727 4622 iris,
743 4572 789 4625 qui
804 4572 943 4616 Carnerini
956 4572 1067 4619 [iterant
1083 4574 1221 4627 impressi,
1236 4574 1272 4617 ad
1287 4586 1316 4618 se
1331 4576 1487 4630 deportarr,

249 4644 326 4687 cives
336 4640 460 4685 Fabrlnni
471 4642 588 4687 civitatis
597 4654 711 4689 curasse.
723 4642 755 4687 Et
766 4643 921 4692 occurrunt
931 4644 1052 4691 Litterae
1059 4644 1289 4699 Quadrimcslres,
1297 4654 1315 4691 t.
1322 4658 1358 4702 iv,
1368 4659 1428 4702 pag.
1435 4646 1492 4692 578.
