3642 5350
320 372 375 432 786
779 370 906 435 Cuaor.
927 371 1004 434 Soc.
1024 372 1096 448 Jus.

321 519 497 603 colloquia
511 520 557 585 de
570 521 736 587 rebusad
750 522 902 588 salutem
916 522 1129 587 necessariis
1147 521 1244 605 apud
1257 539 1320 588 eos
1334 521 1499 599 habebat
1516 529 1551 588 et

321 629 513 710 sperabant
527 628 641 694 nostri
658 629 760 694 brevi
774 637 935 712 tempore
949 647 1031 695 cum
1050 629 1118 695 Dei
1136 630 1255 711 gratia
1276 639 1390 696 totam
1404 648 1485 695 eam
1499 631 1548 694 in·

320 738 436 801 sulam
450 736 496 801 ad
510 735 644 802 Christi
657 735 762 801 iidem
777 754 857 801 esse
877 737 1129 803 reducendam.

377 841 469 909 3381.
512 844 601 909 Cum
614 842 658 909 D.
675 843 882 926 Alphonsus
892 844 936 909 de
950 843 1132 927 Norogna,
1145 845 1371 911 Gubernator
1386 862 1451 912 seu
1464 845 1549 910 Pro·

251 1018 258 1035 ,
319 968 394 1031 rex,
410 952 446 1017 in
465 968 545 1016 eam
561 952 712 1017 insulam
727 953 882 1018 venisset
898 952 921 1030 ¹,
936 961 971 1017 et
990 951 1221 1033 aptitudinem
1235 953 1281 1018 ad
1300 952 1486 1018 insulanos
1501 954 1548 1017 ad

319 1059 500 1125 Christum
523 1058 751 1126 adducendos
772 1058 969 1139 didicisset,
991 1062 1168 1126 concessit
1186 1061 1294 1127 situm
1317 1062 1475 1144 amplum
1495 1079 1551 1126 ec·

320 1167 461 1246 clesiae,
477 1166 597 1248 inquo
612 1168 737 1233 domos
751 1184 836 1237 suas
851 1185 961 1249 prope
972 1168 1071 1233 illam
1084 1168 1270 1233 christiani
1282 1178 1428 1251 possent
1442 1168 1549 1234 confi·

320 1290 412 1354 cere;
438 1288 522 1339 nam
546 1276 670 1356 procul
694 1275 921 1355 habitabant3
936 1285 971 1341 et
995 1275 1045 1339 ita
1068 1272 1144 1355 jam
1164 1276 1232 1341 hoc
1246 1293 1341 1341 anno
1356 1284 1552 1359 coeperant

320 1382 444 1447 domos
459 1383 632 1448 ecclesiae
647 1384 785 1449 vicinas
804 1394 1025 1460 construere,
1041 1392 1081 1448 ut
1100 1382 1217 1449 Missis
1232 1393 1267 1448 et
1281 1383 1477 1449 christiana
1492 1382 1550 1450 do·

320 1489 435 1555 ctrina
454 1490 675 1555 commodius
697 1488 767 1591 frui
787 1497 945 1573 possent.
966 1489 1058 1556 Num
1078 1490 1264 1555 accidebat
1283 1491 1474 1573 aliquando
1499 1489 1551 1573 [ut

319 1598 466 1677 longum
484 1597 531 1661 ad
549 1598 737 1663 ecclesiam
755 1598 822 1668 iter
843 1607 962 1663 essent
976 1594 1119 1679 facturi]
1135 1614 1217 1663 cum
1235 1597 1486 1663 valetudinarii
1505 1616 1551 1663 ex

321 1701 480 1785 Collegio
495 1704 530 1769 in
546 1703 640 1771 hanc
656 1705 808 1770 insulam
822 1705 1063 1784 mittebantur,
1080 1706 1139 1770 vel
1158 1705 1229 1769 alia
1248 1708 1294 1769 err
1314 1722 1425 1770 causa
1439 1706 1553 1787 quotiae

320 1810 377 1902 die
392 1810 500 1877 Missa
515 1812 563 1875 ibi
577 1812 828 1879 celebraretur.
850 1812 910 1878 Ad
929 1812 1135 1878 eorumdem
1153 1820 1272 1877 autem
1291 1812 1552 1895 neophytorum

321 1920 616 1985 sustentationem
629 1937 687 1986 res
702 1920 840 2002 aliquas
858 1920 942 1985 emit
953 1920 992 1984 P.
1004 1919 1221 1985 Franciscus
1231 1919 1447 2001 Rodriguez,
1461 1938 1552 2003 quae

321 2028 495 2092 intereos
516 2026 772 2110 dividerentur,
796 2028 926 2110 quibus
947 2046 990 2093 ea
1011 2028 1276 2093 communicare
1298 2028 1493 2109 expediret;
1516 2037 1553 2093 ct

321 2134 390 2199 hoc
403 2152 449 2198 ex
463 2136 696 2217 eleemosynis
711 2137 850 2217 piorum
865 2134 1047 2200 hominum
1061 2135 1267 2218 praedictus
1280 2135 1319 2199 P.
1334 2135 1552 2201 Franciscus

320 2251 505 2324 praestare
525 2243 654 2323 potuit,
678 2243 773 2324 quod
793 2242 838 2307 ad
859 2241 1065 2307 invitandos
1089 2241 1247 2307 infideles
1269 2242 1315 2308 ad
1334 2242 1553 2308 christianae

320 2348 402 2414 fidei
415 2351 677 2431 susceptionem
692 2367 764 2415 non
779 2367 906 2431 parum
921 2350 1091 2415 momenti
1106 2350 1271 2414 habebat.

380 2456 471 2521 3382.
515 2456 594 2522 Non
616 2458 777 2522 omittam
800 2458 1017 2540 peculiarem
1038 2474 1159 2522 rerum
1172 2456 1408 2539 quarumdam
1429 2474 1551 2523 narra·

322 2558 465 2645 tionem,
479 2582 571 2647 quae
583 2565 682 2632 Goae
696 2575 900 2630 nostrorum
914 2582 982 2647 ope
994 2575 1099 2630 actae
1113 2574 1207 2629 sunt.
1225 2564 1290 2630 Vir
1304 2564 1448 2646 quidam
1461 2572 1550 2644 erat,

321 2677 381 2756 qui
396 2691 498 2739 suam
517 2691 665 2739 uxorem
684 2675 847 2739 occidere
869 2673 915 2738 ob
936 2683 1178 2756 perpetratum
1197 2673 1410 2739 adulterium
1424 2672 1551 2738 consti·

320 2791 449 2862 tuerat;
471 2792 606 2846 etcum
628 2781 674 2846 ad
693 2781 729 2847 id
747 2781 994 2864 exequendum
1015 2781 1189 2846 rationem
1207 2782 1302 2847 serio
1316 2782 1432 2861 iniret,
1452 2780 1551 2846 venit
1630 2829 1637 2841 .

319 2890 378 2954 iila
404 2889 450 2953 ad
474 2889 662 2954 ecclesiam
680 2887 841 2970 Collegii,
859 2897 893 2953 et
918 2887 1123 2969 imploravit
1147 2887 1330 2970 cujusdam
1354 2888 1553 2954 sacerdotis

319 2996 501 3075 auxilium,
518 3013 599 3061 cum
617 2997 752 3061 nulium
767 2996 863 3062 aliud
877 2994 1047 3060 vitandae
1067 2997 1193 3060 mortis
1208 2995 1403 3061 remedium
1417 2995 1551 3061 inveni·

320 3114 384 3169 ret.
402 3103 500 3168 Adiit
514 3103 683 3169 sacerdos
703 3105 761 3169 ille
781 3103 961 3183 maritum,
978 3103 1036 3168 cui
1050 3105 1214 3170 narravit
1227 3103 1287 3168 iile
1306 3121 1382 3168 rem
1397 3121 1550 3180 omnem,

319 3229 390 3294 qua
415 3212 460 3277 ab
485 3212 562 3293 ipso
587 3222 622 3276 et
646 3213 690 3276 ab
718 3211 796 3276 aliis
820 3212 865 3276 de
890 3211 1015 3277 eadem
1042 3210 1176 3276 familia
1205 3213 1402 3293 intellecta,
1433 3228 1551 3293 genua

318 3319 464 3384 flectens
475 3337 598 3384 coram
613 3320 671 3384 illo
688 3320 781 3398 viro,
798 3336 861 3401 per
882 3319 1016 3384 Christi
1033 3320 1185 3384 vulnera
1204 3321 1347 3384 veniam
1367 3320 1472 3385 uxori
1494 3336 1554 3400 po·

317 3427 487 3508 stulabat,
507 3427 586 3491 aliis
612 3427 730 3492 verbis
748 3427 793 3491 ad
818 3426 1101 3495 misericordiam
1124 3427 1290 3491 maritum
1316 3426 1458 3492 flectere
1481 3435 1553 3491 stu·

316 3536 419 3616 dens;
436 3545 472 3599 at
486 3535 634 3600 maritus
652 3542 691 3598 ut
708 3542 871 3614 surgeret
886 3551 967 3598 eum
988 3534 1183 3614 excitabat,
1199 3544 1235 3598 et
1250 3535 1411 3616 colaphis
1429 3533 1551 3616 potius

317 3661 355 3710 se
370 3643 471 3709 caedi
486 3643 578 3708 velie
592 3642 744 3722 dicebat,
759 3659 867 3723 quam
881 3651 920 3707 ut
934 3644 1038 3707 hoca
1055 3659 1094 3707 se
1115 3651 1305 3724 peteretur.

375 3749 466 3815 3383.
510 3750 760 3816 Perseveravit
781 3750 840 3814 ille
860 3751 1045 3828 sacerdos,
1065 3750 1215 3832 genibus
1238 3750 1465 3830 provolutus,
1486 3766 1552 3831 per

317 3857 471 3923 mediam
495 3858 620 3922 horam
639 3857 675 3922 in
698 3857 906 3922 memoriam
928 3857 961 3922 ei
983 3857 1163 3921 adducens
1188 3858 1386 3938 praemium
1408 3856 1503 3938 quod
1527 3873 1549 3920 a
1621 3913 1625 3919 .

316 3965 393 4031 Deo
408 3974 663 4030 consecuturus
678 3973 786 4038 esset,
803 3965 833 4029 si
848 3964 942 4028 hanc
962 3963 1201 4028 condonasset
1220 3961 1403 4045 injuriam,
1422 3972 1458 4028 et
1479 3963 1552 4027 alia

316 4091 407 4156 quae
422 4072 601 4137 hominem
615 4089 842 4137 commovere
857 4089 963 4152 posse
978 4071 1143 4153 putabat;
1159 4079 1194 4134 ct
1209 4070 1478 4150 perseverantia
1492 4069 1549 4134 de·

316 4199 413 4247 mum
427 4180 547 4244 cordis
562 4180 654 4245 illius
669 4179 836 4245 duritiam
850 4178 1085 4261 expugnavit,
1101 4188 1137 4242 et
1151 4178 1272 4242 statim
1287 4179 1430 4243 veniam
1443 4179 1553 4243 uxori

317 4290 469 4370 donanS,
486 4306 567 4353 eam
581 4287 724 4352 admisit
738 4299 773 4352 et
788 4287 937 4368 pacifice
953 4303 1033 4350 cum
1048 4304 1091 4350 ea
1107 4285 1220 4350 vitam
1233 4286 1318 4366 egit.

360 4495 368 4530 ¹
398 4496 547 4550 alphonsus
557 4495 588 4538 de
599 4493 723 4538 Noronhn
733 4491 845 4537 Pro-rex
854 4491 941 4537 iuerat
951 4497 1013 4536 autc
1023 4489 1218 4538 Mascarcnhaa.
1230 4501 1311 4546 nuper
1322 4491 1379 4536 vita
1395 4493 1555 4539 defunctum.
1663 4524 1667 4533 .

319 4567 358 4612 De
370 4568 414 4612 iilo
423 4567 546 4622 frequen·
557 4570 595 4610 cst
607 4566 704 4610 mentio
713 4575 801 4620 cupra,
813 4571 832 4610 t.
842 4575 878 4618 rr,
889 4574 951 4619 paz.
959 4563 1009 4614 645.
1019 4574 1045 4607 n.
1056 4562 1116 4616 im
1127 4573 1187 4617 pap.
1197 4561 1238 4605 618
1248 4568 1276 4607 et
1285 4573 1349 4618 aeq..
1359 4575 1385 4609 u.
1396 4565 1450 4610 m
1462 4571 1554 4621 etseq.

322 4639 389 4685 Vide
400 4638 554 4692 Ortaunrur,
566 4638 637 4684 Hist,
649 4637 703 4682 Soc.
712 4635 779 4693 Jes„
790 4649 814 4692 p.
825 4647 841 4691 r,
852 4637 897 4682 lib.
908 4647 962 4690 xvi,
971 4645 996 4680 n.
1005 4635 1040 4679 7³.
