3642 5350
796 431 859 489 Au.
881 431 951 490 1556
1432 430 1486 492 687

256 570 462 648 duceretur,
478 574 561 655 quia
577 571 675 655 juxta
690 591 772 640 eam
785 575 961 658 quaedam
976 593 1061 638 area
1082 575 1118 638 in
1135 576 1267 656 optimo
1283 577 1352 640 situ
1367 577 1482 658 posita

256 686 344 757 erat,
360 679 396 742 in
410 697 482 760 qua
496 679 694 761 Collegium
705 690 740 746 et
749 683 902 746 ecclesia
913 682 1098 747 commode
1110 683 1268 746 construi
1280 692 1429 764 poterat;
1447 694 1482 749 et

256 784 352 849 adid
366 785 669 870 Archiepiscopus
683 789 752 853 tria
767 789 876 853 millia
891 789 1103 854 ducatorum
1118 788 1327 855 donaverat.

313 893 405 958 2968.
448 893 695 975 Migraverunt
722 904 842 961 autem
869 897 906 960 in
934 896 1188 962 conductitiam
1216 897 1309 962 banc
1337 897 1496 964 domum'

255 1000 347 1065 inira
371 1012 540 1067 octavam
559 1002 735 1082 Paschae,
755 1014 791 1068 et
809 1002 986 1086 quoddam
1011 1003 1061 1069 ibi
1085 1004 1254 1068 sacellum
1279 1005 1480 1072 conlectum

254 1118 320 1184 est,
336 1109 397 1173 ubi
411 1108 542 1174 Missae
556 1110 730 1175 celebrari
743 1120 904 1192 possent,
921 1120 1065 1176 servata
1081 1110 1233 1192 Collegii
1248 1114 1430 1192 clausura,
1446 1123 1482 1177 et

253 1225 338 1279 tunc
352 1216 493 1281 demum
511 1217 745 1284 Prouincialis
763 1218 994 1283 Marcbenam
1013 1218 1197 1301 proiectus
1216 1229 1285 1298 est,
1307 1221 1402 1302 quod
1421 1237 1481 1302 op·

252 1323 374 1404 pidum
388 1324 453 1388 sub
467 1324 569 1389 Duce
583 1325 701 1390 Arcus
715 1334 780 1405 est,
797 1327 856 1406 qui
872 1343 1032 1391 sororem
1046 1326 1164 1392 Patris
1175 1326 1322 1392 Antonii
1338 1328 1382 1392 de
1396 1326 1483 1392 Cor·

252 1430 345 1495 doba
363 1449 512 1496 uxorem
529 1431 684 1497 babebat
698 1433 725 1511 ²3
748 1442 784 1496 et
802 1433 967 1514 quamvis
983 1433 1058 1514 ipse
1076 1433 1247 1498 Societati
1262 1444 1355 1499 esset
1374 1433 1479 1499 valde

253 1536 415 1602 addictus
430 1538 537 1621 (quod
551 1557 597 1604 ex
610 1539 737 1604 litteris
752 1538 797 1602 ad
812 1537 850 1603 P.
867 1539 1045 1620 ignatium
1059 1549 1215 1620 constat,
1232 1541 1359 1621 quibus
1374 1541 1417 1606 de
1432 1542 1481 1606 in·

252 1643 348 1725 signi
361 1642 550 1710 Societatis
564 1645 683 1711 fructu
701 1647 738 1710 in
756 1645 901 1712 Baetica
921 1648 1066 1727 egregie
1086 1647 1245 1727 scribit),
1269 1645 1345 1728 eJus
1363 1657 1482 1714 tamen

253 1767 343 1815 uxor
361 1750 467 1817 factis
484 1769 587 1818 suam
606 1753 832 1818 devotionem
851 1762 981 1819 testata
1000 1762 1070 1830 est,
1093 1770 1175 1837 cum
1196 1771 1241 1818 ex
1267 1754 1369 1820 bonis
1394 1771 1481 1820 suae

252 1858 344 1923 dotis
361 1858 576 1924 Marchenae
596 1859 792 1941 Collegium
811 1876 951 1940 engere
970 1869 1075 1942 atque
1094 1861 1236 1940 dotare,
1259 1861 1481 1944 approbante

252 1974 371 2030 tamen
385 1967 526 2047 marito,
541 1967 666 2032 voluit.

309 2073 402 2138 2969.
443 2075 496 2140 Eo
516 2075 636 2156 igitur,
659 2085 698 2140 ut
712 2074 780 2139 bac
795 2076 839 2140 de
853 2093 893 2139 re
916 2085 1050 2156 ageret,
1066 2075 1105 2140 P.
1122 2075 1352 2141 Bustamante
1366 2076 1478 2158 profe·

250 2190 341 2261 ctuS,
355 2182 437 2247 inde
451 2181 655 2248 Cordubam
668 2183 782 2246 iturus
796 2191 885 2262 erat,
902 2191 939 2246 ut
954 2183 1096 2247 domum
1112 2183 1331 2264 probationis
1342 2182 1477 2248 Grana·

251 2297 324 2352 tam
338 2288 564 2369 transferret,
580 2289 675 2371 quod
689 2305 772 2354 cum
785 2289 920 2354 sactum
934 2298 1045 2368 esset,
1062 2305 1108 2354 ex
1122 2290 1358 2370 eleemosynis
1373 2291 1480 2355 simul

250 2412 332 2461 cum
343 2397 480 2478 reliquo
494 2396 856 2477 Collegiocommode
875 2396 1057 2461 Granatae
1078 2397 1270 2462 sustentari
1289 2397 1412 2478 potuit.
1434 2396 1480 2462 Et

250 2504 414 2585 quamvis
426 2520 607 2583 numerus,
625 2513 665 2568 ut
678 2503 843 2583 diximus,
857 2504 904 2568 ad
915 2503 1063 2582 triginta
1075 2503 1272 2584 accederet,
1286 2505 1477 2584 eleemosy-

249 2628 332 2677 nam
353 2621 474 2694 petere
491 2629 563 2677 non
588 2627 734 2676 necesse
756 2620 847 2691 erat;
873 2627 954 2676 cum
980 2610 1099 2677 omnia
1121 2612 1324 2677 necessaria
1348 2610 1393 2676 ad
1418 2627 1480 2675 eos

249 2721 342 2785 ultro
356 2720 593 2799 destamentum
609 2720 718 2800 aliqui
736 2718 831 2783 enim
849 2718 971 2798 amici,
995 2718 1140 2801 perinde
1154 2727 1260 2801 atque
1279 2718 1311 2783 si
1330 2718 1477 2783 admini-

248 2827 456 2892 strationem
470 2827 583 2892 nostri
597 2825 746 2906 Collegii
765 2825 1021 2906 suscepissent,
1042 2826 1092 2889 ita
1112 2824 1156 2889 de
1175 2825 1338 2891 omnibus
1358 2842 1475 2890 neces-

248 2935 352 2999 sariis
366 2934 578 3015 quaerendis
592 2940 694 2999 erant
708 2933 861 2997 solliciti.

308 3042 352 3106 Et
367 3041 456 3107 baec
471 3040 515 3105 de
529 3040 688 3122 Collegio
703 3040 931 3106 Granatensi.

534 3388 618 3453 'DE
639 3385 874 3453 COLLEGIO
894 3384 1167 3453 HISPALENSI

306 3679 396 3745 2970.
440 3680 596 3747 Praeiuit
621 3683 691 3747 hoc
713 3701 807 3748 anno
831 3683 963 3748 nostris
988 3682 1249 3764 hispalensibus
1274 3682 1312 3747 P.
1340 3682 1476 3748 Gonza·

246 3791 301 3855 lez
314 3789 336 3853 ¹.
354 3789 441 3858 Illud
455 3798 575 3855 tamen
589 3788 786 3871 Collegium
800 3791 920 3873 potius
933 3790 1116 3871 professae
1131 3790 1257 3854 domus
1280 3807 1387 3873 quam
1406 3792 1476 3855 col-

246 3897 419 3977 legiorum
438 3914 584 3962 munera
606 3897 674 3963 hoc
688 3907 848 3978 tempore
862 3890 1068 3977 exercebam
1090 3896 1292 3978 frequenter
1313 3898 1425 3961 nostri
1441 3907 1476 3962 et

246 4021 327 4069 cum
341 4021 473 4085 magno
493 4006 610 4070 fructu
630 4005 934 4071 concionabantur
949 4002 1060 4087 [circa
1076 4001 1124 4086 id]
1141 4004 1234 4085 quod
1255 4004 1475 4085 experientia

288 4251 296 4283 ¹
324 4248 391 4294 Vlde
401 4260 487 4305 supra,
498 4255 518 4293 t.
529 4260 564 4301 tv.
576 4260 636 4304 pag.
645 4248 694 4303 ⁴7⁰,
706 4261 731 4294 ιι.
743 4248 802 4303 lim,
813 4254 902 4293 annot.
914 4250 934 4303 l,
944 4250 994 4293 iet
1006 4248 1028 4301 3,
1040 4248 1081 4291 ubl
1097 4256 1182 4291 sermo
1197 4252 1237 4291 eat
1251 4247 1282 4291 de
1294 4246 1326 4291 D.
1341 4246 1476 4293 Ludovlco

246 4320 434 4376 Chrlstopboro
444 4320 527 4365 Pouce
538 4321 569 4364 de
579 4320 661 4377 Leon,
671 4320 742 4365 Duce
752 4320 819 4365 lide
835 4320 920 4365 Areos
930 4321 1037 4376 ejusque
1052 4330 1140 4375 uxore,
1153 4318 1184 4363 D.
1195 4316 1279 4363 Maria
1294 4319 1326 4363 de
1337 4316 1434 4363 Tuledo
1448 4326 1475 4363 et

246 4392 384 4448 Flguerom
399 4400 425 4437 et
439 4392 562 4438 litterae
575 4391 811 4445 Quadrlmestres,
821 4396 841 4437 t.
855 4403 892 4448 ιν,
907 4403 967 4447 paq.
982 4392 1031 4445 419,
1044 4397 1132 4434 annot.
1149 4390 1170 4435 b.
1185 4389 1224 4434 De
1240 4388 1281 4434 hle
1297 4390 1364 4435 lnlra
1379 4391 1472 4435 redlblt

245 4474 340 4510 nermo.

285 4536 297 4568 ⁸
324 4536 352 4582 P.
363 4536 539 4582 Gnadlsalrns
549 4534 686 4591 Gonaalea,
697 4535 728 4579 de
739 4546 788 4591 qno
799 4535 859 4580 vide
869 4546 957 4590 supra,
971 4543 990 4579 t.
1002 4546 1028 4587 v,
1038 4544 1099 4590 paq.
1110 4532 1159 4585 485,
1175 4545 1200 4577 n.
1214 4532 1267 4579 1816
1276 4540 1302 4579 et
1311 4545 1374 4589 aeq,
1385 4536 1429 4579 ubl
1442 4534 1473 4579 de

245 4606 361 4664 Colletlo
372 4608 519 4662 Hispalensl
528 4618 612 4652 sermo
621 4610 669 4651 est.
681 4607 723 4651 Ad
731 4606 799 4652 bunc
808 4618 903 4652 annam
914 4612 1035 4662 spectant
1043 4602 1165 4649 Litterae
1174 4603 1403 4660 Quadrimeslres,
1412 4612 1430 4651 t·
1440 4616 1477 4653 tv.

244 4691 306 4735 paq.
315 4680 350 4733 8¹,
360 4680 409 4735 262,
419 4680 469 4735 tta,
479 4682 571 4735 quibas
581 4678 708 4723 Polaticus
719 4686 758 4724 est
774 4691 845 4730 usus,
