3642 5350
369 401 426 466 626
829 403 957 464 Canon.
979 399 1054 462 Soc.
1074 401 1144 476 Jns.

432 547 524 612 2694.
567 547 748 614 lnvisebat
762 567 843 614 eum
857 547 954 612 domi
972 547 1163 627 aliquando
1182 545 1341 611 Nuncius
1363 545 1606 626 Apostolicus,

371 666 408 721 et
422 659 534 721 multo
549 657 711 721 crebrius
725 656 762 720 id
776 656 931 734 fecisset,
949 655 1017 718 nisi
1032 654 1268 720 Prouincialis
1288 671 1326 717 se
1341 653 1377 719 id
1389 670 1497 734 aegre
1516 653 1609 718 serre

371 763 622 843 significasset.
639 763 680 828 In
695 765 750 828 his
765 775 884 828 autem
902 779 996 844 quae
1011 762 1058 826 ad
1079 760 1181 827 Sedis
1201 760 1436 843 ‚Apostolicae
1456 761 1607 826 auctori·

372 880 483 936 tatem
506 871 741 952 pertinebant,
764 889 844 936 eam
865 887 1012 951 operam
1035 871 1067 934 ei
1089 869 1248 933 navabat
1269 868 1306 932 P.
1331 868 1547 934 Franciscus
1572 877 1607 932 et

373 978 622 1059 ProuincialiS,
638 988 676 1042 ut
691 978 829 1043 Nuncio
844 979 881 1042 in
896 995 939 1042 ea
955 987 1056 1058 parte
1078 976 1217 1040 abunde
1236 975 1436 1040 satisfieret.

433 1085 524 1149 2695.
568 1084 695 1149 Invisit
711 1086 818 1150 etiam
833 1103 914 1149 eum
926 1083 1053 1150 Comes
1068 1082 1214 1148 Stabilis
1225 1083 1402 1148 Casteliae
1415 1081 1423 1114 ¹
1436 1093 1475 1147 ut
1486 1083 1606 1164 aliqua

371 1209 454 1256 cum
478 1192 556 1272 ipso
582 1202 766 1268 tractaret,
789 1201 824 1256 et
848 1209 1064 1273 propensum
1086 1189 1253 1255 affectum
1275 1207 1362 1270 erga
1389 1189 1603 1254 Societatem

373 1299 602 1377 ostendebat,
620 1299 786 1380 quamvis
801 1309 946 1364 cantum
961 1299 996 1362 in
1012 1316 1070 1376 ea,
1087 1297 1385 1378 quemadmodum
1400 1306 1434 1362 et
1449 1296 1510 1361 alii
1523 1314 1608 1360 non·

373 1407 473 1484 nulli,
490 1417 620 1487 exopta
627 1408 697 1483 bat;
715 1425 781 1470 nec
796 1408 910 1470 solum
927 1423 1019 1486 quae
1035 1406 1070 1469 in
1085 1405 1246 1486 Collegio
1260 1405 1531 1483 Vallisoietano,
1544 1403 1607 1468 sed

372 1513 484 1578 etiam
511 1531 603 1593 quae
627 1511 805 1577 Simancis
829 1513 1046 1592 gerebantur
1061 1513 1157 1591 (nam
1185 1510 1323 1576 duabus
1338 1521 1476 1576 tantum
1494 1513 1607 1576 leucis

373 1621 584 1684 Vallisoleto
600 1621 636 1685 id
650 1621 818 1710 oppidum
835 1620 969 1698 distat),
987 1617 1032 1700 [ei
1045 1619 1151 1683 valde
1167 1617 1435 1700 probabantur].

433 1725 525 1791 2696.
567 1728 663 1791 Inter
685 1729 865 1808 praelatos
888 1735 923 1791 et
944 1727 1034 1790 alios
1056 1743 1225 1806 proceres
1247 1743 1370 1790 eorum
1399 1743 1604 1805 regnorum,

372 1834 434 1916 qui
459 1851 568 1914 opera
593 1834 662 1898 Dei
686 1835 723 1898 in
747 1835 879 1898 nostris
903 1833 1049 1898 novitiis
1072 1833 1198 1897 referri
1224 1831 1426 1913 audiebant,
1453 1834 1512 1896 vel
1530 1833 1605 1913 ipsi

372 1950 638 2022 spectaverant,
665 1941 837 2022 optimum
863 1939 1052 2005 Societatis
1077 1939 1223 2003 odorem
1255 1940 1483 2020 spargebant.
1516 1938 1605 2002 Tam

372 2049 474 2112 multi
489 2059 608 2112 autem
623 2047 811 2112 societatis
825 2047 1061 2110 ministerium
1075 2064 1120 2110 ex
1135 2046 1246 2110 variis
1266 2046 1354 2109 locis
1377 2045 1603 2126 expetebant,

374 2169 413 2219 ut
429 2156 526 2218 nulla
542 2155 680 2218 ratione
694 2155 747 2218 eis
763 2165 882 2233 posset
896 2153 1074 2218 satisfieri.

438 2261 530 2325 2697.
574 2260 745 2342 Princeps
760 2270 879 2324 autern
900 2261 1057 2342 Joauna,
1075 2271 1109 2325 et
1125 2260 1249 2324 eadem
1265 2260 1522 2340 Gubernatrix,
1538 2276 1609 2322 mo·

375 2369 461 2433 dum
476 2369 650 2432 excedere
665 2368 702 2431 in
717 2367 846 2432 affectu
857 2384 944 2448 erga
956 2366 1170 2432 Societatem
1182 2367 1381 2446 videbatur,
1394 2375 1429 2430 et
1440 2365 1607 2446 quamvis

376 2476 439 2552 illi,
458 2477 517 2556 qui
538 2474 808 2555 gubernationis
828 2473 1042 2538 universalis
1063 2474 1215 2538 ministri
1230 2485 1347 2551 erant,
1366 2489 1474 2553 aegre
1490 2471 1609 2536 admo·

373 2585 458 2648 dum
487 2583 647 2646 serebant
676 2581 771 2662 quod
802 2581 929 2645 litteris
952 2581 1170 2662 Apostolicis
1198 2580 1300 2645 Pauli
1320 2580 1371 2645 IV
1396 2589 1607 2643 revocatum

372 2701 469 2756 esset
484 2685 681 2754 subsidium
696 2697 845 2770 quartae
860 2690 973 2769 partis
991 2689 1169 2753 fructuum
1181 2688 1506 2752 ecclesiasticorum
1518 2686 1609 2767 Regi

374 2798 630 2879 Hispaniarum
647 2797 745 2875 prius
767 2812 976 2874 concessae,
994 2813 1075 2859 curn
1095 2796 1307 2876 praesertim
1329 2812 1371 2859 eo
1390 2806 1549 2875 tempore
1564 2793 1608 2856 de

375 2903 622 2985 recuperanda
636 2904 756 2980 Busia,
773 2920 880 2983 quam
896 2904 1060 2966 saraceni
1080 2906 1186 2983 paulo
1207 2915 1289 2966 ante
1309 2901 1345 2965 in
1366 2900 1491 2965 Africa
1506 2917 1608 2965 occu·

375 3023 562 3094 paverant,
578 3009 673 3072 etad
695 3011 845 3073 classem
865 3009 1112 3073 instruendam
1127 3026 1295 3088 magnam
1309 3009 1362 3072 rei
1381 3007 1609 3089 pecuniariae

374 3119 524 3200 penuria
535 3117 771 3190 laboraretur;
786 3117 899 3179 nostri
913 3127 1033 3180 tamen
1045 3116 1247 3196 Principem
1257 3116 1434 3199 Joannam
1446 3115 1482 3178 in
1495 3113 1610 3179 officio

375 3234 411 3289 et
426 3224 626 3288 obedientia
642 3222 744 3287 Sedis
759 3223 989 3303 Apostolicae
1006 3225 1268 3287 continuerunt.

434 3330 527 3395 2698.
571 3330 661 3394 Cum
675 3331 773 3393 venit
788 3329 827 3393 P.
843 3330 873 3393 F
875 3331 1060 3393 ranciscus
1076 3331 1119 3395 de
1135 3330 1243 3411 Rojas
1259 3330 1302 3393 ad
1325 3331 1463 3393 curiam
1476 3328 1612 3392 Princi-

374 3440 431 3521 pis
449 3439 610 3522 Joannae
625 3449 667 3522 ut
690 3436 823 3501 Abbati
849 3436 1006 3501 Verulae
1026 3446 1060 3501 et
1080 3440 1241 3517 generali
1259 3436 1407 3501 Vicario
1428 3436 1610 3516 Archiepi·

377 3548 476 3627 scopi
500 3544 828 3623 Caesaraugustam
849 3545 993 3607 veniam
1014 3544 1233 3624 impetraret,
1257 3554 1290 3607 et
1317 3562 1360 3607 ne
1385 3543 1432 3607 ad
1460 3544 1609 3621 curiam,

377 3665 483 3734 prout
495 3653 616 3733 jussus
629 3651 756 3727 suerat,
774 3652 896 3714 venire
908 3662 1114 3730 cogeretur,
1130 3652 1229 3729 nihil,
1245 3658 1283 3714 ut
1298 3650 1451 3713 diximus
1462 3649 1490 3729 ¹,
1504 3650 1611 3730 impe·

376 3761 498 3840 travit;
516 3759 681 3840 quamvis
695 3758 726 3820 ei
742 3758 780 3820 P.
795 3757 914 3821 Araoz
929 3758 1091 3835 astiterit,
1108 3759 1168 3838 qui
1186 3758 1362 3821 rationem
1380 3758 1503 3821 scribit
1517 3758 1611 3821 hanc

376 3868 502 3946 fuisse3
519 3866 630 3947 quod,
656 3865 810 3943 scilicet,
834 3865 1004 3945 Princeps
1024 3883 1105 3929 cum
1127 3865 1274 3929 consilio
1289 3882 1456 3946 supremo
1471 3864 1610 3944 Arago-

376 3976 458 4039 niae
474 3966 688 4051 contulerat,
707 3982 741 4035 et
755 3989 799 4034 eo
815 3973 1050 4053 approbante,
1075 3972 1227 4052 fecerat,
1252 3989 1495 4053 quaecumque
1510 3972 1547 4035 in
1560 3972 1610 4035 fa·

376 4098 501 4146 vorem
516 4080 704 4159 Societatis
718 4088 862 4142 nostrae
876 4080 973 4142 sacta
987 4078 1159 4159 diximus3
1176 4089 1210 4142 et
1224 4080 1319 4159 quod
1339 4097 1411 4142 non
1431 4078 1611 4142 obeditum

376 4198 472 4253 esset
486 4188 598 4267 regiis
613 4186 741 4249 litteris
761 4195 796 4248 et
816 4186 1116 4249 executorialibus
1134 4186 1186 4264 (ut
1203 4186 1362 4265 vocant),
1379 4185 1556 4263 effecerat,
1572 4193 1611 4248 ut

375 4314 448 4359 non
460 4294 535 4375 jam
550 4311 660 4357 causa
675 4292 863 4356 Societatis
878 4303 1021 4355 nostrae
1036 4303 1257 4373 censeretur,
1275 4293 1337 4355 sed
1358 4292 1469 4372 ipsius
1489 4292 1611 4372 regiae

418 4499 427 4531 ¹
455 4498 549 4542 Petrus
560 4497 712 4542 Fernandez
723 4497 754 4541 de
764 4496 888 4549 Veiasco,
898 4497 930 4539 de
940 4508 990 4551 quo
1000 4508 1080 4551 saepe
1090 4508 1196 4541 numero
1207 4498 1232 4541 in
1243 4498 1340 4542 nostris
1355 4496 1522 4542 Mouuuuttms
1538 4498 1610 4542 tacte

375 4575 417 4614 est
426 4569 531 4613 mentio.
542 4568 609 4612 Vide
618 4569 759 4623 praecipue
769 4578 858 4622 supra,
869 4574 888 4611 t.
899 4578 925 4618 v,
936 4578 997 4621 pag.
1007 4566 1056 4621 aet,
1067 4578 1091 4611 n.
1102 4568 1149 4621 981,
1159 4574 1249 4612 annot.
1261 4568 1280 4611 1.

417 4642 428 4672 ¹
455 4640 522 4685 Vide
532 4650 621 4695 supra,
633 4651 657 4684 n.
667 4640 722 4684 2391
733 4646 760 4683 et
770 4650 825 4694 seq.
