3642 5350
806 414 871 473 ΑΝ.
893 414 963 473 1556
1463 415 1499 473 91

266 559 415 623 Sacram
431 558 567 624 Aedem
583 547 841 638 confluxerint,⁸
853 575 916 639 per
936 556 1139 638 hujusmodi
1157 559 1344 622 missiones
1366 560 1499 639 placuit

269 664 347 730 Deo
374 666 496 730 utilem
518 665 667 747 Collegii
687 665 880 730 Lauretani
904 683 1049 747 operam
1070 665 1107 730 in
1126 665 1246 729 multis
1268 664 1389 730 Piceni
1410 667 1500 732 locis

267 771 418 836 efficere.

309 878 380 943 305
425 879 528 960 Quod
547 881 592 944 ad
612 881 727 961 ipsum
746 889 866 944 autem
886 879 1084 960 Collegium
1099 879 1339 945 Lauretanum
1359 881 1497 961 attinet,

269 996 458 1068 postquam
479 1004 649 1051 numerus
664 988 710 1052 ad
724 987 976 1069 quadraginta,
996 995 1035 1050 ut
1049 988 1213 1067 superius
1228 988 1382 1052 diximus
1400 989 1420 1068 ¹,
1438 1006 1498 1052 au-

268 1103 348 1158 ctus
361 1094 439 1173 fuit,
456 1095 602 1174 spiritus
616 1095 724 1159 etiam
746 1095 782 1158 in
804 1094 930 1158 eodem
952 1111 994 1157 ac
1013 1093 1137 1157 fervor
1156 1104 1282 1157 auctus
1297 1093 1496 1158 videbatur.

268 1197 413 1264 Classes
441 1201 691 1265 humaniorum
718 1202 916 1265 litterarum
944 1210 1017 1264 tres
1049 1201 1235 1265 distinctae
1270 1200 1428 1277 fuerunt,
1464 1213 1499 1265 et

268 1307 390 1371 omnia
404 1323 629 1388 magnacum
645 1308 822 1371 suavitate
837 1317 871 1370 et
887 1306 1131 1371 aedificatione
1143 1308 1292 1370 aliorum
1304 1323 1346 1370 ae
1361 1315 1497 1371 nostro·

268 1430 348 1476 rum
370 1413 488 1478 fructu
510 1415 810 1494 transigebantur.
832 1413 963 1493 Quinto
983 1413 1120 1477 decimo
1146 1431 1285 1494 quoque
1305 1413 1362 1478 die
1385 1415 1498 1478 nostri

268 1520 475 1584 scholastici
488 1521 667 1601 publicam
686 1522 883 1586 orationem
902 1521 1092 1599 habebant,
1116 1537 1186 1601 qua
1205 1537 1338 1600 magna
1357 1538 1439 1585 curn
1459 1522 1498 1586 li·

270 1627 407 1690 bertate
423 1644 466 1691 ac
479 1626 622 1692 fervore
636 1629 695 1692 vel
710 1628 755 1691 ad
770 1628 943 1692 virtutum
961 1644 1120 1690 amorem
1141 1627 1320 1707 impellere
1339 1629 1397 1690 vel
1411 1645 1432 1690 a
1447 1629 1497 1691 vi·

268 1733 327 1795 tiis
342 1733 520 1798 deterrere
541 1734 725 1798 audientes
748 1734 961 1798 nitebantur.
986 1733 1197 1797 paucissimi
1218 1743 1338 1797 tamen
1356 1743 1498 1814 praeter

268 1849 413 1904 nostros
429 1839 475 1904 ad
489 1841 659 1904 lectiones
674 1841 901 1918 accedebant,
918 1841 1002 1921 quia
1018 1858 1083 1904 nec
1099 1840 1135 1902 in
1150 1839 1279 1919 oppido
1291 1857 1356 1903 nec
1368 1839 1404 1902 iu
1418 1840 1496 1921 ipso

268 1947 401 2027 templo
416 1957 518 2011 erant
540 1948 599 2028 qui
615 1947 741 2011 litteris
762 1947 876 2010 excoli
900 1948 1032 2010 veilent
1052 1956 1112 2010 aut
1132 1956 1288 2026 possent.
1305 1945 1432 2011 Aditus
1447 1956 1497 2009 ta·

268 2070 352 2116 men
366 2054 528 2118 omnibus
544 2053 590 2117 ad
604 2053 774 2118 lectiones
789 2054 942 2134 patebat.

328 2158 399 2223 305.
443 2160 575 2241 inipso
591 2177 699 2242 porro
714 2161 846 2241 templo
861 2160 899 2224 B.
917 2159 1079 2239 Virginis
1098 2159 1255 2240 quotidie
1270 2160 1309 2223 P.
1326 2160 1496 2241 Montoya

268 2267 456 2330 lectionem
478 2283 626 2330 casuum
647 2267 899 2346 conscientiae,
927 2267 984 2330 cui
1000 2265 1013 2296 ¹
1031 2266 1188 2330 maxima
1209 2283 1294 2345 pars
1308 2268 1496 2330 canonico·

269 2390 349 2436 rum
364 2391 406 2436 ac
418 2374 708 2454 presbyterorum
725 2374 930 2451 intererant,
946 2373 1184 2453 praelegebat.

330 2479 400 2542 307.
444 2480 550 2544 Pater
575 2489 693 2544 autem
719 2479 907 2555 oliverius,
934 2479 1081 2559 Rector‚
1110 2479 1296 2545 dominicis
1325 2496 1368 2543 ac
1396 2479 1497 2544 iestis

269 2586 407 2664 diebus,
425 2587 470 2651 ab
485 2588 571 2668 ipsis
586 2587 661 2653 Cal.
677 2587 838 2671 Januarii
853 2587 1065 2667 inchoando,
1078 2587 1273 2668 Epistolam
1284 2587 1323 2651 B.
1337 2585 1438 2651 Pauli
1450 2588 1495 2651 ad

267 2692 473 2759 Corinthios
488 2696 702 2776 explicabat;
723 2705 758 2759 et
777 2696 960 2776 utriusque
974 2692 986 2725 ³
1002 2696 1102 2759 labor
1116 2694 1270 2759 fructum
1284 2712 1355 2758 nou
1376 2697 1496 2775 poeni·

267 2800 414 2866 tendum
428 2801 588 2883 proferre
602 2802 801 2867 videbatur.
819 2800 1057 2866 Concionator
1072 2811 1201 2881 autem,
1218 2802 1278 2884 qui
1290 2800 1327 2865 P.
1341 2801 1497 2888 Lauren·

268 2908 339 2972 tius
353 2907 544 2972 Palatinus
559 2920 647 2989 erat,
660 2909 764 2972 statis
777 2909 996 2989 temporibus
1010 2926 1075 2972 suo
1089 2908 1242 2989 fungens
1264 2907 1390 2986 officio,
1414 2927 1495 2973 cum

267 3016 409 3095 pietatis
435 3032 477 3079 ac
503 3016 689 3081 doctrinae
713 3014 974 3079 existimatione
999 3014 1148 3079 verbum
1174 3014 1242 3080 Dei
1264 3016 1396 3079 utiliter
1416 3033 1494 3096 pro·

267 3122 436 3201 ponebat;
452 3122 535 3203 quia
550 3131 669 3186 tamen
685 3121 730 3185 ad
745 3123 917 3201 templum
932 3138 1056 3185 omnes
1070 3139 1142 3187 non
1157 3123 1428 3201 conveniebant,
1447 3123 1493 3187 ad

268 3229 404 3308 plateas
419 3230 526 3309 aliqui
545 3248 590 3293 ex
608 3228 778 3293 iratribus
793 3229 1033 3307 mittebantur,
1056 3229 1116 3310 qui
1127 3230 1262 3293 otiosae
1280 3228 1495 3294 multitudini

265 3336 439 3399 salutaria
454 3336 666 3400 documenta
681 3336 738 3399 vel
753 3335 875 3400 invitis
891 3335 1130 3400 obtruderent.

328 3439 399 3504 308.
443 3441 533 3507 Cum
547 3442 763 3523 perexiguus
777 3442 823 3505 sit
842 3444 995 3522 populus
1014 3451 1049 3505 et
1072 3443 1183 3509 variis
1203 3445 1497 3525 occupationibus

265 3546 452 3611 districtus
471 3549 506 3611 in
527 3548 656 3629 oppido
679 3548 894 3629 Lauretano,
918 3559 953 3612 et
975 3548 1059 3630 quia
1079 3548 1280 3613 divinorum
1300 3549 1497 3616 officiorum

266 3665 397 3718 cantus
411 3672 454 3719 ac
468 3655 666 3736 frequentia
681 3666 715 3719 et
729 3656 897 3736 strepitus
911 3656 1182 3737 peregrinorum
1196 3673 1303 3736 saepe
1318 3658 1497 3723 concioni·

270 3760 338 3823 bus
352 3762 468 3826 locum
480 3778 552 3825 non
566 3762 711 3841 dabant,
727 3762 844 3826 minus
860 3765 991 3826 multae
1005 3762 1135 3826 ibidem
1151 3762 1370 3827 habebantur
1386 3782 1493 3845 quam

270 3884 337 3948 pro
351 3884 450 3932 more
465 3866 653 3933 Societatis
668 3869 748 3933 aliis
763 3871 800 3934 in
815 3870 954 3951 populis
970 3870 1094 3935 haberi
1115 3872 1242 3934 solent.
1264 3869 1353 3934 Cum
1375 3880 1496 3935 tamen

267 3974 390 4055 aliqui,
407 3992 452 4039 ex
471 3974 527 4039 his
548 3976 608 4057 qui
628 3976 864 4040 adveniebant
888 3976 1126 4056 magnatibus,
1149 3994 1212 4040 eas
1234 3978 1417 4058 optabant,
1432 3997 1493 4043 no·

307 4215 317 4250 Ι
345 4214 411 4259 Vide
420 4226 499 4270 cupra
515 4221 534 4261 t.
544 4226 571 4270 v,
581 4227 640 4271 pag.
649 4216 683 4268 ⁹1,
694 4227 719 4261 n.
729 4216 777 4267 232.
788 4217 831 4260 ubi
847 4217 915 4261 ratio
930 4217 1082 4272 proponitur
1096 4228 1143 4261 cur
1157 4218 1304 4263 “crescente
1315 4218 1340 4262 ln
1350 4218 1405 4264 dier
1415 4231 1497 4265 mesre

264 4284 444 4333 Lauretum...
460 4287 578 4332 iundatio
591 4287 734 4333 Lauretuui
749 4287 858 4343 Collegit
873 4295 975 4331 mutata
990 4288 1046 4341 iuit,
1063 4298 1090 4333 et
1105 4289 1230 4332 tredecim
1244 4290 1287 4332 vei
1302 4290 1498 4343 quatuordecim

264 4359 416 4404 sacerdotes
428 4371 459 4403 ex
474 4360 571 4404 nostrin
587 4359 680 4404 ibidem
695 4360 787 4414 teneri,
804 4360 979 4416 quadraginta
993 4368 1081 4404 autem
1097 4372 1202 4404 numero
1217 4372 1304 4405 omnes
1319 4369 1422 4406 nostros
1440 4375 1497 4408 eme

262 4431 436 4475 constitutum
446 4438 508 4485 ent...
898 4432 900 4437 ’

306 4502 319 4535 ¹
346 4501 376 4547 ln
385 4514 432 4548 mo.
447 4504 520 4558 prius
534 4504 659 4559 scriptum
674 4510 732 4549 erat
748 4504 792 4549 cui
806 4506 893 4548 nostri
905 4505 1060 4549 sacerdotes
1074 4506 1254 4559 quorum-ned
1269 4506 1356 4551 deleta
1370 4513 1429 4551 tunt
1444 4506 1498 4551 tria

264 4576 356 4632 priora
365 4576 454 4627 rerba,
465 4586 531 4629 curn,
541 4581 569 4620 ut
579 4576 652 4620 uobis
663 4576 765 4631 quidem
774 4575 886 4630 videtur,
897 4576 1007 4620 delenda
1016 4585 1102 4621 essent
1113 4577 1164 4621 tria
1173 4578 1329 4632 posteriora.

308 4646 321 4680 ¹
348 4648 417 4704 Seii,
428 4646 515 4691 Patrio
524 4646 647 4693 hioutova
656 4656 681 4692 et
693 4648 781 4692 Putris
790 4646 916 4692 Mauarel.
