3642 5350
350 435 405 494 ott
808 432 936 493 Canon.
957 431 1033 492 Soc.
1055 431 1124 504 Jns.

351 590 388 646 et
401 582 522 645 statim
536 578 701 658 dialogus
715 577 860 658 quidam
873 577 939 642 fuit
959 577 1150 654 exhibitus,
1168 578 1204 641 in
1228 593 1301 658 quo
1326 587 1399 642 tros
1422 591 1577 655 sorores,

352 687 600 769 grammatica,
615 685 793 750 rhetorica
808 695 842 748 et
857 684 1056 764 dialectica,
1073 685 1116 749 de
1136 685 1290 766 primatu
1306 683 1578 763 contendebant;

352 805 387 858 et
401 812 482 859 cum
493 792 603 874 judex
621 802 716 856 esset
736 789 888 868 Momus,
908 793 1115 872 supervenit
1134 792 1250 856 victus
1270 802 1304 856 et
1324 809 1466 856 sorores
1480 809 1578 856 coro·

352 902 452 967 navit
475 902 544 965 boc
569 910 687 981 pacto,
712 909 752 963 ut
776 898 844 962 sibi
871 899 1059 977 servirent,
1082 909 1117 963 et
1141 900 1246 964 finem
1270 900 1435 980 dialogus
1455 901 1579 964 habuit

350 1008 629 1092 precationibus,
659 1007 787 1088 quibus
815 1005 978 1086 singulae
1003 1023 1147 1070 sorores
1175 1007 1398 1088 praedictae,
1428 1007 1579 1087 genibus

352 1116 465 1197 flexis,
480 1115 635 1195 gratiam
649 1132 670 1177 a
686 1112 764 1178 Deo
779 1115 1022 1194 postulabant,
1040 1123 1077 1179 ut
1092 1131 1130 1178 se
1150 1125 1244 1178 totas
1262 1113 1338 1195 ejus
1357 1115 1526 1195 obsequio
1545 1123 1580 1178 et

351 1223 531 1288 communi
544 1221 640 1285 bono
653 1220 907 1302 impenderent,
925 1238 1013 1302 quae
1029 1238 1087 1286 res
1102 1222 1148 1286 ad
1164 1238 1334 1302 magnam
1354 1222 1580 1286 devotionem

352 1329 579 1406 auditorium,
595 1328 690 1410 quod
704 1327 870 1409 frequens
884 1337 973 1406 erat,
994 1330 1200 1394 commovit.

411 1435 502 1501 2899.
545 1434 625 1500 Non
656 1445 710 1498 est
739 1443 858 1499 autem
887 1436 1076 1500 inchoatus
1108 1436 1354 1518 philosophiae
1383 1453 1510 1501 cursus
1538 1455 1581 1500 eo

353 1555 512 1626 tempore
528 1542 536 1575 ¹
551 1543 597 1608 ob
621 1543 790 1606 honestas
814 1559 955 1621 causa8,
971 1542 1065 1624 quod
1080 1559 1191 1624 aegre
1209 1546 1366 1609 tulerunt
1385 1544 1506 1625 aliqui,
1521 1543 1581 1625 qui

350 1653 425 1733 jam
440 1651 620 1716 biennium
634 1650 762 1714 litteris
781 1650 1049 1715 humanioribus
1071 1651 1107 1714 in
1127 1651 1241 1731 prima
1263 1653 1378 1714 classe
1396 1649 1579 1716 dederant:

353 1761 553 1824 maluerunt
566 1767 685 1821 tamen
704 1757 740 1819 in
760 1773 892 1821 annum
918 1767 1124 1838 sequentem
1147 1758 1236 1822 haec
1262 1756 1379 1822 studia
1406 1767 1579 1839 spectare,

354 1881 461 1948 quam
472 1865 518 1929 ad
533 1865 623 1928 alias
636 1863 897 1928 Universitates
910 1881 950 1928 se
966 1863 1139 1930 conferre.

412 1971 505 2037 2900.
547 1971 740 2036 Florebant
767 1979 886 2035 autem
919 1972 1064 2036 scholae
1098 1973 1347 2037 humaniorum
1382 1973 1579 2038 litterarum

354 2097 501 2145 numero
516 2079 730 2154 auditorum,
745 2079 806 2159 qui
819 2079 867 2143 ad
881 2089 1061 2144 trecentos
1076 2080 1298 2159 ascenderat,
1314 2090 1349 2144 et
1363 2097 1434 2144 non
1450 2079 1581 2145 medio·

354 2191 463 2276 criter
489 2188 526 2252 in
553 2187 746 2250 virtutibus
772 2196 807 2250 et
828 2185 955 2250 litteris
981 2187 1230 2268 proficiebant,
1257 2197 1292 2252 et
1321 2188 1512 2252 conciones
1537 2187 1583 2252 ad

355 2306 542 2377 utrumque
556 2311 619 2358 eos
632 2294 837 2358 animabant
852 2302 887 2357 et
901 2293 1130 2374 adjuvabant.
1153 2294 1276 2377 Aliqui
1302 2315 1345 2360 ex
1364 2297 1416 2360 eis
1431 2296 1583 2360 orationi

355 2404 463 2470 dediti
477 2411 593 2482 erant,
609 2410 644 2465 et
659 2401 801 2483 quidem
816 2419 887 2466 non
902 2403 1018 2483 pauci,
1036 2401 1082 2466 ad
1096 2420 1203 2484 quam
1217 2405 1325 2468 etiam
1344 2405 1583 2469 voluntariam

355 2511 641 2592 flagellationem,
658 2509 734 2573 sive
749 2510 985 2592 disciplinam,
1001 2511 1169 2591 privatim
1190 2510 1385 2592 addebant;
1401 2495 1584 2577 ettamen

356 2621 408 2687 eis
422 2635 529 2701 quam
543 2635 589 2683 ex
610 2617 690 2683 aliis
710 2618 954 2700 popularibus,
975 2620 1174 2700 complures
1188 2618 1397 2699 religionem
1412 2619 1583 2701 ingredie·
1606 2623 1608 2628 '

356 2730 501 2807 bantur3
530 2726 721 2807 praecipue
749 2736 938 2807 postquam
964 2724 1002 2789 P.
1032 2724 1195 2791 Ramirez
1221 2729 1339 2809 coepit
1367 2728 1582 2807 concionari,

357 2836 458 2901 multi
471 2852 517 2898 ex
530 2836 582 2899 eis
596 2833 643 2899 ad
656 2832 873 2900 Societatem
885 2834 1106 2914 aspirabant;
1122 2844 1156 2897 et
1170 2852 1216 2899 ex
1230 2836 1281 2900 eis
1296 2836 1434 2917 aliquos
1449 2836 1484 2899 in
1502 2835 1583 2899 Por·

356 2944 539 3025 tugalliam
549 2942 588 3005 P.
606 2940 734 3005 Zarate
751 2941 896 3020 dimisit,
915 2958 1003 3022 quos
1017 2942 1145 3006 ibidem
1155 2943 1193 3005 in
1206 2940 1422 3009 Societatem
1436 2942 1584 3007 libenter

357 3050 587 3115 admiserunt.

416 3155 507 3221 2901.
550 3154 630 3220 Hoc
642 3173 737 3220 anno
750 3160 763 3195 ¹
775 3172 900 3220 cursus
915 3154 1180 3237 philosophicus
1194 3157 1260 3222 suit
1275 3158 1462 3223 inchoatus
1476 3168 1512 3223 et
1525 3175 1584 3240 po·

357 3264 676 3345 sitionespublicae
687 3263 874 3327 dominicis
885 3262 1009 3326 diebus
1020 3272 1101 3344 post
1112 3264 1296 3329 meridiem
1309 3274 1391 3329 ante
1402 3265 1586 3330 doctrinae

358 3372 574 3436 christianae
588 3370 848 3451 expositionem
862 3370 1155 3449 defendebantur,
1168 3372 1204 3435 iu
1216 3372 1343 3454 quibus
1354 3372 1497 3453 ingenia
1508 3388 1584 3436 cor·

357 3479 582 3559 dubensium‚
602 3479 750 3559 quaein
770 3476 943 3559 Hispania
964 3477 1069 3541 valde
1089 3479 1332 3545 commendari
1355 3482 1486 3561 solent,
1508 3496 1587 3545 sese

358 3586 566 3669 prodebant.

417 3692 508 3759 2902.
551 3692 714 3758 Aderant
734 3692 891 3772 religiosi
917 3692 1061 3774 quidam
1083 3704 1118 3758 et
1137 3704 1305 3776 parentes
1319 3695 1584 3777 discipulorum,

357 3803 503 3883 quinon
518 3816 645 3882 parum
659 3800 915 3864 consolationis
930 3801 1173 3882 percipiebant
1192 3802 1277 3866 dum
1297 3802 1387 3867 lilios
1408 3802 1587 3885 disputan·

358 3921 411 3974 tes
425 3910 658 3987 intuerentur;
675 3916 710 3971 et
725 3907 803 3972 Deo
817 3908 956 3988 gratias
971 3908 1127 3989 agebant
1138 3910 1232 3990 quod
1247 3918 1384 3975 tantum
1398 3911 1482 3975 boni
1503 3910 1585 3975 Cor·

358 4017 489 4081 dubam
508 4015 697 4079 attulisset.

417 4122 508 4187 2903.
552 4123 607 4194 Ex
620 4123 677 4187 his
691 4122 934 4202 scholasticis,
955 4124 1016 4203 qui
1035 4123 1071 4187 in
1090 4122 1303 4190 Societatem
1323 4144 1362 4190 se
1377 4126 1515 4193 admitti
1529 4142 1587 4207 po·

357 4232 555 4310 stulabant,
586 4230 699 4294 donec
729 4231 957 4294 absolverent
985 4231 1114 4295 artium
1148 4233 1363 4297 curriculum
1398 4241 1589 4314 expectare

358 4338 580 4419 jubebantur.
597 4336 669 4401 Alii
684 4345 803 4401 autem
817 4337 911 4416 laici,
928 4337 988 4417 qui
1002 4336 1071 4400 hoc
1090 4338 1206 4418 ipsum
1221 4340 1405 4419 petebant,
1421 4358 1502 4405 cum
1518 4340 1589 4404 ani·
1648 4346 1650 4349 ’

399 4544 407 4574 ¹
436 4540 550 4595 Sclllcet,
560 4543 671 4598 infesto
681 4542 730 4586 su.
740 4541 831 4588 Lucae
840 4543 909 4586 anni
917 4542 1074 4597 praeterret,
1081 4542 1183 4597 quando
1191 4549 1334 4600 coeperant
1343 4546 1435 4591 studia
1445 4545 1578 4591 renovari

359 4618 388 4655 ut
397 4622 481 4667 nuper
491 4614 589 4658 dictum
599 4618 648 4667 eet,
658 4625 682 4657 ιι.
692 4612 755 4657 2897.

399 4684 411 4715 ¹
438 4682 574 4739 Nimirum,
585 4694 652 4729 anno
662 4683 723 4728 loeo.
