3642 5350
364 435 419 495 ito
811 432 939 494 Canon.
958 430 1036 491 Soc.
1056 431 1126 504 Jus.

361 582 441 645 dem
458 580 606 645 Fulvius
624 580 701 660 ejus
722 579 962 660 expectationi
982 577 1196 642 satisfecisse
1214 577 1412 658 videbatur,
1431 595 1498 642 nec
1517 576 1594 659 eius

359 708 469 771 opera
485 689 633 752 multum
648 704 795 751 usurum
813 703 891 749 esse
914 685 1106 750 verisimile
1126 692 1214 749 erat.
1229 684 1308 749 Hoc
1323 692 1462 749 constat
1483 685 1590 767 quod,

359 806 465 861 aucto
480 814 628 860 numero
643 795 903 875 operariorum,
920 811 1000 857 cum
1020 793 1066 857 ab
1086 811 1127 857 eo
1142 803 1277 875 peteret
1291 792 1329 859 P.
1350 792 1592 873 Hieronymus

359 915 398 968 ut
412 922 589 968 annonam
605 912 762 982 augeret,
785 903 968 982 repulsam
988 918 1069 964 cum
1090 901 1238 965 honesta
1255 901 1485 965 excusatione
1501 900 1590 978 tulit,

359 1012 524 1094 quamvis
539 1012 643 1092 paulo
659 1019 750 1092 post,
767 1009 981 1075 adveniente
1001 1008 1038 1071 P.
1053 1006 1183 1087 Natali,
1201 1025 1292 1088 earn,
1308 1017 1347 1071 ut
1360 1008 1526 1089 superius
1542 1008 1592 1072 di·

359 1122 500 1199 ximus,
523 1118 783 1198 aliquantulum
797 1114 804 1145 '
816 1116 967 1179 auxerit.
989 1114 1058 1179 Sed
1078 1132 1225 1196 prorsus
1244 1114 1320 1196 eJus
1340 1116 1592 1195 eleemosynae

319 1302 320 1307 ἵ
359 1228 489 1292 multas
513 1226 549 1289 in
574 1236 693 1305 partes
710 1232 811 1287 erant
834 1222 1056 1302 dividendae;
1079 1240 1145 1285 nec
1161 1240 1206 1286 ex
1222 1221 1360 1286 deiectu
1378 1223 1591 1286 benevolen-

361 1335 431 1398 tiae
446 1349 532 1413 erga
548 1331 762 1395 Societatem
781 1348 824 1394 ea
843 1330 1022 1394 restrictio
1037 1329 1221 1393 accidebat
1234 1328 1259 1409 ¹3
1275 1346 1360 1393 nam
1374 1337 1594 1411 quantopere

363 1441 401 1505 P.
429 1441 607 1521 Ignatium
632 1438 804 1519 diligeret,
832 1454 914 1501 cum
939 1437 982 1501 de
1003 1436 1079 1518 ejus
1104 1437 1201 1501 obitu
1220 1438 1404 1516 intellexit,
1427 1437 1596 1517 lacrymis

361 1550 468 1614 etiam
482 1557 634 1611 testatus
648 1557 713 1626 est;
731 1545 825 1627 quod
840 1554 874 1608 et
888 1546 968 1608 aliis
982 1544 1059 1625 ejus
1074 1543 1278 1609 domesticis
1292 1544 1434 1609 accidit.

420 1655 492 1720 514.
536 1654 627 1718 Suae
643 1654 785 1733 linguae
800 1650 812 1683 ³
828 1652 935 1715 etiam
950 1652 1151 1732 operarium
1166 1660 1199 1715 et
1215 1651 1342 1715 aetatis
1356 1652 1592 1732 provectioris

361 1764 454 1827 haud
471 1762 574 1827 dubie
587 1761 750 1823 libentius
767 1759 812 1823 ad
825 1778 864 1823 se
880 1759 1027 1823 missum
1043 1760 1249 1840 accepisset.
1266 1758 1402 1823 Placuit
1416 1759 1450 1824 ei
1470 1760 1593 1824 nihilo·

363 1871 478 1934 minus
496 1868 560 1933 Dr.
576 1868 723 1931 Fulvius
742 1877 776 1930 et
796 1866 937 1948 quidem
951 1866 988 1928 in
1002 1866 1077 1929 dies
1099 1866 1226 1946 magiS,
1246 1876 1436 1947 postquam
1450 1865 1592 1931 Domini

363 1978 517 2042 Garciae
538 1976 735 2055 Maurique,
759 1974 818 2054 qui
843 1974 1043 2037 Cardinalis
1067 1981 1214 2053 patruus
1231 1981 1307 2037 erat
1334 1982 1368 2037 et
1394 1973 1593 2037 Plasentiae

271 2102 279 2121 ·
363 2085 588 2150 Gubernator
603 2082 718 2147 iuerat
729 2080 752 2161 ⁴,
769 2082 918 2147 sedtum
930 2082 1139 2161 aegrotabat
1151 2079 1245 2162 apud
1258 2079 1495 2160 Cardinalem,
1510 2099 1594 2145 con·

362 2192 557 2256 sessionem
573 2190 719 2255 audivit.

422 2300 491 2364 515.
533 2300 678 2363 Distulit
703 2306 821 2361 autem
849 2296 1098 2361 tractationem
1125 2295 1342 2360 fundationis
1371 2295 1519 2375 Collegii
1550 2297 1595 2360 ad

361 2409 451 2472 festa
467 2408 637 2481 natalitia,
652 2408 806 2487 aliquam
817 2406 947 2468 bonam
959 2405 1184 2468 occasionem
1194 2414 1399 2484 expectans
1410 2402 1483 2483 jarn
1495 2404 1594 2467 enim

362 2516 450 2579 satis
465 2516 686 2579 intellexerat
700 2515 818 2576 locum
833 2510 892 2576 S.¹¹
911 2511 1063 2591 Aegidii,
1085 2512 1121 2574 in
1138 2528 1208 2591 quo
1227 2510 1339 2575 nostri
1353 2512 1592 2575 versabantur

365 2641 436 2687 non
457 2623 623 2687 idoneum
642 2622 756 2686 videri
771 2621 816 2685 ad
836 2618 986 2699 Collegii
1005 2618 1271 2698 institutionem,
1293 2621 1457 2700 quamvis
1471 2617 1509 2682 P.
1527 2617 1596 2683 Na·

364 2732 445 2794 talis
460 2749 531 2794 non
547 2746 762 2810 magnopere
777 2729 1050 2810 praeferendum
1064 2728 1182 2791 locum
1196 2725 1255 2791 85¹
1272 2726 1397 2807 Vigilii
1418 2727 1597 2790 existima·

366 2846 418 2902 ret
434 2855 499 2900 nec
514 2848 658 2901 nostros
673 2853 738 2899 suo
752 2837 831 2899 loco
847 2836 986 2899 moveri
1000 2834 1140 2898 debere.
1160 2835 1205 2898 Et
1224 2843 1414 2915 antequam
1429 2843 1595 2914 ageretur

365 2963 447 3008 curn
462 2945 607 3008 civitate
623 2944 665 3007 de
681 2942 872 3019 dotatione,
890 2945 948 3006 vel
962 2960 1043 3006 cum
1057 2942 1148 3021 aliis,
1165 2941 1212 3005 ad
1226 2958 1315 3022 quos
1332 2941 1530 3021 spectabat,
1545 2940 1596 3022 ju·

366 3052 523 3115 dicatum
538 3060 591 3114 est
616 3050 783 3131 expedire
803 3061 841 3113 ut
863 3050 965 3113 bonis
984 3058 1018 3113 et
1039 3049 1175 3112 sanctis
1194 3049 1360 3129 operibus
1378 3047 1493 3112 nostri
1517 3048 1598 3112 insi·

368 3169 513 3237 stenteS,
530 3158 738 3223 Senensium
752 3159 883 3222 bonam
899 3158 942 3221 de
954 3176 992 3220 se
1003 3158 1300 3221 existimationem
1314 3174 1357 3220 ac
1373 3156 1596 3220 devotionem

370 3275 553 3346 augerent.
570 3267 613 3330 Et
630 3268 677 3329 ita
698 3267 816 3329 multis
837 3267 873 3329 in
894 3266 1119 3330 monasteriis
1140 3272 1175 3328 et
1195 3265 1263 3344 piis
1284 3264 1372 3328 locis
1390 3265 1504 3328 nostri
1525 3272 1598 3327 tres

368 3374 575 3437 sacerdotes
597 3374 788 3437 conciones
810 3372 1035 3454 frequentare
1058 3382 1261 3453 coeperunt,
1284 3370 1324 3436 P.
1347 3371 1538 3435 Laurentio
1561 3371 1597 3434 in

368 3481 572 3545 Cathedrali
587 3481 749 3558 ecclesia,
767 3480 804 3543 P.
822 3479 1040 3560 Hieronymo
1055 3481 1091 3544 in
1106 3489 1228 3543 nostro
1244 3481 1385 3560 templo,
1403 3488 1438 3542 et
1453 3477 1490 3542 P.
1517 3476 1598 3542 Ful·

371 3589 428 3652 vio
444 3589 480 3651 in
495 3588 575 3652 aliis
590 3589 676 3650 locis
691 3589 914 3667 potissimum
928 3587 1077 3650 verbum
1092 3586 1160 3650 Dei
1175 3587 1415 3667 praedicante.

428 3695 500 3759 516.
544 3695 632 3759 Cum
648 3705 764 3758 autem
780 3693 817 3759 P.
835 3691 973 3758 Natalis
988 3693 1188 3757 admisisset
1203 3693 1396 3758 Antonium
1414 3691 1597 3772 Vitelium,

370 3803 581 3884 quibusdam
609 3802 881 3882 suppellectibus
911 3801 1052 3865 donatis
1080 3801 1366 3865 commoditatem
1393 3809 1599 3864 nostrorum

372 3910 487 3990 auxit;
504 3910 566 3973 sed
580 3927 626 3972 ex
641 3907 715 3989 ejus
731 3908 884 3990 quadarn
900 3909 1004 3972 domo
1020 3918 1054 3971 et
1068 3925 1169 3988 agro,
1186 3926 1290 3989 quem
1301 3908 1465 3987 habebat,
1477 3924 1598 3988 perpe·

413 4115 421 4148 ¹
450 4113 667 4168 pantanum.

413 4187 424 4219 ¹
453 4187 490 4230 De
503 4189 551 4230 hoc
563 4193 688 4242 tempore,
698 4198 756 4230 curn
765 4187 819 4242 Jam
830 4191 937 4241 propter
948 4187 1079 4238 ingentem
1093 4189 1316 4244 eleemosynarum
1330 4187 1432 4241 copiam
1445 4186 1602 4242 pauperibus

372 4267 508 4312 erogatam
522 4257 600 4311 (Vide
617 4269 703 4313 supra.
717 4270 778 4312 pag.
797 4259 844 4328 222,
859 4270 882 4301 n.
898 4258 940 4301 too
954 4267 980 4302 et
994 4259 1045 4308 lot)
1058 4259 1211 4302 exhaustum
1226 4264 1283 4303 crat
1301 4258 1448 4302 Cardinalis
1462 4258 1604 4310 Burgensls

372 4331 511 4384 aerarium,
522 4342 568 4374 nec
579 4331 683 4378 nostris.
696 4341 759 4385 quos
770 4331 824 4385 ipse
835 4336 989 4384 vocaverat,
1004 4331 1143 4374 subvenire
1159 4337 1272 4385 poterat,
1289 4331 1486 4386 intelligendum
1499 4331 1604 4374 videtur

373 4403 435 4446 illud
447 4403 512 4457 quod
523 4402 602 4447 habet
614 4404 738 4456 Anniam,
750 4403 809 4446 dum
819 4405 913 4446 acerbe
924 4402 990 4446 satis
1005 4402 1031 4445 in
1046 4403 1114 4447 huuc
1124 4401 1289 4446 Cardinalem
1299 4403 1447 4449 invehitur:
1457 4401 1603 4446 “Mostrm

373 4475 404 4518 de
415 4474 498 4518 havet
509 4475 622 4518 carestla
632 4475 659 4518 di
669 4475 769 4521 vivere.
781 4485 795 4517 e
805 4475 831 4518 di
842 4485 891 4518 non
901 4482 977 4529 poter
986 4475 1086 4518 nutrire
1096 4475 1114 4518 ll
1124 4477 1217 4531 popolo
1226 4479 1256 4519 ne
1265 4476 1291 4519 la
1298 4473 1560 4530 guardia...„1storia
1570 4473 1604 4518 de

373 4549 434 4590 suoi
444 4545 538 4600 tempi,
547 4547 580 4589 ad
592 4557 650 4590 nnn.
663 4547 724 4590 1556.

413 4619 424 4651 ³
452 4617 668 4672 Scil.,hlspanae.

412 4690 425 4723 ⁴
452 4689 518 4734 Vide
529 4700 616 4744 supra,
625 4696 644 4734 t.
656 4701 691 4745 tv,
702 4701 762 4744 pag.
775 4689 822 4746 139,
833 4702 856 4735 n.
868 4690 920 4734 alo.
