3642 5350
840 486 968 557 ennon.
988 483 1066 558 Soc.
1085 482 1106 571 J
1149 539 1156 555 .

380 643 488 725 dium,
518 644 713 726 postulavit
737 662 757 707 a
786 642 824 707 P.
855 630 1004 725 lan'oyo
1033 644 1083 723 (ut
1110 644 1382 716 concionaretur
1410 636 1607 708 Archiduci

379 750 620 829 Ferdinando)
647 750 743 832 Mag.
770 750 963 816 Martinum
982 750 1257 816 Stevordianum
1273 752 1335 816 ,vel
1359 749 1454 831 Mag.
1478 751 1608 833 Jonam

378 859 560 924 Adlerum.
577 857 667 923 Cum
682 868 800 923 autern
813 852 1047 939 posteriorem
1061 860 1200 923 mittere
1214 860 1444 938 decrevisset,
1457 867 1492 922 et
1506 858 1607 923 brevi

377 985 459 1031 cum
473 967 651 1048 Episcopo
672 966 873 1030 Labacensi
891 984 937 1029 ex
955 964 1031 1045 ejus
1050 968 1257 1047 episcopatu
1277 964 1472 1030 rediturum
1487 982 1605 1047 spera·

376 1084 442 1154 ret,
459 1092 481 1137 a
496 1074 702 1154 nescioquo
718 1074 892 1137 intellexit
904 1074 998 1153 quod
1008 1073 1177 1137 Labacho
1188 1072 1284 1153 Mag.
1296 1072 1407 1157 Jonas
1418 1083 1555 1136 secreto
1567 1090 1606 1137 se

375 1182 592 1260 seduxisset,
608 1197 698 1261 quae
713 1198 771 1246 res
786 1198 917 1262 magno
933 1182 1054 1245 dolore
1069 1181 1107 1245 P.
1123 1180 1310 1261 Lanoyum
1325 1180 1458 1259 affecit,
1474 1179 1605 1261 quoda

376 1288 555 1354 Societate
570 1289 686 1370 ipsum
700 1288 871 1353 defecisse
887 1289 1132 1361 arbitraretur.
1155 1299 1190 1353 et
1204 1288 1351 1354 timebat
1365 1307 1410 1352 ne
1430 1289 1474 1351 ob
1489 1305 1605 1369 repre·

375 1398 524 1461 hensam
545 1396 657 1477 ipsius
681 1397 880 1460 libertatern
893 1397 1105 1477 quibusdam
1126 1397 1163 1460 in
1186 1397 1303 1477 rebuS,
1328 1386 1419 1478 qua‘e
1444 1406 1606 1460 nostrum

375 1504 577 1569 Institutum
601 1521 728 1585 parum
753 1503 937 1584 decebant,
963 1505 1189 1584 recessisset;
1212 1502 1274 1568 sed
1296 1505 1403 1584 longe
1422 1504 1526 1567 aliter
1546 1520 1605 1567 res

359 1611 538 1699 babebat.
560 1610 648 1675 Cum
668 1611 761 1675 enim
784 1621 955 1675 evocatus
979 1611 1103 1675 fuisset
1129 1610 1224 1697 Mag.
1251 1610 1361 1695 Jonas
1380 1628 1402 1673 a
1422 1610 1605 1691 praedicto

374 1718 492 1799 Patre,
513 1730 548 1783 et
566 1736 639 1783 non
657 1719 760 1783 facile
775 1729 936 1799 speraret
951 1736 990 1783 se
1005 1720 1097 1783 bona
1118 1736 1199 1783 cum
1220 1719 1327 1782 venia
1346 1719 1479 1782 civium
1500 1718 1606 1781 avelli

374 1844 491 1908 posse,
508 1825 660 1908 eoquod
679 1827 910 1906 magistratus
929 1837 964 1891 et
978 1826 1130 1892 Senatus
1150 1839 1186 1891 et
1209 1827 1383 1907 primores
1408 1826 1506 1889 urbis
1524 1843 1604 1889 eum

374 1934 587 2016 perlibenter
615 1933 788 2013 audirent,
818 1934 935 2015 ipsum
949 1934 1058 1999 etiam
1082 1934 1285 2015 Capitulum
1300 1933 1519 2012 Labacense,
1543 1930 1603 2015 [et]

375 2042 674 2122 Archiepiscopus
689 2058 797 2122 aegre
811 2041 919 2105 ferret
939 2060 1131 2121 recessum,
1157 2052 1297 2106 secreto
1322 2058 1360 2105 se
1385 2040 1551 2104 subduxit
1564 2052 1603 2105 ut

374 2148 551 2213 Viennam
573 2166 618 2213 ex
639 2148 836 2213 obedientia
859 2150 1007 2229 veniret,
1021 2146 1160 2214 'decano
1175 2159 1313 2212 tantum
1332 2158 1366 2212 et
1388 2148 1525 2212 duobus
1544 2148 1604 2211 vel

374 2256 488 2320 tribus
503 2256 582 2320 aliis
597 2273 699 2320 suum
713 2273 893 2320 recessum
907 2256 1125 2338 significanS,
1142 2257 1306 2338 quamvis
1321 2256 1513 2319 canonicus
1529 2254 1601 2336 qui·

375 2365 469 2443 dam,
485 2364 546 2444 qui
560 2363 596 2427 id
610 2364 818 2444 resciverat,
833 2381 898 2445 per
913 2382 1024 2445 equos
1038 2364 1228 2445 dispositos
1239 2364 1338 2427 illum
1352 2371 1406 2427 est
1418 2372 1599 2444 sequutus

375 2480 418 2526 ac
433 2465 580 2526 multum
595 2473 810 2544 conquestus
823 2463 918 2543 quod
932 2465 990 2527 ille
1005 2464 1056 2528 sic
1072 2462 1265 2528 recederet.

437 2568 526 2632 1468.
568 2568 693 2633 Voluit
704 2579 822 2634 autem
834 2570 1036 2651 Capitulum
1047 2571 1233 2652 pecuniam
1246 2570 1278 2633 ei
1289 2586 1354 2651 pro
1365 2586 1465 2634 more
1476 2566 1602 2632 offerre

375 2679 420 2743 ob
441 2688 646 2759 susceptum
665 2678 942 2760 praedicationis
960 2680 1131 2759 laborem,
1147 2677 1211 2743 sed
1229 2678 1433 2743 institutum
1448 2675 1601 2742 Societa-

374 2786 419 2849 tis
433 2784 659 2864 declarando,
677 2803 747 2867 quo
762 2786 954 2867 quidquam
969 2786 1170 2868 hujusmodi
1184 2786 1372 2850 admittere
1392 2785 1600 2865 prohibeba-

374 2903 442 2973 tur,
458 2892 544 2956 nihil
559 2889 713 2972 admisit.

435 2999 522 3063 1469.
566 2999 744 3064 Viennam
756 3017 842 3082 ergo
853 3002 1007 3082 redienS,
1020 3000 1187 3082 Pragam,
1201 3011 1239 3065 ut
1251 3000 1523 3065 concionaretur
1534 2997 1600 3064 Ar·

372 3107 513 3172 chiduci
527 3107 766 3189 Ferdinando,
783 3110 913 3173 missus
927 3122 981 3173 est
996 3109 1017 3173 ¹.

433 3213 521 3279 1470.
563 3213 601 3280 Ρ.
619 3213 814 3280 Gaudanus
833 3218 900 3281 hoc
922 3229 1081 3297 tempore
1105 3218 1253 3281 molesta
1268 3216 1358 3279 tussi
1379 3225 1414 3279 et
1433 3214 1599 3278 diuturna

369 3323 566 3402 laborabat,
588 3341 654 3386 nec
673 3332 791 3387 tamen
807 3325 994 3389 lectionem
1008 3325 1188 3406 publicam
1207 3324 1410 3403 theologiae
1428 3321 1599 3386 intermit-

369 3431 476 3495 tebat.
494 3430 710 3495 Concionem
721 3441 851 3510 tamen,
869 3449 949 3496 cum
966 3431 1060 3513 apud
1074 3431 1209 3511 Regem
1222 3431 1354 3494 habere
1368 3429 1494 3494 solitus
1508 3437 1597 3507 erat,

369 3539 497 3617 omisit,
510 3537 632 3618 eteius
646 3539 763 3603 locum
775 3540 869 3620 Mag.
884 3539 1058 3604 Martinus
1070 3549 1130 3604 aut
1142 3539 1237 3619 Mag.
1249 3539 1361 3621 Jonas
1373 3537 1596 3618 supplebant.

431 3645 518 3710 1471.
562 3645 671 3709 Misso
687 3657 804 3710 autem
824 3645 974 3710 Romam
996 3646 1034 3710 P.
1056 3647 1206 3726 Erardo‚
1229 3645 1374 3709 novitiis
1395 3643 1598 3724 praefectus

368 3763 422 3816 cst
441 3752 479 3816 P.
500 3751 651 3816 Carolus
671 3753 777 3832 GruS‚
799 3771 915 3817 novus
934 3753 1113 3832 sacerdoS,
1137 3755 1198 3835 qui
1222 3770 1306 3816 suas
1325 3751 1499 3834 primitias
1519 3752 1596 3831 ipso

367 3859 423 3923 die
437 3859 643 3924 Nativitatis
658 3859 697 3922 B.
714 3861 877 3940 Virginis
897 3862 1034 3925 obtulit.
1057 3860 1162 3924 Pater
1183 3871 1303 3925 autem
1324 3859 1482 3942 Joannes
1504 3858 1596 3938 Dyr·

367 3967 440 4031 sius
455 3967 607 4032 ministri
622 3966 775 4031 officium
791 3971 957 4049 suscepit,
974 3968 1068 4050 quod
1084 3968 1234 4033 Carolus
1250 3967 1453 4032 exercebat.

428 4074 516 4138 1472.
559 4073 718 4138 Nuncius
733 4074 962 4156 Apostolicus
981 4075 1178 4157 Delphinus
1192 4072 1215 4155 ¹,
1233 4072 1444 4157 quibusdam
1462 4074 1596 4139 nostris

365 4189 400 4244 et
425 4182 503 4246 aliis
528 4183 704 4262 theologis
726 4184 876 4262 vocatis,
898 4184 972 4262 egit
994 4201 1073 4247 cum
1087 4183 1175 4264 ipsis
1197 4201 1243 4245 an
1268 4181 1418 4246 Diaetae
1446 4181 1594 4246 ratisbo-

363 4290 466 4353 nensi
481 4291 664 4371 expediret
678 4291 793 4371 ipsum
809 4291 992 4371 interesse,
1008 4293 1090 4355 licet
1110 4290 1189 4354 Rex
1202 4291 1279 4371 ipse
1293 4306 1335 4353 eo
1356 4307 1429 4352 non
1442 4289 1593 4370 veniret,

404 4460 413 4493 ¹
443 4459 491 4503 llic
502 4469 588 4504 tamen
598 4459 677 4514 Jonas
695 4461 783 4516 Adler,
799 4461 843 4516 qul
857 4462 927 4506 lacto
942 4473 989 4506 sno
1002 4461 1096 4518 LanoJl
1113 4462 1220 4506 timores
1234 4472 1300 4506 nunc
1310 4460 1426 4514 dispulit,
1441 4469 1473 4504 ac
1488 4465 1594 4503 strenue

363 4541 410 4586 per
420 4531 508 4586 plnres
517 4532 602 4576 adbuc
613 4533 773 4576 continenter
784 4545 865 4578 anuos
879 4535 1044 4579 concionlbus
1059 4535 1185 4580 habendls
1200 4533 1347 4586 desudavit,
1358 4545 1375 4576 a
1385 4530 1516 4576 Societate
1526 4530 1596 4575 deul·

363 4615 413 4658 que
422 4603 518 4647 deiecit
527 4615 596 4648 auno
606 4604 666 4648 15⁶2.
687 4604 752 4648 Vide
763 4617 850 4660 supra,
862 4615 881 4650 t.
891 4620 918 4660 v,
928 4619 989 4661 pag.
1005 4607 1054 4661 2⁶6,
1065 4619 1089 4650 ιι.
1099 4607 1148 4660 738;
1165 4607 1380 4658 Βιιιιιιιιιιιιιιιιιιι,
1398 4603 1481 4649 Beati
1491 4601 1596 4648 canisii

363 4675 498 4730 epistulae
509 4679 534 4718 et
545 4679 615 4728 arta,
625 4683 643 4720 t.
655 4688 681 4730 ιι,
692 4689 751 4732 pag.
761 4679 795 4728 ol,
807 4687 895 4722 annot.
904 4679 926 4732 8,
937 4689 962 4722 et
972 4687 1094 4723 auctores
1103 4680 1130 4723 iu
1140 4680 1182 4723 llis
1191 4679 1256 4723 locis
1266 4678 1397 4722 laudatos.

403 4747 414 4779 i
441 4746 585 4792 Zachnrlas
596 4749 720 4793 Delfiuus.
734 4749 800 4793 Vide
811 4762 898 4806 supra,
910 4763 935 4794 n.
947 4751 1007 4795 rtet.
