3642 5350
374 370 433 439 306
837 374 965 438 Canon.
985 372 1061 437 Soc'.
1081 375 1151 453 Jas.

379 524 488 595 stulta
503 522 677 605 quaedam
692 532 725 587 et
741 523 888 604 puerilia
905 522 1108 603 cantabant,
1124 540 1251 587 manus
1264 540 1351 604 erga
1367 522 1525 589 cadaver
1541 542 1604 589 ex·

382 630 567 709 tendendo,
579 640 613 695 et
625 630 767 694 domum
778 630 978 712 planctibus
990 630 1169 710 replendo,
1186 631 1303 695 crines
1313 648 1397 695 suos
1408 632 1604 710 evellendo,

376 748 415 803 e't
429 738 605 817 unguibus
620 737 747 803 iaciem
763 736 1037 802 conscindendo.
1054 737 1099 801 Et
1114 737 1177 801 hic·
1186 738 1303 803 luctus
1317 754 1389 801 non
1407 739 1525 819 unius,
1541 738 1604 804 sed

381 846 611 927 plurimorum
630 846 767 910 dierum
786 853 875 924 erat,
897 852 932 909 et
950 845 1041 909 duos
1058 862 1102 909 ac
1121 854 1194 909 tres
1214 862 1328 909 annos
1347 845 1510 925 durabat,
1533 860 1604 928 quo

382 962 552 1033 tempore,
575 952 720 1016 Missam
741 969 812 1015 non
828 951 1030 1030 audiebant,
1046 969 1112 1015 nec
1128 952 1236 1015 ullum
1250 961 1515 1018 sacramentum
1528 970 1605 1019 sus·

374 1060 576 1141 :cipiebant3
605 1068 640 1122 et
668 1058 751 1123 dum
779 1060 954 1136 viverent,
979 1060 1076 1122 nulla
1100 1060 1239 1123 ratione
1264 1060 1301 1124 in
1325 1061 1494 1142 templum
1517 1060 1605 1127 iliud

383 1177 500 1231 essent
513 1166 677 1247 ingressi,
694 1166 753 1229 ubi
768 1166 925 1229 cadaver
939 1164 1063 1229 suisset
1077 1166 1252 1246 sepultum
1271 1164 1290 1228 ¹.

445 1273 532 1339 1227.
576 1274 678 1337 Hanc
699 1273 989 1336 consuetudinem
1008 1272 1157 1336 Pro-rex
1176 1273 1332 1355 Joannes
1352 1271 1395 1336 de
1410 1273 1525 1355 Vega,
1545 1275 1607 1355 qui

378 1382 496 1446 'zelum
517 1380 590 1445 Dei·
603 1380 770 1459 habebat,
791 1380 873 1444 licet
892 1380 1072 1459 extirpare
1091 1381 1282 1461 propositis
1306 1378 1431 1445 edictis
1456 1393 1606 1447 conatus

381 1488 508 1569 fuerat,
525 1505 597 1551 non
612 1498 730 1551 tamen
745 1487 781 1551 id
797 1488 947 1551 obtinuit
961 1485 984 1547 ¹.
1000 1488 1040 1551 In
1051 1488 1261 1569 quibusdam
1278 1496 1396 1552 tamen
1417 1489 1505 1552 locis
1522 1490 1606 1554 abu·

383 1612 446 1661 sus
463 1598 520 1660 hic
542 1596 656 1661 iuerat
679 1596 895 1659 imminutus.
916 1593 1055 1659 Nostris
1074 1595 1192 1675 itaque
1210 1612 1281 1659 non
1302 1597 1433 1675 exigua
1459 1596 1604 1661 occasio

383 1704 464 1768 inde
488 1705 695 1785 suppetebat
720 1712 845 1765 contra
870 1703 965 1765 nunc
988 1702 1193 1782 gentilicum
1218 1710 1254 1766 et
1280 1703 1471 1782 pessimum
1497 1704 1605 1769 ritum

383 1829 468 1876 suos
483 1820 632 1875 conatus
646 1808 861 1873 intendendi.

376 1938 379 1947 ¹
446 1916 533 1982 1228.
577 1916 756 1998 Capitales
771 1916 976 1981 inimicitiae
991 1925 1026 1981 et
1041 1916 1123 1981 odia
1142 1934 1213 1980 non
1233 1935 1349 1998 pauca
1367 1918 1524 1983 extincta
1544 1937 1603 1984 no·

383 2035 537 2090 strorum
553 2040 660 2105 opera
676 2024 827 2088 fuerunt.
849 2022 945 2087 inter
959 2024 1047 2087 duos
1062 2023 1250 2105 primarios
1265 2026 1363 2090 cives
1381 2034 1454 2090 tam
1472 2043 1606 2106 graves

383 2133 658 2197 intercesserant
673 2131 880 2209 simultates,
896 2139 936 2194 ut
950 2132 1026 2194 sola
1043 2148 1137 2195 mors
1151 2132 1333 2197 videretur
1351 2150 1414 2196 eas
1432 2150 1538 2214 posse
1557 2134 1605 2198 di·

383 2240 528 2318 rimere;
554 2238 616 2301 sed
635 2254 727 2301 unus
748 2255 792 2301 ex
809 2236 980 2301 iratribus
998 2238 1121 2318 paucis
1142 2239 1263 2303 verbis
1281 2257 1345 2322 per
1364 2240 1430 2304 Dei
1449 2242 1605 2320 gratiam

378 2346 541 2425 obtinuit,
563 2355 601 2411 ut
622 2344 689 2408 sibi
708 2354 829 2410 mutuo
854 2342 1001 2426 injurias
1025 2344 1278 2426 condonarent,
1301 2355 1336 2411 et
1354 2348 1390 2411 in
1412 2348 1605 2415 amicitiam

380 2455 473 2517 laeto
486 2453 605 2517 animo
620 2452 786 2516 redirent.

441 2560 529 2624 1229.
572 2558 791 2623 Peculiarem
807 2576 931 2625 curam
945 2576 1078 2640 eorum,
1091 2560 1151 2642 qui
1165 2561 1201 2624 in
1215 2562 1357 2641 publica
1372 2562 1533 2627 custodia
1548 2562 1606 2627 de·

364 2666 598 2748 'tinebantur,
619 2665 730 2732 nostri
750 2677 996 2749 susceperunt,
1020 2678 1055 2732 et
1076 2668 1202 2733 crebro
1221 2668 1315 2750 apud
1334 2687 1396 2733 eos
1415 2670 1606 2735 conciones

378 2775 588 2854 habuerunt,
609 2783 643 2839 et
657 2775 894 2839 confessarios
914 2775 1047 2839 eisdem
1067 2776 1313 2857 providerunt;
1335 2776 1429 2857 quod
1448 2794 1512 2859 pro
1533 2793 1605 2842 ma·

377 2883 474 2947 ximo
489 2881 670 2960 beneficio,
687 2883 747 2963 qui
761 2881 808 2945 ibi
823 2881 1083 2963 detinebantur,
1100 2893 1326 2964 acceperunt,
1343 2901 1424 2948 cum
1437 2893 1521 2950 ante
1541 2901 1603 2948 no·

377 2999 531 3054 strorum
559 2988 750 3053 adventum
775 2989 951 3054 neminem
975 2989 1157 3070 haberent,
1184 3007 1299 3072 aquo
1323 2992 1600 3058 consolationem

378 3097 487 3161 ullam
497 3097 726 3178 spiritualem,
741 3105 811 3178 aut,
825 3114 905 3162 cum
917 3107 1157 3179 aegrotarent,
1170 3098 1427 3162 absolutionem
1437 3099 1601 3164 obtinere

377 3213 534 3285 possent.

379 3361 380 3366 ,
439 3311 525 3375 1230.
569 3310 721 3392 Quidam
734 3311 841 3376 etiam
854 3311 996 3392 iuvenis
1010 3311 1033 3392 ³,
1048 3329 1153 3393 quem
1163 3313 1313 3393 gravius
1323 3312 1502 3393 castigare
1511 3312 1605 3396 judi·

378 3433 453 3499 ces,
470 3436 577 3501 quam
592 3419 752 3500 aequitas
773 3419 898 3499 ferret,
922 3420 1104 3500 volebant,
1125 3429 1327 3485 nostrorum
1348 3421 1603 3486 intercessione

418 3623 426 3656 t
454 3622 521 3668 Vide
533 3634 597 3680 opus
607 3635 687 3678 nuper
697 3624 742 3670 cit.
751 3633 811 3680 paz.
821 3623 958 3668 sinerent.

394 3683 397 3690 ’
416 3695 428 3728 1
455 3693 496 3739 En
506 3687 606 3740 summa
616 3687 786 3752 quarumdem
797 3693 1025 3750 Pragmaticnrnm
1034 3696 1084 3741 huc
1093 3696 1275 3753 spectantium:

417 3764 584 3810 Pandantes
594 3777 717 3811 securos.
746 3764 774 3811 ln
785 3766 908 3820 domibus,
919 3767 962 3810 ubi
971 3767 1030 3822 quis
1038 3765 1175 3812 defunctus
1184 3767 1272 3820 inerit,
1281 3776 1331 3812 non
1346 3769 1503 3816 conveniunt
1517 3769 1607 3816 nelle·

373 3848 421 3882 res
431 3837 568 3892 practicae.
579 3849 644 3893 quae
654 3839 731 3893 vulco
741 3837 862 3882 dicuntur
872 3837 1055 3893 reputntrices,
1067 3850 1113 3882 nec
1124 3840 1223 3894 possint
1233 3841 1355 3885 mulieres
1364 3852 1458 3900 ιιιιςιιο
1468 3843 1570 3888 ululatu
1577 3848 1605 3888 et

376 3909 438 3952 nitin
448 3909 604 3953 clamoribus
615 3909 761 3964 deplorare,
771 3907 819 3953 nisi
827 3919 875 3964 per
884 3915 939 3952 tres
949 3908 1003 3954 dies
1013 3916 1124 3954 tuntum.

417 3979 695 4024 earnemcarnem.
723 3979 784 4026 Post
795 3989 849 4024 tren
859 3979 924 4033 dies,
933 3991 980 4024 uec
990 3980 1042 4025 alio
1057 3986 1174 4037 tempore
1189 3985 1383 4030 transeuntibus
1393 3985 1606 4041 processionibus,

377 4052 420 4096 vel
428 4051 599 4096 sanctissimo
610 4051 724 4106 Corpore
735 4051 835 4096 Domini
848 4054 929 4096 nostri
939 4051 1000 4105 Jesu
1011 4052 1118 4110 Christi,
1130 4057 1173 4102 vel
1181 4057 1207 4101 ln
1221 4058 1397 4104 celebratione
1412 4057 1522 4114 alienius
1535 4058 1606 4102 lesti-

374 4111 479 4177 uitatis,
487 4121 550 4169 finnt
561 4124 675 4170 ululatus
685 4135 741 4168 cum
751 4125 864 4169 clamore
874 4130 901 4168 et
910 4123 973 4168 aitis
983 4125 1098 4171 vocibus.

418 4191 704 4248 Panonsrtcnpuanrn.
731 4191 1607 4255 Nullnposnltaccederesttannumerantiintptonnilnn,etlml

376 4267 509 4312 servaslt.

417 4323 587 4382 Ριὶιιόιιιιιει
602 4347 691 4381 sura·
719 4335 839 4389 Defunctl
855 4335 887 4382 nd
902 4340 1063 4393 sepulturam
1079 4333 1254 4394 perducuntur
1269 4354 1316 4396 per
1336 4343 1482 4390 breuiorem
1498 4333 1608 4389 vium·-

368 4399 598 4458 ‘anttuasrcnkmr
610 4405 693 4454 linem
704 4407 818 4454 steteras
828 4405 986 4460 Novissima
996 4409 1128 4464 cntinuo,
1139 4418 1157 4454 t.
1168 4411 1294 4462 nTitnlun
1304 4423 1414 4468 ιιιιιιι,
1426 4411 1465 4460 De
1475 4415 1558 4461 vnclis
1567 4418 1609 4460 er·

376 4479 550 4526 diuntionlbns
559 4481 664 4535 Jcennls
674 4481 705 4526 de
716 4479 792 4536 Vepn
801 4479 952 4536 registrari·
963 4484 989 4528 ln
998 4482 1080 4528 cilicio
1091 4481 1287 4532 Prothonotnrii
1297 4487 1357 4542 (sici
1368 4486 1395 4532 in
1405 4499 1475 4534 nnun
1486 4487 1607 4534 duodeni·

379 4561 434 4598 ιιιιι
446 4549 604 4608 indictionis,
616 4551 678 4600 libb.
1506 4582 1509 4587 <

418 4621 431 4659 ὅ
456 4621 502 4673 Mn.
513 4622 662 4680 Quemdam
671 4625 902 4683 cliamjumeul·

562 4727 596 4762 u'·
