3642 5350
361 437 416 498 682
823 435 949 498 Canon.
971 435 1047 496 Soc.
1067 435 1137 510 Jns.

419 581 511 647 2940.
554 582 648 646 Inter
670 583 800 647 multos
825 591 961 660 autem,
988 582 1049 662 qui
1070 591 1166 647 statu
1191 584 1331 662 peccati
1356 584 1521 662 dimisso,
1547 586 1591 650 ad

360 691 486 756 salutis
506 690 602 754 viam
628 689 784 770 regressi
805 698 906 767 sunt,
928 688 1079 768 insignis
1094 689 1159 753 suit
1184 687 1369 769 cujusdam
1395 692 1592 757 meretricis

361 798 566 877 conversio,
590 814 699 878 quae,
721 813 801 861 cum
823 797 954 860 multos
979 796 1137 878 peccatis
1162 797 1385 876 irretivisset,
1409 797 1588 878 cujusdam

361 905 475 970 nostri
489 904 685 969 sacerdotis
698 903 857 968 consiliis
870 903 1025 968 excitata
1041 911 1075 968 et
1090 904 1136 968 ad
1150 887 1408 970 confessionem
1424 906 1587 983 adducta,

361 1014 449 1078 sica
467 1011 622 1076 Domino
638 1018 850 1091 compuncta
867 1010 945 1088 luit,
964 1021 999 1073 ut
1014 1011 1158 1074 monilia
1180 1019 1215 1075 et
1230 1011 1374 1076 inaures
1387 1013 1453 1078 sibi
1469 1015 1587 1080 statim

360 1118 550 1184 detrahens
564 1127 600 1182 et
624 1117 864 1197 confringens,
892 1116 1097 1198 projiceret,
1120 1127 1156 1181 et
1171 1117 1313 1182 domum
1338 1119 1493 1200 rediens,
1518 1140 1587 1186 non

361 1228 476 1292 solum
490 1226 589 1290 viros
604 1224 744 1306 repulit,
760 1224 824 1289 sed
839 1223 996 1289 maxima
1011 1223 1228 1305 poenitentia
1244 1224 1410 1306 adducta,
1424 1244 1504 1293 curn
1516 1230 1588 1310 plu·

361 1336 533 1399 rimorum
546 1332 729 1396 hominum
743 1331 979 1395 admiratione
994 1330 1040 1394 ad
1053 1347 1137 1395 suos
1152 1340 1319 1411 parentes
1334 1333 1451 1398 redire
1466 1337 1586 1402 voluit.

419 1440 512 1505 2941.
556 1438 708 1520 Quidam
729 1438 837 1501 etiam
855 1437 1008 1518 colapho
1035 1456 1055 1501 a
1078 1437 1236 1502 debitore
1261 1457 1467 1520 percussus,
1496 1443 1590 1524 quod

361 1549 531 1632 pecunias
545 1546 612 1611 sibi
627 1545 765 1610 debitas
778 1559 995 1625 reposceret,
1011 1562 1092 1609 eum
1107 1547 1270 1611 occidere
1285 1547 1512 1628 decreverat;
1528 1551 1589 1614 sed

351 1671 442 1731 ‚cum
466 1649 648 1720 incidisset
671 1653 709 1716 in
734 1650 922 1733 quemdam
944 1671 989 1716 ex
1014 1653 1156 1733 nostriS,
1181 1671 1252 1730 non¹
1267 1655 1382 1720 solum
1401 1655 1447 1720 ab
1471 1655 1590 1737 iniquo

361 1761 543 1844 proposito
557 1760 702 1839 destitit,
718 1757 781 1824 sed
795 1759 944 1839 ipsemet
958 1757 1205 1825 adversarium
1224 1758 1365 1841 adiens,
1381 1761 1523 1828 veniam
1544 1764 1589 1828 ab

362 1872 439 1951 ipso
457 1867 663 1951 postulavit.

419 1973 511 2040 2942.
554 1973 664 2052 Vitia,
681 1991 773 2055 quae
788 1974 879 2037 altas
894 1973 1035 2038 radices
1050 1974 1084 2037 in
1101 1975 1221 2040 multis
1235 1986 1395 2056 egerant,
1412 1976 1587 2059 extirpata

359 2085 512 2148 fuerunt.
528 2081 659 2147 Infirmi
675 2098 756 2145 cum
771 2080 928 2145 maxima
943 2081 1101 2162 ipsorum
1114 2091 1149 2145 et
1168 2081 1473 2148 circumstantium
1498 2085 1589 2148 aedi·

360 2191 524 2256 ficatione
539 2188 787 2266 visitabantur;
799 2195 834 2251 et
844 2196 945 2252 tanta
960 2197 1037 2252 erat
1052 2199 1277 2253 sacramenta
1290 2189 1588 2270 frequentantium

355 2297 556 2376 multitudo,
573 2305 611 2360 ut
630 2295 674 2359 de
695 2295 873 2376 paucitate
892 2295 1138 2375 operariorum
1157 2296 1347 2362 dolendum
1369 2313 1448 2362 esse
1463 2298 1587 2362 merito

359 2406 552 2471 videretur.
578 2403 710 2468 Multae
734 2400 885 2483 injuriae
910 2403 1133 2467 condonatae
1157 2403 1316 2482 luerunt3
1347 2404 1440 2468 inter
1467 2422 1556 2487 quas
1580 2407 1586 2436 ¹

359 2513 536 2596 quoddam
550 2511 616 2576 luit
630 2508 861 2574 homicidium
877 2527 948 2572 non
962 2510 1066 2589 parvi
1082 2512 1259 2575 momenti.

417 2619 509 2686 2943.
553 2617 726 2700 Quamvis
746 2625 865 2682 autem
886 2635 932 2681 ex
953 2617 1148 2683 ministerio
1167 2627 1473 2685 sacramentorum
1497 2624 1587 2687 bona

359 2747 404 2794 ex
422 2738 525 2811 parte
538 2727 676 2792 fructus
694 2724 868 2808 praedicti
888 2725 1136 2806 capiebantur,
1161 2725 1380 2807 praedicatio
1404 2728 1502 2792 verbi
1519 2728 1588 2793 Dei

358 2854 421 2918 per
435 2835 475 2900 P.
491 2834 661 2899 Basilium
674 2834 857 2898 hominum
875 2833 1014 2897 animos
1033 2835 1282 2899 commovebat
1301 2852 1344 2899 ac
1363 2835 1584 2917 disponebat,

357 2962 402 3008 ex
427 2944 553 3025 quibus
577 2943 641 3007 vix
665 2941 734 3006 dici
759 2942 998 3035 posselnostri
1019 2942 1202 3023 putabant,
1229 2952 1399 3023 quantum
1427 2943 1587 3009 utilitatis

360 3050 575 3132 proveniret.

419 3156 510 3222 2944.
553 3155 593 3221 ln
607 3154 890 3237 Quadragesima
904 3167 1026 3220 ternas
1045 3156 1169 3223 habuit
1189 3157 1339 3237 singulis
1358 3157 1588 3223 hebdomadis

359 3266 395 3329 in
410 3264 614 3330 Cathedrali
629 3264 780 3328 ecclesia
796 3264 987 3328 conciones
1006 3281 1088 3329 cum
1106 3264 1210 3328 solito
1225 3264 1351 3345 spiritu
1372 3282 1414 3329 ac
1433 3263 1587 3344 servore;

359 3373 422 3437 sed
447 3381 483 3437 et
501 3372 540 3437 P.
561 3372 797 3437 Prouincialis
822 3371 1053 3435 Bustamante
1072 3388 1153 3435 cum
1173 3371 1341 3436 valetudo
1363 3372 1589 3453 permittebat

360 3482 455 3560 (nam
467 3489 602 3545 asmate
618 3479 821 3558 laborabat)
837 3480 882 3543 ad
895 3480 1063 3560 populum
1079 3479 1187 3543 etiam
1202 3478 1335 3544 utiliter
1354 3478 1586 3549 concionaba-

359 3599 427 3668 tur,
444 3597 517 3651 tam
532 3588 568 3651 in
583 3587 788 3652 Cathedrali
802 3604 910 3668 quam
926 3588 960 3651 in
982 3586 1245 3667 parochialibus
1264 3586 1438 3665 ecclesiis;
1458 3596 1493 3651 et
1507 3601 1586 3666 gra·

358 3696 516 3761 tissimus
531 3695 638 3759 etiam
652 3694 727 3775 ipse
742 3694 962 3767 auditoribus
977 3701 1055 3757 erat
1068 3690 1090 3755 ¹.

418 3802 510 3867 2945.
553 3801 631 3865 Hac
657 3810 793 3865 aestate
816 3800 855 3865 P.
872 3801 1026 3865 Basilius
1040 3800 1077 3866 in
1102 3801 1285 3865 civitatem
1309 3799 1500 3883 quamdam
1520 3800 1586 3864 sub

360 3911 565 3991 episcopatu
581 3909 800 3990 granatensi,
816 3909 958 3973 nomine
973 3908 1122 3987 Loxam,
1139 3924 1177 3971 se
1192 3908 1355 3986 contulit,
1377 3908 1413 3971 in
1432 3908 1585 3989 gratiam

359 4018 394 4082 id
409 4017 624 4098 postulantis
638 4015 922 4098 Archiepiscopi;
941 4016 1068 4080 ibidem
1084 4032 1195 4097 usque
1208 4015 1253 4079 ad
1266 4013 1419 4079 medium
1430 4012 1584 4096 Septem·

359 4124 459 4189 brem
474 4124 641 4203 substitit,
658 4132 693 4187 et
708 4132 782 4187 toto
797 4142 839 4187 eo
855 4132 1013 4203 tempore
1032 4122 1188 4187 instabat
1207 4120 1464 4202 praedicationi
1487 4122 1586 4186 verbi

359 4231 427 4296 Dei
439 4242 473 4295 et
484 4231 670 4312 colloquiis
682 4230 1128 4312 spiritualibus;audiendis
1140 4230 1247 4293 etiam
1259 4227 1541 4294 confessionibus
1552 4239 1586 4292 et

360 4340 438 4404 aliis
458 4338 625 4420 operibus
645 4338 787 4420 pietatis
812 4337 919 4402 dabat
947 4354 1102 4419 operam.
1119 4337 1205 4419 Ejus
1230 4346 1349 4401 autem
1364 4336 1482 4401 socius
1497 4336 1585 4400 chri-

400 4618 409 4651 ¹
438 4617 484 4663 lis.
495 4621 653 4673 internatae.

402 4691 412 4722 ¹
440 4690 561 4735 Litterae
577 4690 806 4745 Quadrimestres,
816 4697 835 4735 t.
846 4702 882 4746 ur,
892 4701 952 4745 pag.
965 4690 1012 4735 224.
