3642 5350
347 404 399 467 186
803 408 933 477 Canon.
953 410 1029 472 Soc.
1050 413 1120 486 Jns.
1160 376 1164 385 .

347 560 382 615 et
403 560 484 616 octo
499 569 612 619 annos
631 564 750 623 natus.
768 556 860 637 Quia
879 567 1000 622 tamen
1021 568 1159 639 patrem
1173 559 1326 623 habebat
1344 559 1418 624 fere
1437 566 1579 638 octoge-

346 658 497 737 narium,
514 661 585 741 qui,
602 660 664 725 filii
678 662 932 729 deliberatione
953 664 1086 745 audita,
1109 665 1146 729 in
1168 665 1330 730 morbum
1349 682 1436 746 prae
1454 663 1576 729 dolore

347 764 482 841 incidit,
497 768 615 832 visum
630 769 741 833 estad
752 780 890 852 tempus
903 772 1071 852 expedire
1085 782 1123 836 ut
1134 782 1169 836 et
1183 772 1241 836 ille
1252 780 1354 835 extra
1366 772 1574 851 Collegium,

348 872 430 937 licet
453 872 518 937 sub
542 874 742 941 obedientia
767 875 969 957 Societatis,
996 878 1147 956 viveret;
1174 888 1209 942 et
1230 878 1313 959 quia
1333 878 1417 943 dum
1436 878 1577 942 viveret

348 977 522 1043 Dominus
546 980 787 1062 Hieronymus
804 981 825 1064 ¹,
846 984 890 1049 de
907 1000 1016 1049 manu
1038 984 1227 1050 societatis
1246 985 1422 1049 vicarium
1442 1001 1505 1049 seu
1520 1000 1576 1047 ca·

347 1086 525 1166 pellanum
538 1088 724 1154 admittere
740 1092 894 1168 volebat,
911 1092 1005 1157 hunc
1021 1092 1213 1157 Caesarem
1231 1109 1275 1156 eo
1294 1092 1331 1155 in
1354 1092 1433 1156 loco
1447 1090 1577 1156 consti·

348 1204 448 1257 tuere
473 1194 511 1259 P.
527 1195 743 1289 Franciscus
759 1196 925 1265 'Palmius
948 1198 1117 1277 decrevit,
1142 1200 1205 1263 sed
1231 1216 1312 1263 cum
1334 1215 1432 1262 mors
1454 1206 1577 1262 secuta

347 1299 474 1366 fuisset
487 1300 631 1367 Domini
642 1302 862 1385 Hieronymi,
878 1315 913 1370 et
929 1321 1127 1385 successor,
1149 1305 1323 1370 Dominus
1336 1305 1450 1388 Julius
1463 1303 1578 1369 Goza-

254 1394 260 1411 '
350 1407 465 1488 dinus
491 1410 647 1489 priorem
669 1393 844 1477 vicarium
864 1412 1079 1492 retinuisset,
1102 1412 1196 1477 domi
1220 1430 1307 1495 suae
1330 1412 1462 1476 mansit
1484 1411 1579 1475 idem

350 1512 493 1595 caesar,
510 1518 731 1583 voluntatem
745 1518 974 1583 nihilominus
988 1521 1146 1585 retinens
1159 1519 1319 1601 parendi,
1336 1517 1367 1582 si
1387 1516 1471 1600 quid
1487 1518 1520 1581 ei
1533 1518 1579 1581 ab

351 1620 550 1686 obedientia
564 1624 824 1710 praescriptum
839 1635 932 1689 esset
946 1621 968 1689 ¹.

409 1727 481 1791 681.
524 1728 656 1794 Rector
691 1729 796 1811 hujus
830 1730 994 1812 Collegii,
1029 1732 1324 1813 quemadmodum
1352 1743 1387 1795 et
1415 1732 1576 1807 aliorum,

352 1852 482 1915 magna
503 1836 638 1900 laetitia
660 1836 808 1903 affectus
826 1838 904 1919 fuit,
926 1856 1009 1903 cum
1027 1840 1211 1919 intellexit,
1233 1848 1314 1918 post
1328 1838 1578 1918 migrationem

351 1941 389 2006 P.
405 1941 545 2023 Ignatii,
562 1942 601 2008 P.
617 1944 791 2027 Jacobum
806 1944 953 2027 Layuez
965 1946 1111 2011 sanitati
1125 1946 1329 2011 restitutum
1343 1957 1378 2009 et
1392 1944 1579 2015 vicarium

352 2049 563 2114 Generalem
587 2048 775 2116 societatis
797 2054 948 2117 electum
970 2052 1090 2132 suisse;
1111 2053 1214 2117 etita
1236 2069 1318 2118 cum
1338 2052 1502 2116 omnibus
1520 2050 1578 2114 do·

351 2158 508 2222 mesticis
522 2174 560 2221 se
575 2168 688 2223 totum
703 2159 924 2224 obedientiae
938 2159 1096 2240 ejusdem
1110 2158 1227 2224 Patris
1242 2159 1378 2238 obtulit,
1395 2159 1579 2238 eidemque

351 2264 568 2344 significavit
583 2274 803 2349 quantopere
822 2268 1046 2331 necessarius
1064 2277 1159 2332 esset
1178 2267 1347 2333 sacerdos
1368 2266 1496 2346 aliquis
1514 2264 1579 2329 Bo-

315 2406 318 2411 ·
352 2372 492 2450 aoniae,
509 2374 636 2437 litteris
651 2354 686 2438 et
700 2373 827 2455 spiritu
841 2372 986 2438 Domini
1000 2374 1183 2456 praeditus
1197 2385 1232 2438 et
1247 2374 1284 2438 in
1300 2372 1407 2437 rebus
1421 2370 1578 2436 Societa-

353 2478 399 2544 tis
413 2490 589 2557 versatus,
613 2480 659 2544 ad
680 2480 957 2547 domesticorum
975 2489 1011 2544 et
1029 2492 1257 2545 externorum
1278 2481 1463 2560 spirituale
1482 2478 1579 2542 auxi·

352 2585 450 2666 lium;
480 2595 533 2667 et,
562 2587 749 2651 recedente
771 2587 810 2650 P.
829 2586 1024 2652 Francisco
1052 2585 1228 2669 Scipione,
1259 2589 1349 2653 alius
1375 2586 1493 2664 etiam,
1519 2586 1580 2665 qui

352 2709 504 2774 graecas
527 2695 665 2759 litteras
680 2695 836 2776 doceret,
858 2695 1100 2777 expetebatur.
1124 2694 1251 2761 Visum
1270 2705 1324 2760 est
1345 2705 1464 2760 autem
1484 2692 1581 2757 Patri

351 2800 496 2882 Layuez
516 2809 550 2866 et
571 2800 796 2866 sacerdotum
814 2811 849 2866 et
864 2803 1015 2866 aliorum
1032 2803 1140 2866 etiam
1161 2803 1393 2867 mutationem
1412 2808 1580 2882 opportu-

353 2923 436 2971 nam
451 2907 538 2986 fore;
560 2917 595 2972 et
613 2909 675 2987 ita,
692 2906 730 2971 P.
747 2907 951 2989 Augustino
966 2908 1058 2973 Riva
1072 2919 1108 2973 et
1126 2909 1206 2972 aliis
1225 2908 1385 2973 Bononia
1406 2905 1578 2986 evocatis,

354 3013 511 3094 ipsorum
542 3016 619 3078 loco
639 3014 684 3079 ad
704 3014 902 3095 Collegium
927 3014 1013 3080 illud
1035 3015 1128 3080 alios
1148 3015 1255 3095 misit,
1277 3015 1339 3096 qui
1363 3029 1581 3094 magnopere

350 3117 389 3184 P.
403 3117 597 3185 Francisco
614 3118 748 3184 Palmio
763 3122 984 3202 placuerunt.

412 3223 485 3290 682.
527 3227 721 3308 Praecipue
737 3228 828 3292 inter
842 3230 941 3310 ipsos
954 3239 1031 3293 erat
1046 3229 1084 3294 P.
1100 3229 1215 3313 Julius
1230 3226 1398 3292 Onoirius
1412 3237 1448 3291 et
1460 3225 1498 3291 P.
1513 3224 1583 3291 Ga·

354 3349 439 3413 spar
453 3332 666 3414 Rodriguez,
684 3335 870 3416 lusitanus;
886 3336 987 3400 etita
1001 3336 1180 3401 distribuit
1194 3334 1308 3401 officia
1324 3336 1531 3412 domestica;
1546 3343 1583 3396 et

354 3437 393 3502 P.
409 3439 540 3522 Julium
554 3439 741 3506 Rectorem
755 3440 768 3474 ⁸
784 3442 978 3519 coustituit,
999 3452 1034 3507 et
1054 3444 1171 3524 coepit
1189 3442 1386 3522 Collegium
1403 3439 1489 3504 illud
1509 3456 1581 3504 ma·

353 3562 426 3626 gna
441 3547 557 3626 quiete
572 3547 712 3612 interna
728 3560 762 3611 et
777 3549 954 3629 spirituali
967 3549 1212 3614 consolatione
1225 3549 1308 3628 frui,
1323 3558 1357 3612 et
1372 3546 1411 3611 P.
1427 3546 1580 3627 Gaspar,

356 3695 568 3708 ν--υ--ομ-

398 3789 406 3822 ¹
435 3789 608 3845 supradictus
618 3789 755 3844 Casuallul,
766 3803 792 3835 n.
800 3790 850 3836 6⁶8.

396 3863 408 3894 ²
435 3863 512 3908 Prius
526 3871 613 3908 tamen
626 3875 704 3919 quum
719 3865 787 3908 huuc
803 3863 957 3918 Caesarem,
972 3865 1054 3909 voluit
1070 3862 1184 3909 Pelmlua
1197 3862 1338 3918 parochiae
1356 3859 1470 3906 Sanctae
1485 3859 1583 3904 Luclee

356 3934 498 3988 praeficere
509 3935 638 3988 Angelum
649 3935 819 3990 Filogenlum,
831 3935 862 3979 de
871 3947 921 3990 quo
930 3946 1016 3980 sermo
1025 3935 1111 3980 tactu·
1120 3941 1161 3980 est
1170 3947 1196 3979 n.
1206 3931 1502 3989 praecedenti-“circe
1511 3933 1528 3976 l’
1537 3931 1583 3976 ed·

355 4005 475 4051 mleaione
486 4007 511 4051 dl
522 4005 598 4050 lutto.
609 4007 719 4061 Angeia,
728 4007 773 4062 gla
783 4007 808 4051 iu
820 4009 913 4052 scritto
928 4008 944 4052 l'
958 4008 1028 4051 altra
1043 4008 1184 4052 retrimene
1198 4006 1246 4050 ebe
1261 4013 1357 4060 potere
1372 4003 1521 4049 accettml.
1534 4001 1583 4046 Del

356 4079 494 4134 resignarll
506 4081 533 4124 la
542 4079 668 4134 parochie
677 4080 703 4124 dl
714 4079 795 4124 Senta
804 4077 885 4123 Lucla
893 4087 957 4133 pare
965 4079 1075 4121 eerebbe
1083 4079 1157 4125 bene.
1165 4075 1272 4121 essendo
1280 4076 1316 4120 lul
1323 4084 1435 4129 persona
1443 4081 1517 4119 tanto
1524 4083 1584 4117 uon·

357 4149 460 4204 fidente,
475 4151 523 4194 che
535 4149 566 4194 V.
579 4151 609 4194 R.
620 4162 670 4195 non
684 4151 816 4196 dubitasse
826 4151 875 4196 cbe
886 4151 908 4194 sl
919 4150 1040 4205 portaria
1048 4151 1121 4194 bene.
1131 4147 1165 4192 Et
1181 4149 1208 4192 in
1219 4149 1255 4192 lul
1267 4159 1283 4191 o
1297 4147 1323 4191 ln
1339 4147 1409 4191 altro
1421 4147 1505 4189 emico
1520 4153 1584 4199 pere

357 4221 428 4266 seria
438 4224 502 4266 bene
512 4234 540 4267 ee
551 4223 645 4268 ieceael
655 4224 682 4268 la
692 4225 746 4269 tale
756 4223 941 4276 resignatione:
956 4220 1053 4276 perche
1069 4221 1097 4264 ln
1110 4227 1185 4265 tento
1199 4221 1248 4264 ebe
1257 4219 1279 4264 el
1294 4219 1321 4263 ie
1335 4218 1424 4263 cbleea
1436 4217 1551 4272 propria,
1561 4215 1583 4259 el

356 4303 434 4349 pona
440 4293 524 4338 bever
531 4295 627 4339 liberta
635 4307 649 4339 e
657 4295 811 4340 commonita
821 4304 868 4350 per
875 4294 893 4338 li
901 4293 978 4338 ufflcll
986 4293 1033 4336 cbe
1043 4303 1091 4336 usa
1099 4293 1125 4338 le
1134 4291 1316 4347 campanula„
1325 4289 1459 4342 Pulancus,
1467 4297 1585 4338 excom„

358 4359 388 4406 P.
399 4359 507 4413 Palmio,
517 4362 554 4406 9.·
563 4362 635 4420 Mali.

397 4429 410 4464 ⁸
435 4431 1583 4489 uenturishaeecohaerenteanlle.quaenon.eeqaemlulennrar3erreqaluenvera

357 4513 416 4548 cum
426 4503 454 4548 P.
466 4505 607 4552 Francleco
616 4507 725 4565 Pelmlo,
734 4515 763 4553 nt
773 4507 884 4552 Rectore
895 4505 1012 4561 Collegit,
1022 4505 1129 4560 negotia
1138 4506 1220 4549 etlam
1229 4511 1284 4549 toto
1295 4505 1344 4549 boc
1357 4514 1425 4548 anno
1434 4501 1585 4547 tractaban-

357 4581 409 4620 tur.
420 4575 505 4628 Quere
515 4579 694 4624 existimemus
702 4590 769 4624 voce
778 4580 828 4624 lanc
835 4579 976 4624 Rectorem
984 4578 1096 4632 lntelllgl
1103 4578 1146 4622 bic
1154 4577 1256 4630 debere,
1264 4586 1314 4620 non
1321 4573 1583 4631 Colleglo,sedeccle·

355 4647 411 4691 siae
421 4645 534 4696 Sanctae
544 4648 640 4695 Luclae
649 4651 834 4707 praepositum.
