3642 5350
773 386 831 443 an.
853 384 923 444 raso
1415 346 1478 444 ⁴17*

235 528 369 592 Ioniam
391 528 486 593 sama
505 546 631 610 sparsa
650 539 703 594 est
725 530 849 595 Patres
869 529 1060 595 Societatis
1074 531 1274 608 advenisse,
1292 539 1327 595 et
1341 548 1403 595 eos
1417 531 1467 594 vi·

220 654 221 657 ¹
236 636 320 699 dere
343 634 542 716 cupiebant.
560 635 922 717 Congratulabantur,
939 647 975 701 et
988 638 1278 702 reformationem
1293 634 1370 716 ejus
1383 637 1468 701 Uni·

238 743 418 806 versitatis
442 760 565 807 eorum
589 760 698 825 opera
723 761 761 807 se
784 760 929 825 sperare
956 744 1130 809 dicebant.
1156 744 1277 808 Facile
1302 744 1421 824 itaque
1446 764 1468 808 a

236 849 370 914 Senatu
384 866 469 913 usus
484 850 632 929 Collegii
648 850 870 916 Coronarum
885 853 1050 916 obtentus
1064 852 1139 915 suit.
1158 851 1346 916 Rectorem
1361 852 1467 915 etiam

236 956 489 1021 Universitatis
503 966 538 1020 et
552 958 623 1021 alia
638 957 714 1040 ejus
728 958 847 1039 capita
863 959 958 1040 Mag.
974 960 1132 1041 Joannes
1152 958 1281 1023 Rezius
1296 976 1377 1023 cum
1398 958 1466 1021 lru·

236 1074 298 1129 ctu
313 1065 487 1145 spirituali
501 1066 635 1129 invisit.

300 1171 387 1235 1791.
431 1170 566 1235 Eodem
585 1182 744 1253 tempore
764 1172 948 1237 Coloniam
963 1183 1112 1237 venerat
1133 1173 1226 1254 Mag.
1251 1174 1280 1237 F
1283 1175 1467 1240 ranciscus

235 1279 431 1357 Emerulus,
447 1278 589 1343 Vienna
604 1279 732 1343 missus
745 1277 765 1357 ¹,
780 1280 840 1361 qui
852 1288 1041 1361 postquam
1053 1281 1097 1344 de
1108 1281 1210 1344 bonis
1221 1281 1467 1347 Boschuducis

235 1387 488 1467 disposuisset,
504 1386 549 1450 ad
564 1386 842 1467 praelegendum
863 1388 900 1451 in
924 1386 1047 1450 schola
1071 1389 1337 1468 grammatices
1365 1389 1466 1454 Colo·

234 1495 329 1557 niam
346 1503 422 1557 erat
435 1493 626 1573 rediturus3
643 1492 743 1573 cujus
759 1495 886 1575 neptis,
902 1503 1068 1557 matrona
1082 1496 1221 1571 nobilis,
1238 1495 1348 1559 filium
1362 1514 1465 1560 suum

234 1600 458 1680 undeviginti
472 1617 659 1680 annorum,
676 1611 709 1665 et
725 1602 881 1681 egregiis
902 1599 1045 1665 dotibus
1066 1602 1275 1682 praeditum,
1298 1601 1468 1667 Societati

237 1707 345 1771 dedit.

299 1816 387 1879 1792.
432 1815 566 1880 Consul
591 1827 710 1880 autern
735 1814 978 1879 Sudermanus
1005 1832 1151 1879 causam
1177 1813 1364 1879 Societatis
1388 1833 1467 1896 pro-

236 1924 350 2003 priam
359 1922 486 1987 secisse
494 1923 694 2001 videbatur;
705 1923 891 2003 diligenter
904 1922 940 1984 in
953 1923 1096 2001 negotio
1105 1922 1255 2001 Collegit
1267 1923 1466 2003 elaborans,

236 2040 269 2093 et
285 2029 478 2095 honorifice
493 2028 536 2093 de
551 2028 739 2109 Societate,
752 2030 879 2109 quavis
892 2030 1092 2107 occasione,
1107 2032 1321 2095 mentionem
1332 2030 1469 2095 taciens

237 2138 330 2217 apud
345 2155 418 2215 e05,
439 2138 499 2217 qui
515 2135 643 2216 juvare
660 2146 839 2217 poterant,
857 2136 981 2200 sedulo
1001 2137 1163 2200 eamdem
1184 2138 1271 2217 ipsis
1291 2154 1467 2202 commen·

235 2248 336 2309 dans.
352 2245 413 2309 Eis
425 2256 555 2321 autem,
569 2244 695 2325 quibus
707 2254 830 2307 nostra
842 2244 941 2307 cordi
955 2262 1027 2307 non
1038 2253 1152 2318 erant,
1166 2244 1271 2308 valde
1283 2262 1467 2309 succense·

236 2354 306 2432 bat;
325 2362 358 2416 et
374 2354 426 2416 sic
441 2361 536 2416 totus
550 2351 624 2415 fere
636 2351 724 2414 ordo
737 2351 938 2415 senatorius
951 2353 1084 2415 nostris
1096 2352 1201 2416 valde
1215 2352 1370 2417 favebat.
1388 2351 1467 2417 Dis·

235 2461 389 2524 tulerunt
419 2468 538 2522 autem
566 2458 771 2538 aliquandiu
804 2457 1001 2536 Collegium
1036 2458 1168 2522 nostris
1196 2459 1354 2539 tradere,
1384 2462 1466 2542 quia

235 2585 388 2631 vacuum
403 2584 474 2631 non
488 2575 578 2645 erat;
594 2564 655 2629 sed
671 2574 858 2647 postquam
879 2564 923 2627 D.
946 2564 1102 2646 Jacobus
1123 2566 1276 2630 Lechius
1289 2584 1336 2630 ex
1354 2566 1466 2632 Colle·

235 2677 295 2756 gio
309 2693 404 2740 novo
421 2672 643 2739 Coronarum
662 2675 839 2752 emigrare
852 2672 973 2752 jussus
994 2684 1065 2749 est,
1088 2670 1242 2755 [civitas]
1264 2676 1366 2738 nobis
1380 2676 1466 2739 illud

236 2783 394 2860 tradidit;
411 2799 502 2863 quae
517 2798 587 2844 una
603 2792 679 2844 erat
695 2797 740 2844 ex
755 2781 869 2844 tribus
883 2780 1001 2844 bursis
1018 2781 1082 2858 (sic
1101 2783 1195 2845 enirn
1209 2790 1342 2845 vocant
1362 2783 1464 2846 colle·

235 2892 320 2972 gia),
339 2893 374 2955 in
389 2890 516 2970 quibus
531 2889 680 2950 studiosi
696 2887 942 2951 adolescentes
957 2889 1154 2951 studiorum
1169 2905 1312 2952 cursum
1328 2889 1365 2951 in
1379 2890 1464 2952 arti·

235 3000 301 3063 bus
316 2998 517 3063 liberalibus
534 2994 710 3058 conficere
725 3006 1001 3058 consueverunt.

298 3105 385 3168 1793.
429 3102 601 3184 Quamvis
616 3111 734 3164 autem
756 3101 830 3164 sere
851 3101 974 3181 primis
993 3100 1116 3164 diebus
1131 3100 1339 3167 Decembris
1353 3103 1390 3166 id
1404 3101 1464 3167 So·

235 3214 356 3278 cietati
368 3211 582 3286 obtulerunt,
599 3225 670 3270 non
685 3207 838 3287 ingressi
852 3216 934 3271 suut
949 3207 1033 3271 illud
1050 3209 1087 3272 in
1101 3208 1246 3288 reliquis
1265 3210 1390 3274 diebus
1403 3209 1464 3273 lin·

231 3321 289 3402 jus
303 3320 399 3396 anni;
415 3317 515 3380 brevi
530 3325 649 3378 tamen
663 3315 764 3377 initio
779 3316 958 3395 sequentis
973 3316 1171 3394 ingressuri
1185 3313 1206 3378 ¹.

298 3427 386 3490 1794.
429 3423 601 3501 Theologi
616 3431 733 3485 autem
754 3439 876 3485 omnes
898 3432 933 3486 et
953 3422 1185 3500 collegiorum
1200 3422 1371 3486 Rectores
1393 3440 1465 3486 ma·

235 3553 307 3616 gno
322 3532 439 3597 studio
459 3548 502 3594 ae
521 3530 768 3594 benevolentia
788 3529 892 3592 simul
912 3547 993 3592 cum
1015 3529 1088 3592 suis
1110 3529 1278 3594 studiosis
1294 3527 1464 3612 [nostros]

236 3641 556 3724 prosequebantur;
572 3636 705 3717 aliquid
726 3637 913 3715 praeclari,
936 3653 1045 3716 opera
1065 3648 1099 3699 et
1121 3637 1306 3716 diligentia
1327 3646 1465 3700 nostro·

236 3767 324 3823 rum.
342 3745 573 3812 Universitati
589 3760 817 3807 accessurum
832 3753 1035 3822 sperantes,
1057 3761 1168 3824 quare
1188 3753 1349 3824 prompte
1370 3761 1413 3807 ac
1426 3744 1464 3806 li·

236 3858 359 3921 benter
371 3854 417 3918 ad
427 3850 937 3917 lectionestamhumaniorum
948 3850 1464 3931 litterarumacphilosophiae,

236 3980 342 4043 quam
360 3962 468 4025 etiam
482 3957 695 4036 theologiae,
712 3956 933 4019 enarrandas
945 3965 1087 4019 nostros
1098 3956 1332 4036 admiserunt;
1345 3957 1408 4020 sed
1421 3974 1465 4021 ea

235 4069 448 4146 conditione,
465 4075 503 4130 ut
516 4066 552 4128 in
567 4064 736 4128 facultate
751 4063 953 4141 theologica
968 4062 1013 4126 ad
1029 4063 1165 4141 gradus
1185 4065 1310 4127 solitos
1325 4081 1465 4144 promo·

233 4187 411 4242 verentur.
428 4175 593 4241 Alienum
607 4171 701 4235 enim
721 4187 742 4233 a
757 4169 1011 4234 consuetudine
1026 4167 1103 4249 ejus
1118 4170 1371 4234 Universitatis
1386 4187 1468 4234 esse

234 4285 387 4365 ajebant,
399 4299 472 4346 non
485 4279 659 4362 promotis
678 4285 889 4359 potestatem
905 4276 996 4340 alios
1007 4275 1158 4340 docendi
1170 4276 1300 4357 faeere,
1313 4295 1467 4359 quapro-

276 4491 285 4522 ¹
313 4489 381 4534 Vide
390 4498 478 4542 supra,
489 4499 513 4531 n.
526 4486 585 4537 usa.
596 4491 622 4530 et
633 4484 756 4528 Litterae
766 4482 997 4534 Quadrtrnestres,
1008 4487 1025 4525 t.
1037 4493 1073 4535 tv,
1086 4492 1147 4536 pag.
1156 4481 1205 4533 615,
1216 4487 1305 4526 annot.
1313 4483 1336 4528 5.

277 4561 288 4593 Ι
316 4559 354 4605 Cr'.
366 4558 574 4608 Rnrrrnnanned
594 4569 625 4608 c..
639 4567 701 4610 pag.
713 4554 783 4607 tri-bd
794 4553 968 4607 Onnaunruus,
984 4553 1055 4597 Hist.
1072 4552 1128 4597 Soc.
1142 4552 1207 4609 ses„
1221 4553 1267 4597 lib.
1284 4565 1339 4605 xvr,
1350 4565 1374 4598 n.
1386 4554 1422 4610 25,
1431 4555 1470 4610 2⁶.

237 4633 377 4688 praecipue
389 4642 453 4675 vero
465 4629 586 4674 Litterae
597 4627 829 4682 Quadrtmestres,
838 4631 856 4669 t.
868 4635 904 4679 tv,
915 4636 975 4680 pag.
985 4625 1034 4676 ⁶12.
1045 4627 1138 4681 qulbus
1148 4624 1276 4670 Polencue
1285 4637 1347 4670 usne
1356 4634 1404 4672 est.

381 4721 419 4780 T,
443 4737 470 4776 vr
1257 4727 1293 4787 ²7
