3642 5350
302 484 357 546 790
761 482 888 547 Canon.
909 482 986 545 Soc.
1005 482 1074 559 Jns.

304 631 492 715 quemdam
517 632 643 697 librum
669 631 881 712 referebant,
905 641 941 697 et
965 632 1112 697 inventa
1137 639 1220 696 sunt
1243 630 1314 696 boc
1338 630 1416 711 ipso
1440 644 1534 693 anno
1574 682 1579 693 .

303 740 455 808 ducenta
481 748 516 806 et
541 740 740 821 octoginta:
766 738 915 806 totidem
943 741 1039 805 enim
1062 740 1101 805 in
1123 757 1167 804 eo
1194 738 1409 821 baptismum
1436 752 1534 820 acce·

305 856 444 931 perant.

363 1170 456 1237 3397.
498 1170 645 1237 Bazaini
660 1170 698 1237 P.
716 1170 958 1254 Hieronymus
969 1172 1014 1237 de
1028 1171 1172 1237 Cuenca
1186 1170 1450 1237 concionatoris
1465 1168 1537 1235 offi-

304 1281 361 1347 cio
376 1280 602 1361 fungebatur,
619 1279 678 1344 ubi
693 1280 804 1344 etalii
822 1297 868 1344 ex
882 1280 1016 1344 nostris
1033 1281 1271 1345 versabantur
1285 1276 1309 1340 ¹.
1324 1276 1479 1359 Magnus
1500 1278 1537 1343 in

200 1425 201 1429 =
303 1405 346 1453 ea
361 1387 509 1454 civitate
524 1385 813 1467 christianorum,
829 1386 938 1452 immo
953 1397 988 1451 et
1004 1388 1240 1452 lusitanorum
1254 1403 1425 1451 numerus
1439 1384 1536 1450 habi·

304 1503 369 1576 tat,
385 1503 420 1561 et
435 1492 585 1575 Collegii
599 1510 790 1575 puerorum
805 1494 1056 1576 indigenarum
1066 1512 1191 1560 curam
1202 1504 1343 1575 gerunt,
1357 1502 1393 1557 et
1403 1510 1449 1557 ex
1460 1510 1536 1573 pro·

303 1602 436 1684 pinqua
457 1602 580 1681 domo,
601 1618 709 1682 quarn
728 1600 883 1666 diximus
904 1600 1045 1682 Tanaa,
1067 1602 1177 1684 aliqui
1195 1602 1297 1685 pueri
1317 1602 1354 1665 in
1374 1601 1443 1665 huc
1462 1599 1537 1664 Col·

306 1710 438 1791 legium
453 1708 752 1774 transmittuntur.

364 1815 456 1882 3398.
499 1816 550 1881 Ibi
564 1832 723 1881 mensem
736 1833 858 1895 unum,
874 1817 992 1896 idest,
1008 1815 1113 1897 huJ'us
1128 1816 1214 1882 anni
1228 1816 1401 1896 ultimum,
1418 1815 1539 1896 exegit

306 1926 343 1990 P.
361 1924 552 2002 Gonzalus,
568 1922 815 2004 Prouincialis,
828 1935 864 1988 et
878 1941 960 1989 cum
974 1924 1287 1989 animadvertisset
1299 1924 1396 1988 mille
1411 1939 1540 1988 aureos

306 2032 415 2098 annui
428 2031 575 2111 reditus,
593 2049 614 2096 a
629 2030 728 2111 Rege
744 2030 789 2096 ad
803 2048 995 2113 puerorum
1011 2032 1304 2097 sustentationem
1319 2032 1537 2112 assignatos,

302 2139 377 2221 jam
391 2157 463 2204 non
477 2138 638 2203 sufficere
653 2147 799 2220 propter
818 2155 996 2204 novorum
1015 2139 1292 2205 christianorum
1310 2147 1455 2203 auctum
1478 2154 1539 2202 nu·

310 2264 457 2328 merum,
473 2264 495 2310 a
510 2246 756 2312 Gubernatore
776 2246 927 2311 obtinuit
948 2258 987 2311 ut
1006 2246 1096 2311 alios
1119 2246 1333 2328 quingentos
1356 2244 1465 2310 annui
1489 2261 1541 2308 re·

309 2355 404 2420 ditus
418 2354 514 2419 mille
528 2351 723 2434 praedictis
737 2352 884 2419 adderet
898 2352 922 2430 ¹,
938 2363 1134 2436 praeterea
1145 2371 1237 2437 quae
1248 2350 1542 2418 nostrisBazaini

310 2460 548 2527 residentibus
563 2468 666 2526 eraut
679 2461 896 2527 necessaria.
1111 2525 1113 2529 ,

369 2569 460 2639 3399.
504 2567 613 2634 Multa
629 2569 738 2634 etiarn
752 2568 822 2634 alia
838 2569 873 2634 in
888 2570 1010 2651 populi
1024 2568 1209 2635 christiani
1223 2568 1385 2633 savorem
1400 2566 1440 2633 P.
1454 2566 1540 2631 Pro·

204 2670 209 2678 ’
310 2678 476 2745 vincialis
498 2695 520 2741 a
540 2677 787 2744 Gubernatore
809 2678 971 2758 obtinuit,
994 2688 1029 2743 et
1052 2677 1216 2759 quamvis
1235 2685 1426 2753 totoanno
1447 2676 1542 2741 soliti

309 2793 412 2852 erant
435 2785 551 2850 nostri
575 2783 850 2866 praedicationis
874 2795 909 2849 et
933 2784 1168 2850 confessionis
1192 2783 1388 2848 ministeria
1413 2782 1542 2848 ibidem

309 2909 490 2973 exercere,
504 2892 572 2957 hoc
584 2908 705 2956 mense
717 2890 908 2957 Decembri
918 2893 1067 2973 ipsemet
1080 2891 1405 2957 Prouincialiscum
1414 2889 1452 2954 P.
1464 2891 1543 2955 Em·

311 3001 473 3066 manuele
487 2997 708 3078 Fernandez,
724 2999 785 3080 qui
804 3016 849 3062 ex
868 2998 989 3063 vicina
1010 2998 1156 3062 civitate
1174 2997 1299 3062 Tauaa
1318 3016 1360 3061 eo
1381 3005 1543 3075 venerat,

311 3107 437 3172 crebro
449 3105 598 3172 verbum
610 3103 678 3171 Dei
688 3105 953 3188 praedicarunt,
967 3113 1002 3170 et
1015 3104 1271 3170 catechismum
1283 3105 1543 3186 explicuerunt.

313 3212 383 3278 Sed
393 3212 616 3295 potissimum
627 3211 702 3276 dies
710 3211 1009 3294 ConceptionisB.
1022 3211 1184 3292 Virginis
1193 3211 1361 3276 solemnis
1374 3211 1410 3276 in
1420 3219 1545 3276 nostro

314 3319 473 3401 Collegio
486 3318 563 3396 fuit3
581 3337 665 3384 nam
679 3319 923 3384 sacratissima
938 3318 1163 3384 Eucharistia
1177 3319 1213 3383 in
1228 3319 1389 3383 sacrario
1399 3318 1466 3385 fuit
1477 3319 1545 3384 col·

317 3429 433 3492 locata
447 3443 529 3492 cum
543 3426 692 3492 solemni
706 3425 935 3508 processione
950 3435 985 3490 et
1005 3442 1139 3506 magna
1157 3424 1358 3506 devotione
1372 3443 1455 3491 nam
1464 3427 1545 3492 hac·

316 3544 420 3598 tenus
436 3531 486 3598 ibi
500 3550 573 3597 non
586 3531 780 3599 ferebatur.

374 3638 468 3705 3400.
509 3639 627 3706 Primo
652 3653 771 3706 autem
795 3641 956 3725 Januarii
976 3641 1157 3723 sequentis
1177 3641 1277 3721 anni,
1301 3641 1396 3723 quod
1416 3642 1545 3707 festum

317 3747 505 3814 Societatis
529 3759 673 3813 nostrae
698 3749 743 3813 ob
767 3749 851 3833 Jesu
876 3766 1006 3814 nomen
1031 3749 1159 3832 ubique
1184 3749 1323 3814 celebre
1344 3767 1423 3815 esse
1443 3750 1543 3830 solet,

316 3872 397 3920 cum
416 3871 547 3936 magna
567 3857 791 3921 solemnitate
804 3857 956 3928 ¹Bazaini
969 3866 1090 3922 actum
1104 3866 1169 3920 est.
1185 3855 1383 3939 Episcopus
1402 3856 1545 3939 quidam

318 3961 446 4028 Missae
465 3963 680 4028 sacrificium
699 3963 842 4044 obtulit,
863 3973 899 4028 et
919 3963 1144 4028 Gubernator
1162 3981 1244 4028 cum
1264 3973 1340 4029 tota
1362 3965 1545 4029 nobilitate

316 4068 489 4149 interfuit,
513 4079 548 4134 et
569 4086 612 4135 eo
636 4068 694 4137 die
716 4071 895 4151 insignem
920 4072 1126 4136 concionem
1152 4069 1386 4137 Prouincialis
1411 4072 1544 4153 habult;

316 4187 351 4242 et
366 4194 448 4241 cum
462 4177 659 4243 Cochinum
677 4195 885 4247 recessurus
899 4189 1005 4258 esset,
1021 4176 1183 4260 adjunxit
1201 4195 1240 4244 se
1259 4179 1309 4244 illi
1329 4179 1459 4245 nobilis
1473 4181 1545 4262 qui·

316 4284 399 4349 dam
412 4284 525 4364 miles,
541 4283 648 4350 Palus
662 4283 796 4351 Correa
811 4286 969 4367 nomine,
990 4286 1051 4367 qui
1065 4285 1262 4351 incivitate
1281 4287 1466 4367 portuensi
1489 4303 1549 4369 pa·

359 4525 367 4557 ¹
398 4523 465 4570 virle
474 4537 562 4582 snpra,
574 4532 594 4571 t.
604 4535 629 4582 r,
639 4538 700 4583 pag.
709 4526 758 4581 6⁶⁹,
769 4538 794 4572 n.
807 4525 867 4575 18¹6.

356 4595 368 4630 ¹
394 4596 523 4652 “Euolat
533 4603 639 4642 anctore
650 4597 790 4654 Conmlvo,
797 4599 967 4655 Provinclall,
977 4598 1137 4644 contubernii
1146 4598 1271 4653 vectigal,
1279 4597 1322 4644 nbi
1330 4597 1480 4643 adolescens
1488 4598 1548 4642 edu·

316 4670 427 4714 sabatur
435 4677 510 4714 aetas
519 4680 675 4725 numeroque
684 4672 828 4723 crescebat,
839 4671 987 4726 quingenti·
998 4669 1108 4716 Praetor
1118 4667 1292 4725 [Franclecue]
1303 4669 1444 4716 Berrettne
1449 4670 1545 4716 annale

317 4738 486 4798 amplificavit
496 4741 606 4795 aureis,
616 4739 770 4796 onerantur,
781 4741 799 4785 l.
811 4752 843 4794 a,
851 4742 897 4788 llb.
907 4752 960 4798 xm,
969 4753 994 4788 n.
1003 4741 1039 4788 lb.
1082 4793 1087 4802 ‚
