3642 5350
368 404 425 465 298
841 406 967 469 Canon.
988 404 1065 467 Soc.
1085 405 1155 480 Jns.

432 549 519 613 1183.
563 551 803 617 Concionatus
831 562 885 617 est
914 552 1063 633 singulis
1089 550 1391 633 Quadragesimae
1417 549 1540 613 diebus
1558 548 1596 613 P..

369 656 526 739 joannes
551 656 744 740 Philippus
767 668 802 723 et
821 660 899 740 ipso
920 660 974 724 die
993 657 1053 723 Sti
1075 658 1232 741 josephi,
1253 659 1312 721 cui
1333 665 1494 721 nostrum
1513 665 1598 721 tem-

368 766 464 845 plum
478 765 634 831 dicatum
649 775 737 847 erat,
754 766 952 848 Episcopus
972 768 981 801 ¹
1005 784 1087 831 cum
1102 766 1369 845 magistratibus
1386 764 1494 844 urbiS,
1518 782 1598 829 cum

277 900 287 925 ο
369 872 486 935 multis
506 873 681 938 nobilibus
703 883 737 937 et
756 874 971 939 Doctorlbus
993 872 1231 955 Syracusanis
1250 872 1413 937 concioni
1432 871 1598 936 interfue-

369 987 459 1044 runt.
479 978 556 1058 Qua
576 997 656 1044 cum
677 982 834 1062 ipsorum
854 997 986 1061 magna
1008 981 1265 1062 approbatione
1279 987 1436 1061 peracta,
1460 979 1599 1043 recitati

342 1080 450 1149 'sunt
465 1086 588 1166 hymni
608 1095 642 1150 et
663 1089 934 1168 epigrammata,
955 1098 1030 1151 tum
1051 1104 1184 1167 graeca
1203 1095 1277 1151 tum
1298 1088 1420 1166 latina,
1437 1104 1459 1150 a
1478 1087 1599 1168 pueris

368 1202 402 1256 et
414 1194 529 1256 oratio
541 1194 715 1274 quaedam
728 1195 836 1259 latina
849 1195 884 1259 in
895 1195 1037 1260 laudem
1048 1195 1131 1258 Divi
1144 1194 1290 1277 Josephi
1302 1194 1422 1258 habita
1434 1193 1512 1272 fuit;
1526 1193 1597 1275 qui·

368 1300 434 1363 bus
454 1301 615 1363 omnibus
635 1312 669 1365 et
691 1302 887 1383 Episcopus
912 1311 946 1366 et
966 1304 1103 1383 reliqui,
1126 1302 1187 1383 qui
1203 1310 1457 1378 convenerant,
1480 1300 1598 1365 admo·

368 1408 451 1471 dum
471 1408 593 1471 lactati
613 1420 705 1487 sunt,
727 1409 811 1473 dum
831 1410 1038 1473 eruditionis
1057 1410 1236 1489 specimen
1261 1408 1416 1490 apueris
1434 1407 1596 1489 praeberi

369 1515 500 1578 vident.

432 1620 518 1684 1181.
563 1623 601 1685 In
617 1625 748 1704 templo
764 1633 882 1687 autem
904 1624 991 1688 Divi
1010 1622 1200 1700 Dominicl,
1222 1624 1257 1685 in
1277 1622 1333 1685 die
1352 1620 1420 1685 S.¹⁰
1442 1621 1598 1684 Thomae

368 1728 411 1791 de
428 1728 573 1810 Aquino
589 1747 706 1809 sacro,
723 1732 814 1795 idem
831 1741 950 1795 actum
965 1740 1028 1795 est.

430 1835 517 1899 1185.
562 1838 600 1900 In
616 1846 739 1901 nostra
755 1848 872 1902 autem
892 1838 1042 1902 ecclesia
1058 1838 1165 1901 etiam
1187 1844 1267 1918 post
1282 1836 1433 1913 Pascha,
1452 1846 1526 1898 tam
1539 1853 1599 1899 no·

367 1943 454 2006 biles
468 1961 575 2025 quam
592 1942 731 2025 plebeji,
744 1945 845 2009 multi
856 1945 1086 2009 concionibus
1097 1953 1196 2008 tanta
1208 1960 1289 2006 cum
1303 1943 1545 2007 satisfactione
1561 1953 1595 2006 et

367 2054 639 2133 compunctione
665 2053 823 2129 aderant,
842 2061 879 2117 ut
904 2052 1039 2115 crebris
1063 2051 1253 2132 gemitibus
1278 2060 1312 2114 et
1333 2051 1501 2131 lacrymis
1520 2066 1598 2113 eam

368 2167 593 2223 testarentur.

431 2264 518 2329 1186.
561 2267 661 2331 Multi
673 2268 833 2331 eliamex
849 2265 1070 2329 auditoribus
1081 2265 1127 2329 ad
1139 2273 1273 2328 statum
1284 2266 1381 2329 vitae
1392 2265 1600 2328 mutandum

363 2383 402 2437 et
417 2374 462 2436 ad
477 2374 722 2454 perfectiorem
738 2375 832 2437 vitae
848 2373 1042 2455 spiritualis
1056 2373 1231 2436 rationem
1252 2372 1472 2453 aspirabant.
1492 2372 1537 2434 Et
1550 2372 1600 2433 ila

369 2481 544 2562 quaedam
560 2481 769 2562 praesertim
784 2481 971 2559 foeminae,
987 2481 1032 2544 de
1052 2498 1201 2560 quarum
1222 2480 1458 2544 matrimoniis
1472 2479 1599 2559 ageba·

368 2596 435 2667 tur,
453 2589 651 2652 castitatem
667 2606 769 2652 suam
784 2588 926 2652 Christo
944 2604 1157 2651 consecrare
1173 2588 1373 2651 voluerunt.

430 2695 517 2760 1187.
561 2697 605 2760 Et
621 2697 702 2777 quia
716 2697 931 2760 monasteria
947 2697 1194 2777 religiosarum
1214 2695 1363 2759 instituti
1389 2697 1443 2758 sui
1458 2713 1530 2759 non
1541 2695 1599 2758 ad·

368 2803 510 2868 modum
543 2804 771 2867 observantia
808 2804 1125 2882 existimabantur,
1157 2803 1415 2868 monasterium
1445 2802 1599 2883 aliquod,

368 2921 569 2975 nostrorum
584 2928 703 2993 opera,
721 2909 910 2991 Syracusis
925 2912 1061 2975 institui
1076 2911 1277 2991 cupiebant,
1298 2910 1357 2974 ubi
1373 2926 1454 2973 cum
1469 2927 1599 2989 magna

367 3017 630 3097 reformatione,
652 3017 950 3099 quemadmodum
971 3017 1183 3081 Messanae¹
1207 3027 1241 3081 et
1261 3016 1429 3081 Panormi
1448 3016 1459 3046 ⁵
1476 3018 1511 3081 in
1531 3035 1601 3080 mo·

368 3126 533 3189 nasteriis
548 3125 782 3189 Ascensionis
796 3135 829 3188 et
846 3125 1041 3204 Roglionis,
1058 3125 1247 3204 religiosae
1264 3124 1443 3188 vivebant.

373 3237 375 3240 ’
432 3231 519 3295 1188.
563 3232 714 3312 Aliquae
730 3233 840 3296 etiam
855 3232 984 3296 viduae
1000 3234 1045 3295 ad
1061 3232 1131 3295 Dei
1146 3232 1319 3296 honorem
1334 3233 1371 3296 in
1384 3239 1478 3294 statu
1499 3231 1600 3295 casti·

368 3340 452 3402 tatis
466 3339 619 3402 vidualis
634 3357 777 3403 manere
793 3339 1040 3419 decreverunt,
1057 3340 1149 3403 inter
1168 3356 1258 3420 quas
1269 3339 1415 3402 illustris
1428 3338 1601 3419 quaedam

368 3444 442 3526 ejus
466 3446 564 3509 urbis
584 3458 746 3510 matrona
777 3457 865 3526 erat,
887 3463 990 3526 quae,
1013 3446 1184 3526 optimum
1200 3446 1256 3509 sui
1281 3445 1427 3509 odorem
1447 3447 1483 3509 in
1501 3446 1601 3526 spiri·

369 3553 455 3617 tuali
480 3554 554 3616 vita
583 3571 772 3634 spargens,
800 3555 930 3618 multas
956 3554 1002 3616 ad
1023 3571 1127 3617 suum
1159 3555 1369 3635 exemplum
1394 3553 1602 3618 imitandum

368 3661 492 3725 movit.

431 3766 518 3831 1189.
562 3768 740 3832 Plurimae
760 3769 889 3850 itaque,
911 3769 1072 3848 deposito
1098 3769 1276 3851 superfluo
1292 3778 1431 3847 ornatu,
1453 3769 1499 3831 ad
1520 3767 1602 3831 sim·

368 3877 495 3959 plicem
510 3887 544 3940 et
559 3876 780 3957 spiritualem
794 3875 939 3941 vivendi
954 3877 1130 3940 rationem
1145 3893 1183 3940 se
1206 3885 1494 3956 composuerunt,
1511 3878 1602 3940 inter

369 4003 456 4066 quas
471 3985 610 4066 aliquae
626 4002 687 4065 per
704 3985 909 4065 generalem
923 3985 1030 4048 totius
1045 3984 1140 4047 vitae
1156 3972 1420 4048 consessionem
1431 3981 1603 4064 majorem

370 4093 509 4155 animae
525 4093 715 4173 puritatem
734 4095 973 4172 quaesierunt,
992 4101 1027 4154 et
1041 4087 1194 4155 orationi
1217 4092 1366 4156 mentali
1386 4091 1536 4170 deditae,
1559 4090 1604 4154 ad

372 4197 639 4263 &laetissimam
659 4199 921 4265 Eucharistiam
942 4217 1072 4278 magno
1092 4199 1200 4262 animi
1221 4198 1397 4263 desiderio
1419 4198 1605 4262 dominicis

373 4397 582 4405 ——-——-—

414 4515 422 4547 ¹
454 4515 631 4571 Hieronymus
641 4515 672 4558 de
683 4514 806 4559 Bononia.

410 4591 420 4621 ²
449 4589 516 4632 Vide
532 4597 619 4641 supra,
632 4593 650 4630 t.
661 4597 698 4640 iv,
709 4597 768 4640 pag.
780 4583 1005 4634 1911111111116,

410 4661 421 4705 1
449 4659 517 4706 Vide
529 4669 616 4726 supra,
627 4665 644 4702 1.
654 4669 691 4712 iv,
702 4669 761 4712 pag.
773 4656 821 4712 209,
830 4668 854 4701 11.
864 4656 916 4703 161.
