3642 5350
365 398 421 463 780
826 400 955 465 Canon.
973 402 1052 465 δικ.
1072 402 1142 479 Jas.

368 548 490 613 ciones
514 544 709 614 audiendas
732 548 967 615 confluentem
992 566 1121 631 capere
1146 548 1218 615 n'on
1241 547 1430 633 potuisset,
1449 550 1514 616 sed
1537 551 1601 615 ubi

368 665 442 720 tam
456 656 608 722 ecclesia
622 673 730 738 quam
744 657 902 723 vicinum
921 659 1119 723 claustrum
1139 667 1176 723 et
1194 658 1327 725 chorus
1349 658 1494 740 impleta
1515 657 1602 723 luisss

367 772 457 841 sent,
472 764 605 829 caeteri
620 763 665 828 ad
679 781 751 830 sua·
763 764 881 830 redire
900 765 1131 847 cogebantur.
1154 766 1331 832 Absoluta
1349 782 1437 831 vero
1458 768 1599 831 concio-

367 890 413 937 ne
437 871 562 937 diebus
584 874 726 938 veneris
750 872 958 955 praedietis,
978 874 1080 955 pueri
1101 891 1183 939 cum
1202 874 1431 956 processione
1452 873 1533 939 inde
1552 874 1600 939 ad

368 980 538 1062 templum
547 997 659 1063 usque
673 980 940 1047 Misericordiae
961 999 1000 1045 se
1015 982 1265 1063 conferebant,
1280 998 1371 1063 quos
1384 982 1548 1064 populus,
1563 990 1601 1046 et

369 1089 462 1153 inter
472 1105 535 1153 eos
545 1089 779 1170 poenitentes
791 1090 1018 1171 sequebatur;
1033 1101 1068 1154 et
1079 1098 1180 1154 tanta
1190 1100 1268 1155 erat
1279 1089 1462 1155 hominum
1473 1088 1596 1154 utrius·

368 1212 437 1277 que
451 1212 559 1261 sexus
572 1196 807 1278 spectantium
822 1205 858 1261 et
870 1197 1092 1278 sequentium
1107 1197 1308 1277 multitudo,
1328 1206 1366 1261 ut
1381 1197 1418 1262 in
1436 1198 1602 1279 ingressu

368 1304 501 1385 templi,
516 1303 601 1369 dum
614 1305 731 1369 locum
744 1304 876 1369 habere
890 1304 1151 1385 desiderabant,
1168 1304 1229 1369 alii
1251 1321 1362 1387 supra
1383 1304 1474 1369 alios
1496 1304 1601 1369 inter·

369 1411 454 1477 dum
468 1410 647 1477 caderent.

428 1517 519 1583 3355.
562 1516 644 1601 Ipso
658 1526 777 1585 autem
791 1518 848 1585 die
859 1518 956 1599 jovis
969 1520 1085 1586 sancti
1099 1526 1200 1584 tanta
1214 1536 1296 1585 cum
1315 1520 1538 1585 solemnitate
1552 1518 1602 1583 of·

370 1625 488 1691 ficium
502 1624 661 1691 divinum
674 1626 740 1691 fuit
754 1636 939 1709 peractum
953 1626 1022 1691 boc
1036 1644 1143 1708 anno,
1159 1636 1198 1692 ut
1212 1635 1351 1692 tantum
1362 1627 1604 1692 venerationis

371 1742 406 1799 et
420 1734 631 1816 devotionis,
647 1751 755 1817 quam
770 1735 896 1801 uberes
912 1737 1094 1817 lacrymae
1109 1735 1348 1815 testabantur,
1364 1735 1401 1799 in
1422 1732 1522 1800 India
1545 1750 1603 1798 ea·

370 1850 473 1907 tenus
488 1842 606 1908 visum
616 1860 688 1907 non
699 1840 818 1923 fuerit;
830 1850 865 1907 et
880 1859 924 1907 eo
938 1842 1130 1925 praecipue
1140 1850 1314 1924 tempore,
1327 1860 1397 1924 quo
1409 1839 1474 1907 83²¹
1484 1858 1604 1907 sacra-

370 1958 527 2015 mentum
546 1949 805 2030 includebatur,
821 1958 856 2015 et
876 1966 959 2016 cum
979 1949 1238 2031 recludebatur,
1260 1957 1297 2015 et
1319 1950 1356 2015 in
1377 1950 1456 2030 ipso
1474 1948 1601 2031 officio,

371 2056 467 2139 quod
481 2058 708 2123 tenebrarum
723 2066 866 2138 vocant,
886 2057 982 2140 quod
1001 2058 1105 2139 pueri
1122 2058 1272 2139 Collegii
1291 2074 1424 2138 magna
1444 2074 1527 2122 cum
1548 2074 1602 2122 so·

374 2164 557 2229 lemnitate
569 2174 794 2247 peregerunt.

434 2270 525 2337 3356.
569 2271 831 2354 Confesstones,
848 2273 1015 2355 quamvis
1028 2280 1103 2337 toto
1117 2290 1212 2339 anno
1227 2259 1454 2349 audirentur,
1470 2279 1604 2353 tempo·

369 2396 410 2443 re
425 2388 544 2445 tamen
558 2378 863 2461 Quadragesimae
877 2380 1103 2463 potissimum
1114 2378 1352 2444 confessarios
1364 2379 1605 2461 occupabant,

370 2486 463 2552 inter
477 2503 568 2568 quos
581 2495 660 2551 erat
673 2486 712 2551 Ρ.
729 2488 919 2554 Baithasar
938 2486 1143 2568 praedictus
1157 2496 1192 2552 et
1206 2485 1245 2552 P.
1266 2485 1426 2552 Didacus
1440 2484 1485 2550 de
1499 2485 1607 2552 Sove·

371 2595 436 2671 ral,
466 2594 528 2675 qui
551 2602 676 2676 postea
701 2593 747 2659 ad
772 2603 880 2677 caput
906 2593 1115 2659 Chomurini
1138 2594 1206 2659 suit
1232 2594 1364 2659 missus
1388 2610 1470 2658 cum
1494 2596 1606 2659 socio.

370 2701 522 2766 Fructus
546 2703 655 2766 etiarn
679 2702 943 2768 confessionum
967 2719 1107 2785 semper
1131 2719 1285 2782 magnus
1314 2703 1547 2783 cernebatur,
1573 2711 1608 2768 et

372 2809 509 2875 duobus
529 2809 574 2874 ad
593 2809 833 2880 sacerdotium
852 2811 1037 2892 promotis,
1060 2811 1196 2875 scilicet
1219 2808 1343 2874 Marco
1365 2809 1528 2892 Nugnez,
1547 2811 1608 2892 qui

371 2917 507 2999 primae
521 2917 639 2997 classi,
656 2926 691 2982 et
704 2918 860 3001 Josepho
875 2917 1021 2997 Rivero,
1038 2918 1099 2999 qui
1117 2918 1247 2983 tertiae
1261 2926 1468 2997 praeerant,
1488 2917 1608 2998 plures

371 3025 455 3090 huic
468 3025 663 3090 ministerio
678 3042 810 3091 vacare
823 3035 1028 3108 potuerunt.

396 3121 397 3124 '
431 3131 524 3196 3357.
568 3133 658 3198 Cum
672 3142 791 3198 autem
805 3134 907 3199 initio
928 3133 1147 3216 Septembris
1166 3133 1378 3200 Patriarcha
1396 3143 1432 3200 et
1450 3134 1489 3198 P.
1512 3133 1608 3198 Gon·

372 3240 471 3305 zalus
485 3239 529 3304 de
544 3238 706 3322 Sylvera,
722 3258 840 3306 novus
854 3241 978 3307 Indiae
991 3240 1240 3322 Provincialis,
1256 3252 1292 3306 et
1306 3243 1368 3307 alii
1381 3242 1544 3324 superius
1557 3241 1605 3306 di·

373 3347 422 3412 cti
438 3359 445 3390 ¹
462 3348 577 3415 Goam
597 3349 859 3431 pervenissent,
882 3358 1066 3416 crescente
1085 3349 1262 3415 bonorum
1280 3351 1525 3433 operariorum
1545 3365 1607 3413 nu·

372 3471 482 3535 mero,
499 3463 533 3520 et
546 3456 683 3520 fructus
698 3459 805 3522 etiam
820 3466 855 3522 et
870 3450 1071 3522 aedificatio
1083 3449 1245 3522 crescere
1259 3435 1385 3539 potuit.

432 3561 525 3626 3358.
568 3564 834 3646 Expectabatur
862 3565 968 3630 avide
1000 3564 1200 3647 Episcopus
1231 3565 1383 3630 Goensis
1417 3565 1463 3630 ab
1499 3564 1608 3629 eccle

374 3671 529 3736 siasticis
553 3659 781 3753 praesertim,
808 3673 869 3754 qui
893 3674 1049 3754 pastoris
1070 3674 1199 3738 solatio
1220 3681 1323 3738 erant
1343 3672 1514 3738 destituti.
1539 3669 1609 3736 Sed

375 3763 457 3843 curn
483 3778 733 3844 patriarcham
757 3789 792 3845 et
817 3780 1035 3862 Episcopum
1060 3780 1243 3846 Andream
1265 3779 1409 3845 venisse
1433 3777 1606 3859 viderent,

376 3886 654 3951 consolationem
674 3897 902 3969 acceperunt.
928 3888 1139 3970 Indigebant
1162 3889 1257 3953 enim
1280 3886 1476 3970 episcopali
1499 3903 1609 3969 opera

376 3993 423 4058 ad
437 3994 507 4058 olei
520 3994 635 4058 sancti
647 3996 967 4078 consecrationem,
983 4012 1052 4077 quo
1065 3995 1139 4078 jam
1154 3995 1435 4060 destituebantur
1449 3994 1497 4067 ad
1510 3994 1610 4060 mini·

376 4100 561 4166 strandum
586 4111 851 4190 sacramentum
869 4112 1052 4169 extremae
1071 4103 1259 4170 unctionis.
1284 4103 1387 4168 Multi
1405 4102 1513 4167 etiam
1531 4103 1610 4167 reli·

376 4209 472 4290 giosi
485 4209 621 4274 ordinis
639 4207 700 4274 8³¹
720 4208 898 4275 Dominici
918 4229 962 4276 ac
976 4210 1036 4277 85¹
1052 4211 1238 4276 Francisci
1257 4209 1303 4275 ad
1322 4210 1466 4275 ordines
1484 4226 1610 4274 sacros

377 4325 479 4381 erant
490 4316 735 4398 promovendi,
749 4328 783 4382 et
795 4318 845 4382 ita
856 4317 1079 4396 Patriarcha,
1088 4336 1170 4384 cum
1180 4316 1443 4400 conquievisset
1453 4317 1609 4399 aliquan·

378 4422 450 4504 diu,
466 4423 613 4505 triginta
627 4425 684 4488 vel
701 4424 941 4506 quadraginta
956 4443 1002 4490 ex
1016 4425 1069 4490 eis
1082 4425 1129 4490 ad
1144 4424 1287 4489 ordines
1300 4425 1491 4506 promovit.
1506 4423 1552 4489 Et
1565 4441 1611 4487 ex

422 4667 429 4700 ¹
460 4663 543 4720 Supra
554 4675 578 4712 n.
589 4663 645 4710 &29
653 4671 680 4709 et
690 4675 753 4723 req..
765 4673 791 4711 et
802 4678 824 4713 n
838 4665 899 4714 8841.
