3642 5350
820 429 885 486 All.
907 427 977 488 1556
1461 432 1513 492 621

276 579 345 649 rat,
369 588 457 652 erga
481 582 626 636 nostros
650 573 852 652 civitatem;
874 581 909 635 et
931 571 1069 654 aliquos
1097 591 1143 638 ex
1166 575 1420 641 ecclesiasticis
1445 578 1517 658 pri·

279 679 414 755 manile,
431 680 490 760 qui
506 697 576 744 non
591 682 706 743 solum
720 682 793 743 suis
810 681 1046 760 eleemosynis
1060 680 1220 760 eollegio
1235 683 1438 763 subvenire,
1451 685 1513 748 sed

278 785 413 849 reditus
436 787 544 850 etiam
568 795 761 867 perpetuos
785 788 967 867 applicare
993 789 1194 868 cupiebant:
1218 789 1396 854 habebant
1419 792 1514 855 enim

281 893 401 973 aliqua
415 895 680 973 praestimonia,
695 911 786 975 quae
801 894 956 957 unienda
968 893 1127 976 Collegio
1143 896 1229 959 dare
1241 897 1517 963 constituerant.

261 988 263 991 ’
339 999 431 1064 2676.
474 1000 514 1064 ln
525 1001 604 1065 aliis
615 1001 722 1064 etiam
734 1001 981 1065 sacerdotibus
992 1013 1027 1065 et
1038 1002 1265 1068 scholasticis
1276 1004 1512 1084 frequentiam

279 1117 585 1172 sacramentorum
605 1109 762 1173 crevisse
781 1109 970 1188 intellexit;
992 1119 1126 1173 etcum
1146 1109 1264 1189 gratia
1282 1108 1428 1189 iubilaei
1446 1114 1516 1176 sub

278 1213 415 1279 initium
444 1214 652 1279 Decembris
681 1216 729 1279 ibi
756 1217 983 1296 promulgata
1009 1226 1118 1290 esset.
1143 1216 1203 1280 diu
1228 1229 1406 1299 noctuque
1430 1236 1512 1284 cum

276 1322 316 1386 P.
334 1320 498 1386 Pradano
513 1323 550 1385 in
564 1323 847 1387 confessionibus
862 1321 1046 1387 audiendis
1061 1323 1127 1387 fuit
1147 1333 1362 1404 occupatus;
1379 1335 1513 1390 etcum

275 1431 411 1510 aliquot
422 1431 595 1493 ecclesiae
606 1429 847 1510 designandae
863 1438 981 1494 essent
999 1431 1044 1494 ad
1059 1430 1260 1511 hujusmodi
1273 1430 1419 1512 jubilaei
1430 1449 1512 1513 gra·

275 1538 364 1601 tiam
379 1538 618 1616 obtinendam,
634 1547 757 1602 nostra
773 1539 866 1602 inter
881 1539 973 1602 alias
987 1536 1052 1601 suit
1067 1539 1270 1618 designata;
1288 1549 1322 1603 et
1336 1548 1436 1604 tanta
1453 1541 1511 1604 ho·

278 1646 412 1709 minum
432 1646 619 1709 multitudo
640 1644 684 1708 ad
705 1663 785 1710 eam
809 1645 999 1723 confluxit,
1016 1648 1124 1709 etiam
1143 1663 1164 1709 a
1187 1648 1333 1710 remotis
1353 1648 1515 1712 civitatis

276 1753 376 1826 locis,
394 1752 521 1832 quibus
535 1753 627 1815 aliae
641 1752 814 1815 ecclesiae
833 1753 1043 1831 designatae
1061 1753 1202 1817 vicinae
1222 1764 1341 1832 erant,
1363 1763 1401 1818 ut
1421 1757 1513 1819 satis

277 1877 380 1922 suam
394 1860 619 1923 devotionem
636 1860 787 1940 populus
801 1877 844 1922 ea
859 1859 895 1922 in
911 1876 949 1922 re
966 1859 1179 1923 ostenderet.

336 1965 428 2029 2677.
471 1965 551 2029 Fuit
565 1975 684 2029 autem
698 1964 835 2028 fructus
849 1961 1051 2044 hujusmodi
1066 1966 1328 2031 confessionum
1345 1968 1509 2048 insignis;

274 2091 356 2137 cum
379 2074 487 2154 aliqui
510 2090 596 2136 suae
621 2073 861 2136 conscientiae
886 2073 1021 2153 aliquot
1044 2073 1147 2137 annis
1169 2090 1297 2155 parum
1320 2075 1515 2140 satisfecis-

273 2191 363 2254 sent,
385 2181 445 2244 alii
464 2191 584 2244 autem
602 2180 699 2243 viam
724 2179 869 2243 Domini
894 2197 964 2260 qua
990 2181 1303 2262 progrederentur,
1327 2184 1513 2248 invenisse

276 2289 344 2352 sibi
359 2289 577 2352 viderentur.

331 2394 423 2459 2678.
467 2394 622 2460 Adducti
634 2404 715 2459 sunt
727 2406 847 2459 autem
859 2396 960 2458 multi
972 2395 1017 2458 ad
1028 2406 1334 2461 sacramentorum
1346 2397 1509 2478 frequen·

273 2501 360 2566 tiam
374 2512 409 2566 et
424 2503 520 2566 vitae
535 2503 667 2566 seriam
683 2503 692 2533 ¹
712 2500 959 2576 mutationem
977 2501 1070 2565 inter
1089 2520 1178 2583 quos
1199 2503 1310 2584 aliqui
1328 2513 1432 2568 erant
1451 2505 1508 2567 ob·

271 2618 485 2673 trectatores
509 2626 648 2689 eorum,
673 2609 733 2691 qui
758 2617 984 2672 sacramenta
1009 2608 1299 2691 frequentabant3
1327 2618 1362 2675 et
1387 2620 1508 2673 tamen

272 2726 402 2782 octavo
423 2734 563 2799 quoque
577 2716 634 2781 die
649 2718 686 2780 id
703 2717 823 2782 facere
839 2716 908 2796 ipsi
924 2726 1128 2797 coeperunt.
1146 2717 1268 2798 Aliqui
1284 2718 1427 2781 domum
1445 2734 1504 2782 no·

272 2834 384 2889 stram
405 2825 452 2888 ad
472 2825 716 2905 pavimentum
741 2822 956 2888 vertendum
981 2831 1016 2887 et
1042 2823 1111 2887 alia
1137 2822 1284 2888 humilia
1309 2824 1506 2889 ministeria

271 2932 472 2997 exercenda
491 2931 697 3009 veniebant,
713 2931 774 3012 qui
792 2932 867 2996 lere
887 2930 1095 2995 scholastici
1114 2932 1225 2996 nostri
1245 2941 1359 2996 erant.
1376 2931 1449 2996 Alii
1464 2941 1505 2995 ut

271 3039 308 3102 in
322 3040 473 3103 ecclesia
487 3049 609 3102 nostra
624 3038 775 3118 flagellis
789 3056 829 3101 se
844 3036 1034 3102 caederent
1050 3038 1139 3102 alios
1154 3036 1165 3068 ¹
1179 3038 1390 3103 invitabant.
1413 3070 1416 3075 Δ

330 3145 422 3209 2679.
466 3144 504 3210 P.
525 3145 773 3210 Ferdinandus
793 3143 950 3209 Alvarez
970 3147 1062 3209 inter
1081 3146 1151 3209 alia
1173 3148 1232 3227 pia
1254 3164 1363 3227 opera
1381 3164 1509 3227 pacem

268 3254 461 3335 quamdam
486 3254 576 3317 inter
602 3254 700 3317 viros
726 3254 914 3334 primarios
939 3252 1014 3334 ejus
1040 3254 1138 3317 urbis
1165 3255 1317 3333 curavit,
1345 3272 1436 3337 quae
1462 3255 1507 3320 ad
1589 3316 1598 3331 ,

269 3377 494 3425 communem
509 3360 662 3441 quietem
677 3360 860 3424 societatis
875 3377 947 3422 non
967 3376 1094 3439 parum
1116 3360 1334 3425 conferebat.
1351 3360 1506 3441 Quidam

268 3468 378 3532 etiam
391 3467 562 3531 sacerdos
574 3464 730 3546 juvenis
747 3480 782 3531 et
798 3484 869 3530 non
884 3466 1055 3530 mediocri
1071 3466 1204 3531 virtute
1219 3456 1414 3548 praeditus,
1432 3468 1505 3532 Sal·

269 3575 425 3639 mantica
442 3574 522 3639 inde
537 3568 704 3638 discessit
718 3582 757 3637 ut
772 3574 944 3637 exercitia
960 3574 1159 3653 spiritualia
1174 3574 1371 3655 susciperet
1387 3592 1430 3637 ac
1445 3572 1505 3639 So·

263 3682 435 3746 cietatem
453 3682 717 3762 ingrederetur3
733 3682 824 3744 alius
839 3681 884 3744 ad
900 3680 938 3745 P.
956 3680 1218 3744 Provincialem
1233 3683 1268 3745 in
1289 3680 1509 3746 Societatem.

270 3788 408 3853 admitti
424 3790 582 3870 cupiens,
599 3787 775 3869 proficisci
787 3789 911 3866 voluit;
925 3805 1006 3851 cum
1018 3788 1112 3852 enim
1124 3790 1277 3869 quinque
1288 3804 1437 3853 numero
1449 3804 1502 3852 so·

268 3897 343 3960 lum
356 3907 475 3961 essent
490 3894 644 3972 Abulae,
668 3895 875 3959 commodus
894 3893 1120 3960 instituendis
1138 3896 1284 3959 novitiis
1306 3897 1407 3959 locus
1431 3912 1505 3959 non

269 4012 358 4067 erat.
370 4003 468 4067 Inter
479 4004 568 4067 alias
580 4012 700 4067 autem
711 4003 968 4082 eleemosynae,
979 4002 1106 4083 quibus
1117 3999 1218 4065 multi
1229 4020 1332 4066 suum
1346 4002 1503 4066 animum

268 4126 580 4191 propensumerga
589 4108 1228 4189 Societatemostenderunt⁸,senatus
1237 4109 1416 4178 abulensis
1425 4099 1502 4188 lu‘it,

259 4217 328 4299 ‘qui
349 4233 519 4297 magnam
539 4217 710 4281 materiae
731 4217 872 4298 copiam
886 4216 933 4281 ad
948 4216 1097 4281 aedificii
1112 4234 1203 4299 opus
1218 4214 1377 4296 Collegio
1393 4215 1504 4282 dedit.

328 4323 373 4388 Et
388 4324 479 4388 haec
493 4324 536 4388 de
551 4323 723 4389 Abulensi
737 4323 912 4403 Collegio.

308 4528 318 4562 ¹
345 4528 503 4575 Μυονέας.

305 4600 319 4634 ¹
345 4600 581 4647 heroldinum.

305 4672 318 4705 ⁸
345 4671 500 4727 linquentes
512 4674 594 4718 mum
602 4683 683 4717 suum
695 4675 819 4718 animum
830 4685 896 4729 ergo
906 4680 1074 4729 propensum
1086 4674 1249 4721 Societatem
1260 4674 1408 4719 ostendit...
