3642 5350
358 415 414 476 506
817 417 946 479 Chaon.
966 417 1043 476 Soc.
1064 417 1134 490 Jas.

359 561 574 626 Societatem
585 579 809 643 summopere
821 562 1128 644 commendabant;
1140 571 1176 628 et
1189 562 1332 626 demum
1346 561 1520 625 valentini
1530 561 1593 625 ho-

360 669 484 747 mines,
500 677 658 733 veterem
676 677 809 734 statum
828 669 927 733 urbis
941 670 1114 733 memoria
1135 668 1328 751 repetendo
1343 677 1378 732 et
1393 685 1475 732 cum
1490 685 1591 749 prae·

359 776 449 838 senti
473 775 727 857 comparand0,
747 777 846 858 prius
865 776 1057 841 Dominum
1075 775 1185 840 luisse
1205 776 1347 855 iratum,
1364 785 1449 840 tunc
1471 777 1594 856 propi·

358 881 446 945 tium
459 883 679 959 dictitabant;
691 893 797 948 antea
808 883 983 964 siquidem
994 884 1094 948 rixae
1106 893 1142 948 et
1153 883 1411 962 contentiones,
1422 893 1507 948 tunc
1519 901 1594 964 pax

360 999 395 1051 et
409 1006 547 1054 summa
559 989 758 1055 animorum
769 991 970 1071 consensio;
983 1000 1089 1054 antea
1101 990 1220 1054 carnis
1232 990 1418 1055 illecebrae
1430 988 1593 1072 [impera—

361 1095 457 1177 bant‚
473 1113 566 1160 nunc
581 1098 729 1161 castitas
739 1096 1001 1179 dominabatur]
1015 1097 1037 1162 ¹:
1050 1105 1156 1160 antea
1166 1097 1272 1176 furta,
1285 1098 1476 1162 homicidia
1489 1106 1524 1161 et
1534 1097 1591 1162 de·

360 1203 565 1284 tractiones;
581 1212 665 1268 tunc
679 1204 735 1268 his
749 1206 943 1286 contraria,
959 1214 994 1269 et
1009 1205 1045 1268 in
1060 1204 1184 1285 primis
1195 1204 1407 1270 charitatem
1417 1204 1595 1269 dominari

359 1310 540 1389 dicebant,
570 1319 605 1374 et
638 1313 769 1376 missae
799 1312 846 1376 ad
873 1329 912 1376 se
944 1311 1133 1377 Societatis
1166 1311 1298 1375 donum
1325 1311 1394 1375 Dei
1422 1328 1595 1392 agnosce-

361 1417 448 1480 bant
462 1414 486 1476 ⁸.
1374 1419 1378 1424 '

420 1522 511 1588 2192.
554 1523 593 1588 In
607 1534 730 1589 nostro
745 1527 876 1606 templo
891 1525 987 1605 Mag.
1003 1524 1137 1590 Suarez
1151 1523 1163 1556 ⁸
1178 1541 1260 1589 cum
1271 1541 1404 1605 magno
1418 1526 1597 1605 applausu

362 1631 595 1696 christianam
609 1630 808 1697 doctrinam
824 1633 1039 1714 explicabat.

420 1738 511 1802 2193.
556 1737 725 1804 Praeerat
740 1739 899 1820 Collegio
915 1739 953 1806 P.
969 1739 1124 1822 Jacobus
1138 1739 1254 1804 Miron
1267 1737 1291 1819 ⁴,
1307 1758 1353 1803 ex
1371 1738 1592 1819 Portugallia

360 1864 382 1909 a
398 1845 436 1910 Ρ.
452 1845 647 1911 Francisco
663 1845 892 1912 ⁸Valentiam
911 1848 1051 1926 missua
1073 1847 1174 1929 cujus
1193 1848 1394 1927 exemplum
1408 1855 1442 1910 et
1460 1844 1590 1910 doctri·

361 1970 408 2015 na
423 1955 553 2017 multos
575 1952 620 2016 ad
639 1955 786 2018 meliora
805 1955 1048 2035 promovebat.
1070 1953 1152 2019 Fuit
1173 1954 1266 2018 enim
1283 1952 1359 2033 ejus
1379 1952 1556 2017 adventus
1571 1969 1596 2014 a

361 2059 499 2124 civibus
511 2061 618 2124 etiam
628 2061 806 2142 primariis
818 2078 1037 2142 magnopere
1047 2070 1237 2142 exoptatus
1245 2070 1280 2125 et
1292 2062 1501 2141 postulatus
1515 2056 1594 2123 Col·

360 2167 542 2246 legialium
565 2185 734 2232 numerus
760 2167 806 2233 ad
825 2169 953 2248 viginti
973 2179 1054 2232 octo
1074 2168 1234 2232 ascendit
1251 2165 1275 2231 ⁸.
1297 2167 1417 2248 Aliqui
1431 2167 1526 2230 enim
1547 2165 1596 2229 ad

361 2271 574 2338 Societatem
601 2275 746 2340 admissi
769 2275 928 2354 fuerunt,
955 2275 1058 2340 etde
1084 2275 1200 2338 Domo
1220 2273 1445 2338 Probationis
1460 2273 1507 2337 ad
1532 2289 1597 2336 eos

361 2380 580 2445 exercendos
591 2378 663 2460 J'am
679 2392 763 2446 tunc
779 2383 963 2462 agebatur.
978 2381 1036 2446 Sic
1049 2383 1144 2445 enim
1155 2379 1192 2444 P.
1205 2381 1421 2445 Franciscus
1433 2377 1595 2461 injunxe-

362 2496 418 2551 rat
438 2485 476 2550 P.
503 2487 643 2567 Mironi‚
670 2490 731 2569 qui
755 2489 904 2553 sabbato
929 2500 1013 2554 ante
1031 2487 1249 2552 dominicam
1274 2488 1598 2569 quinquagesimae

363 2592 567 2659 Valentiam
585 2613 667 2660 cnm
681 2594 719 2659 P.
735 2595 804 2660 St*
830 2595 945 2660 Cruce
964 2613 1008 2659 ac
1027 2595 1112 2659 Dre.
1134 2594 1300 2658 Ramirez
1315 2595 1326 2626 ⁷
1342 2607 1595 2676 pervenerant.

421 2702 513 2767 2194.
556 2702 744 2768 Admissus
759 2704 808 2768 ibi
821 2704 939 2768 fuerat
949 2702 1092 2784 juvenis
1106 2702 1262 2784 quidam,
1287 2702 1333 2767 ad
1346 2704 1593 2783 magisterium

362 2810 398 2872 in
413 2810 638 2891 philosophia
652 2820 849 2891 promotuS,
865 2812 973 2875 immo
987 2810 1049 2890 qui
1062 2809 1171 2874 etiam
1192 2808 1436 2890 philosophiae
1451 2828 1596 2875 cursum

364 2917 443 2979 aliis
458 2919 694 2998 praelegerat.

423 3024 515 3087 2195.
557 3024 630 3089 Alii
644 3036 718 3089 tres
732 3027 789 3089 vel
804 3035 968 3106 quatuor,
984 3043 1057 3090 non
1071 3026 1235 3106 vulgaris
1249 3025 1509 3105 expectationis
1523 3033 1595 3088 stu-

363 3129 466 3209 diosi,
482 3129 517 3193 id
532 3131 648 3211 ipsum
662 3131 884 3211 flagitabant,
902 3132 962 3213 qui
977 3149 1058 3196 cum
1070 3132 1149 3196 aliis
1163 3150 1234 3195 non
1249 3132 1373 3212 paucis
1388 3131 1456 3195 hoc
1471 3142 1597 3197 votum

364 3253 552 3301 commune
567 3238 755 3319 habebant;
772 3239 834 3304 sed
849 3240 1021 3319 paulatim
1036 3241 1073 3304 in
1087 3240 1139 3303 eis
1153 3238 1382 3303 admittendis
1400 3238 1595 3319 proceden-

406 3440 413 3472 l
442 3439 489 3485 Ms.
499 3441 587 3487 babet:
598 3444 680 3487 antea
691 3445 785 3488 carnis
794 3444 948 3496 illecebrae,
956 3446 1022 3488 tune
1032 3444 1191 3497 castigatae.
1206 3442 1273 3487 Huic
1287 3443 1393 3488 lectioni
1403 3455 1462 3487 eam
1472 3444 1600 3498 praetuli·

365 3524 428 3563 mus.
440 3523 516 3567 quam
526 3514 636 3558 afferunt
647 3514 769 3559 Litterae
784 3514 1219 3570 Quadrimestres,t.1v‚pag.281.
1235 3516 1302 3559 unde
1317 3517 1400 3560 verba
1413 3516 1439 3559 ln
1449 3521 1549 3559 textum
1560 3514 1596 3558 ln·

367 3584 446 3628 ducta
458 3585 653 3640 desumpsimus.

405 3656 417 3687 ⁹
443 3654 472 3699 In
482 3658 632 3701 memoriam
640 3669 744 3711 revoca,
754 3670 819 3713 quae
828 3670 916 3713 supra,
925 3658 958 3703 ad
965 3669 990 3701 n.
998 3657 1053 3702 2170
1059 3656 1252 3712 annotavimus,
1259 3657 1379 3701 nimirum
1387 3656 1546 3704 Societatem
1553 3660 1599 3704 do-

365 3727 488 3771 micillum
498 3727 638 3773 Valentiae
649 3730 770 3775 habuisse
781 3732 813 3774 ab
824 3742 891 3774 anno
903 3731 963 3775 tnta.

404 3796 416 3829 ³
443 3798 472 3842 ln
482 3797 605 3844 Litterae
615 3800 846 3853 Quadrimestres,
854 3803 921 3853 ibid,
931 3814 990 3857 pag.
1000 3802 1042 3845 279
1051 3802 1200 3856 appelletur
1209 3799 1326 3843 Xaarea.
1342 3798 1435 3843 Eritne
1445 3798 1542 3845 Frater
1553 3800 1599 3846 Di·

365 3868 444 3912 dacus
456 3868 552 3914 Suarez
562 3878 608 3916 eut
619 3870 729 3923 Xuamz,
741 3872 813 3927 culus
823 3872 851 3916 iit
861 3874 959 3916 mentio
969 3882 1048 3927 supra
1059 3878 1078 3915 t.
1088 3883 1125 3926 iv,
1136 3882 1197 3926 pag.
1206 3870 1247 3913 toi
1256 3876 1283 3914 et
1293 3869 1342 3923 408,
1353 3880 1377 3913 n.
1386 3870 1428 3913 878
1436 3876 1463 3913 et
1472 3870 1525 3915 879?

405 3942 416 3973 t
443 3940 493 3984 Hic
510 3942 595 3986 iuerat
610 3943 672 3986 olim
688 3944 787 3997 primns
803 3943 914 3998 Collegil
929 3943 1065 3987 Valentini
1081 3942 1189 3995 Recipe,
1207 3939 1415 3984 151415529111ε
1432 3953 1520 3996 supra,
1535 3947 1556 3987 t.
1569 3956 1600 3997 v,

365 4022 424 4065 pag.
434 4012 483 4065 359,
494 4012 576 4066 11969,
587 4020 675 4057 annot.
686 4017 705 4069 l;
716 4022 743 4058 et
754 4014 893 4069 Epistulae
903 4016 1016 4065 Mixtae,
1025 4021 1045 4060 t.
1056 4025 1074 4065 r.
1082 4015 1188 4069 passim.
1196 4012 1252 4057 Hoc
1262 4023 1326 4056 vero
1337 4022 1404 4055 enno
1412 4012 1500 4057 1556111
1509 4013 1600 4058 eodem

367 4094 471 4126 munere
481 4086 606 4129 successit
617 4085 646 4129 P.
657 4085 793 4141 Baptistae
806 4087 836 4130 de
848 4086 953 4147 Barma:
969 4088 1012 4141 qul
1027 4085 1101 4141 “qula
1115 4084 1277 4129 collateralis
1292 4084 1368 4127 datus
1383 4082 1470 4128 iuerat
1481 4084 1508 4128 Ρ.
1518 4083 1601 4129 Fran-

367 4154 435 4197 clsco
447 4153 568 4209 suadae,
579 4156 748 4211 Provinciall,
759 4158 818 4201 allis
830 4159 855 4201 in
866 4160 931 4202 locls
940 4166 1018 4201 extra
1028 4157 1178 4201 Valentiam
1188 4162 1235 4200 ant
1244 4154 1447 4210 praedicationis
1455 4162 1501 4200 aut
1509 4158 1603 4211 guber·

366 4226 479 4271 nationis
488 4227 576 4281 gratia
586 4228 657 4283 iola„
669 4228 762 4285 Sapra,
773 4236 792 4274 t.
803 4244 831 4284 v,
840 4241 900 4285 pag.
910 4230 961 4279 ³⁶9.
971 4242 997 4274 n.
1007 4230 1057 4273 991.

407 4296 419 4329 ⁸
447 4297 554 4351 Borgla.

406 4366 418 4399 ⁶
445 4368 531 4413 Seillc.
548 4382 580 4413 ex
596 4369 735 4415 Scelerate.
751 4371 794 4416 “ln
810 4372 858 4416 hoc
874 4371 991 4427 Colleglo
1004 4383 1092 4416 sumus
1107 4370 1202 4425 viginti
1217 4375 1243 4413 et
1257 4379 1313 4421 sex,
1328 4379 1360 4411 ex
1375 4368 1469 4423 quibas
1478 4376 1533 4413 tres
1540 4377 1601 4413 sant

366 4440 490 4494 theologi,
501 4448 527 4484 et
539 4441 588 4485 duo
598 4442 699 4486 artibus
708 4442 860 4487 liberalibus
871 4444 1013 4498 indulgent:
1022 4442 1121 4487 caeteri
1131 4453 1195 4486 vero
1205 4446 1251 4485 aut
1266 4439 1360 4483 Patres
1369 4445 1430 4483 aunt
1439 4448 1486 4485 ant
1496 4440 1601 4485 novitii:

367 4512 447 4565 aliqui
457 4520 515 4556 sunt
527 4513 632 4557 admissi
642 4520 668 4556 et
679 4514 786 4559 virtutis
794 4515 903 4560 studiosi
914 4522 941 4559 et
950 4515 1029 4570 docti;
1040 4523 1067 4558 et
1078 4514 1123 4559 alll
1139 4511 1286 4569 hujusmodl
1301 4516 1393 4563 optant
1409 4510 1532 4565 ingredi..
1542 4508 1602 4555 Lu·

367 4586 443 4626 tatae
452 4582 683 4638 Quadrimestres,
693 4591 712 4630 t.
724 4597 759 4639 iv,
768 4598 829 4641 pag.
839 4586 887 4630 280.

409 4655 419 4685 ⁷
447 4654 493 4700 Ma.
506 4656 584 4699 iterat
602 4654 764 4701 Valentiam.
