3642 5350
351 390 405 452 288
810 388 936 450 Canon.
957 388 1034 449 Soc.
1055 388 1126 473 Jns.

415 534 503 598 1140.
546 534 584 599 Ρ.
611 532 738 601 Petrus
761 534 941 600 Venustus
956 536 1172 600 monasterio
1186 551 1282 599 novo
1300 534 1373 613 (del
1392 532 1576 614 Roglion'

352 643 546 723 dicebatur)
565 651 600 707 et
618 643 794 708 interdum
815 643 894 715 aliis
909 642 946 709 in
971 643 1058 708 locis
1072 643 1278 708 concionari
1297 643 1421 707 solitus
1436 653 1525 719 erat,
1543 650 1579 707 et

352 748 535 831 cujusdam
553 750 703 831 insignis
722 752 928 815 monasterii
947 750 1138 816 Abbatissa
1163 750 1281 815 multis
1307 767 1388 815 curn
1407 750 1578 831 lacrymis

353 858 398 921 ab
413 875 455 922 eo
468 857 673 939 postularit,
687 868 725 922 ut
736 859 773 922 in
783 857 1004 939 praedictum
1019 858 1272 923 monasterium
1285 874 1417 923 norum
1428 874 1507 922 eam
1518 856 1575 921 ad·

354 965 444 1029 mitti
458 976 611 1044 curaret,
632 965 861 1029 libentissime
880 964 1033 1031 officium
1053 975 1087 1029 et
1108 966 1329 1045 dignitatem,
1350 982 1458 1046 quam
1473 964 1575 1030 habe·

354 1072 425 1152 bat,
442 1072 621 1153 relictura,
638 1082 676 1137 ut
690 1072 782 1137 inter
793 1074 961 1138 minimas
975 1074 1069 1138 illius
1083 1073 1288 1139 monasterii
1309 1074 1429 1137 vivere
1444 1083 1575 1153 posset.

416 1179 514 1244 1141:
554 1178 712 1261 Singulis
740 1180 864 1246 diebus
891 1180 1197 1263 Quadragesimae
1222 1182 1259 1245 in
1292 1191 1415 1245 nostro
1448 1182 1577 1262 templo

353 1288 477 1352 concio
489 1288 695 1369 habebatur,
708 1297 852 1370 propter
863 1289 1046 1354 scholares
1057 1290 1259 1371 praecipue,
1272 1289 1332 1371 qui
1343 1289 1417 1352 sere
1428 1288 1578 1355 trecenti

354 1413 501 1460 numero
522 1406 635 1477 erant,
655 1413 700 1463 ne
722 1396 879 1478 ipsorum
899 1406 1065 1478 parentes
1086 1397 1213 1462 merito
1233 1396 1403 1478 conqueri
1422 1403 1576 1477 possent,

354 1503 448 1586 quod
460 1503 570 1568 verbo
585 1502 654 1568 Dei
668 1513 793 1569 sancto
808 1504 867 1568 illo
881 1513 1040 1586 tempore
1054 1504 1293 1586 privarentur.

417 1610 504 1674 1142.
548 1611 665 1675 lverat
689 1627 810 1679 mense
833 1611 1004 1694 Januario
1029 1610 1220 1677 Marsalam
1245 1610 1284 1676 P.
1312 1609 1443 1677 Paulus
1466 1608 1495 1689 ¹,
1519 1610 1578 1675 ubi

352 1734 478 1799 agrum
493 1719 677 1800 egregium
691 1716 855 1798 Abbatia,
871 1718 1030 1800 Collegio
1044 1727 1167 1783 nostro
1183 1720 1280 1783 unita
1294 1716 1323 1798 ⁸,
1340 1718 1488 1783 circuitu
1504 1715 1578 1782 fere

353 1824 552 1907 quindecim
566 1826 712 1893 millium
726 1822 738 1855 ⁴
753 1842 923 1907 passuum
938 1826 1108 1905 habebat;
1124 1837 1160 1891 et
1174 1826 1337 1908 quamvis
1353 1826 1390 1889 in
1409 1843 1451 1890 eo
1473 1843 1577 1889 exco-

354 1932 457 1997 lendo
472 1933 685 2014 quingentos
699 1949 828 1997 aureos
846 1933 1078 2015 expenderat,
1100 1951 1181 2001 cum
1199 1933 1326 2014 viginti
1347 1940 1498 2015 quatuor
1520 1932 1578 1996 bo·

354 2058 419 2105 ves
438 2040 484 2105 ad
506 2040 581 2121 ejus
601 2043 733 2105 cultum
752 2041 912 2119 emisset,
933 2060 978 2106 ex
999 2042 1230 2125 proventibus
1249 2041 1351 2123 primi
1374 2041 1457 2105 anni
1477 2040 1579 2104 facile

355 2164 530 2228 expensas
553 2148 834 2228 compensandus
858 2148 1040 2229 sperabat,
1068 2166 1147 2213 cum
1177 2159 1336 2215 trecenta
1363 2147 1438 2212 fere
1463 2146 1580 2211 modia

355 2254 508 2333 (salmas
522 2263 655 2319 vocant
668 2251 693 2335 ⁸)
708 2254 875 2320 frumenti
889 2264 1106 2336 expectaret.

418 2362 505 2426 1143.
549 2362 643 2426 Emit
665 2362 772 2426 etiam
789 2361 943 2429 mediam
965 2373 1103 2445 partem
1123 2364 1244 2443 magni
1269 2362 1451 2445 cujusdam
1472 2362 1578 2439 horti,

357 2479 395 2534 ut
409 2470 506 2535 illum
526 2470 703 2549 integrum
722 2470 869 2535 haberet
887 2470 1102 2551 Collegium,
1125 2472 1169 2535 ad
1189 2472 1283 2552 quod
1302 2468 1314 2501 ⁶
1335 2471 1446 2535 altera
1466 2468 1580 2533 media

356 2593 441 2657 pars
455 2576 652 2658 spectabat;
668 2586 703 2641 et
717 2595 763 2642 ex
777 2577 918 2657 oliveto,
932 2578 1027 2660 quod
1039 2577 1086 2642 ibi
1099 2578 1282 2645 commode
1293 2578 1418 2659 augeri
1429 2584 1579 2661 poterat,

356 2686 568 2768 quingentos
596 2702 724 2750 aureos
748 2687 857 2751 annui
882 2684 1016 2750 reditus
1041 2687 1087 2752 ad
1112 2686 1308 2768 Collegium
1337 2686 1451 2752 redire
1475 2701 1580 2766 posse

357 2793 535 2874 sperabat,
550 2802 585 2858 et
599 2802 719 2858 tamen
738 2794 834 2859 illam
850 2794 1003 2859 mediam
1021 2803 1160 2876 partem
1179 2794 1272 2859 horti
1291 2793 1452 2858 ducentis
1474 2800 1508 2858 et
1529 2809 1582 2856 se·

357 2901 541 2982 ptuaginta
556 2901 710 2982 quinque
725 2902 843 2966 aureis
857 2902 953 2982 emit,
970 2919 1051 2967 cum
1064 2901 1194 2966 ibidem
1208 2908 1424 2966 versaretur.

419 3008 508 3071 1144.
548 3006 755 3088 Drepanum
771 3010 923 3073 accessit
938 3017 976 3074 ut
991 3009 1123 3090 aliquid
1135 3010 1222 3074 certi
1234 3009 1277 3074 de
1291 3009 1330 3072 P.
1343 3007 1480 3090 Joanne
1492 3007 1582 3073 Cho·

358 3125 441 3179 tano
457 3114 467 3144 ²
483 3114 708 3195 intelligeret;
720 3115 895 3196 quaedam
910 3117 1005 3181 enim
1019 3117 1124 3181 navis
1135 3135 1181 3181 ex
1192 3115 1369 3197 praesidio
1381 3114 1529 3180 Goletae
1541 3132 1582 3179 eo

359 3231 516 3286 venerat.
532 3221 671 3287 Invenit
686 3231 805 3287 autem
819 3223 1037 3304 praesectum
1052 3222 1212 3304 Goletae,
1226 3223 1416 3288 Dominum
1428 3221 1583 3303 Alphon·

358 3346 437 3394 sum
453 3328 545 3394 dela
566 3329 699 3410 Cueva,
716 3328 924 3411 Drepanum
945 3331 1142 3396 remississe
1164 3348 1307 3396 servum
1325 3331 1438 3411 illum,
1458 3329 1519 3411 qui
1539 3328 1585 3393 ad

358 3435 567 3504 Servienses
580 3434 592 3467 ⁸
606 3436 822 3517 mittebatur,
839 3446 877 3503 ut
892 3455 973 3503 cum
984 3437 1022 3502 P.
1036 3437 1198 3503 Chotano
1213 3446 1483 3520 permutaretur.
1499 3436 1585 3502 Erat

358 3544 452 3608 enim
465 3544 575 3608 irater
596 3544 707 3624 illius,
727 3545 785 3609 cui
803 3544 841 3608 Ρ.
865 3543 1049 3610 chotanus
1071 3547 1259 3628 serviebat.
1283 3543 1353 3610 Sed
1372 3545 1586 3609 intellectum

359 3661 414 3716 est
426 3668 491 3733 per
503 3649 697 3733 ‘quemdam
715 3661 951 3719 mercatorem
971 3671 1199 3732 saracenum,
1221 3655 1281 3735 qui
1303 3653 1434 3718 dehac
1455 3651 1586 3716 redem·

402 3932 410 3966 Ι
439 3928 505 3974 Vide
517 3939 605 3984 cupra,
615 3933 634 3973 t.
647 3941 672 3981 v,
682 3939 742 3984 pag.
752 3928 801 3984 220,
810 3940 836 3974 u.
846 3929 895 3976 58³.

398 4001 410 4032 ¹
441 4000 459 4044 Ρ
478 3999 575 4045 Paulus
585 4000 608 4042 d·
617 3999 738 4056 Acbllllc,
748 3999 928 4046 Panormitam
939 4001 1047 4056 Collegil
1058 3999 1164 4046 Rector.

399 4072 411 4105 ⁵
438 4071 505 4117 Vlde
515 4083 603 4128 supra,
613 4077 632 4117 t.
644 4085 670 4127 v,
680 4084 741 4128 pag.
750 4072 848 4129 212-216,
860 4085 903 4120 nn.
913 4073 1012 4119 otram.

401 4178 486 4224 tus.
503 4155 569 4261 ᾗ.

401 4289 412 4322 ³
439 4287 506 4334 Vlde
516 4288 543 4333 ln
554 4285 649 4333 Carras
659 4287 692 4332 de
702 4286 758 4331 San
769 4287 889 4342 lauacro,
899 4294 919 4334 t.
929 4300 966 4342 vr,
976 4299 1037 4344 pag.
1052 4287 1101 4346 8t6,
1116 4293 1204 4334 annot.
1219 4287 1240 4342 ῖς
1256 4289 1300 4333 sed
1317 4289 1421 4334 consule
1436 4289 1461 4332 ln
1476 4289 1589 4344 ejmdem

361 4361 431 4415 tomi,
442 4359 540 4415 pagina
549 4360 649 4413 ultima,
661 4357 698 4402 Fe
706 4359 741 4404 de
751 4362 869 4404 erratas.

401 4429 414 4465 θ
442 4431 488 4477 Mu.
499 4432 633 4487 aarum.

430 4503 547 4550 Guttano
562 4506 618 4550 slve
636 4504 738 4550 Goutte.
756 4505 824 4550 Vide
840 4516 929 4561 cupra,
944 4511 965 4552 t.
981 4515 1018 4562 lv,
1034 4517 1095 4561 pag.
1113 4506 1158 4560 117,
1175 4503 1222 4560 197,
1236 4503 1285 4557 212,
1301 4501 1349 4557 212,
1365 4507 1391 4547 et
1408 4507 1426 4547 t.
1436 4514 1462 4560 v,
1472 4514 1531 4559 pag.
1541 4501 1589 4558 205,

362 4592 385 4624 ῃ·
396 4577 494 4707 519922,
504 4649 566 4694 ι111>1
573 4647 743 4703 Zerbienm,
750 4647 917 4705 Jertrenses,
927 4649 1060 4705 hispanice
1070 4649 1111 4693 los
1122 4647 1228 4693 Geton-
