3642 5350
790 449 852 508 nn.
873 447 945 508 1555
1429 441 1486 502 569

245 590 320 671 J'am
335 609 499 658 emensus
514 603 603 674 erat,
617 611 721 676 quem
734 593 794 657 alii
805 602 931 674 postea
941 592 1083 673 fratres,
1096 593 1134 658 in
1143 591 1270 656 eadem
1280 590 1481 668 vocatione,

250 717 420 764 successu
436 701 606 782 temporis
620 711 702 766 sunt
714 701 839 765 secuti.
1472 683 1477 690 ’

279 842 283 850 ·
312 805 403 870 2455.
447 807 749 872 Vivebantnostri
760 807 990 888 Methymnae
1001 825 1048 872 ex
1058 807 1306 887 eleemosynis
1318 812 1354 869 et
1365 821 1484 886 quem·

250 911 444 978 admodum
471 931 566 979 auno
593 915 808 996 praeterito,
839 914 888 977 ita
917 914 1024 978 etiam
1052 914 1090 977 in
1118 914 1207 994 hoc,
1241 931 1312 994 quo
1340 928 1483 976 annona

249 1035 337 1084 cara
352 1021 459 1084 etiam
474 1031 563 1101 erat,
580 1021 796 1087 frumentum
810 1021 944 1085 nostris
957 1020 1117 1096 donavit,
1130 1030 1165 1085 et
1176 1039 1222 1084 ex
1232 1020 1362 1102 pinetis
1370 1018 1480 1099 ligna,
1495 1002 1499 1010 ’

247 1144 400 1208 quorum
426 1128 575 1209 penuria
604 1127 833 1211 Methymnae
863 1144 1083 1209 magnopere
1108 1128 1302 1193 laboratur.
1331 1125 1481 1206 Reliqua

248 1234 452 1314 praedictus
472 1233 515 1298 D.
537 1233 735 1300 Rodericus
753 1236 797 1299 de
820 1234 968 1299 Dueilas
995 1235 1113 1299 etalii
1138 1233 1374 1315 eleemosynis
1399 1249 1480 1312 sup·

248 1340 404 1420 plebant.

307 1447 399 1511 2456.
442 1449 588 1514 Ineunte
602 1459 721 1515 autem
744 1459 880 1514 aestate
898 1448 1082 1531 proxima,
1105 1449 1277 1530 templum
1298 1464 1433 1512 novum
1447 1456 1482 1509 et

247 1555 406 1635 amplum
421 1557 660 1622 inchoandum
675 1565 770 1638 erat;
787 1574 869 1622 nam
885 1558 1057 1620 sacellum
1077 1565 1216 1621 tantum
1237 1555 1283 1620 ad
1301 1572 1404 1620 usum
1426 1572 1480 1617 sa·

247 1671 512 1727 eramentorum
538 1672 573 1727 et
596 1664 811 1728 christianae
837 1663 1021 1727 doctrinae
1046 1663 1219 1726 hactenus
1240 1663 1355 1727 nostri
1376 1662 1481 1725 habe·

249 1767 345 1832 bant.
362 1768 515 1849 Quidam
529 1781 648 1836 autem
663 1788 709 1835 ex
722 1771 891 1836 studiosis
907 1770 977 1835 duo
991 1769 1101 1833 millia
1117 1769 1328 1833 ducatorum
1346 1769 1393 1832 ad
1412 1769 1480 1832 hoc

248 1875 346 1954 pium
360 1894 449 1957 opus
463 1886 541 1941 erat
554 1877 742 1958 pollicitus,
759 1887 794 1942 et
809 1877 958 1940 ulterius
977 1891 1234 1958 progressurus
1253 1876 1478 1956 sperabatur.

310 1981 354 2046 Et
368 1982 457 2050 haec
472 1984 516 2049 de
531 1983 690 2064 Collegio
703 1983 976 2066 Methymnensi.

330 2405 395 2471 os
410 2405 547 2472 nouo
561 2373 1019 2489 enonarrours'ouau
1037 2407 1254 2474 srunucrs
1272 2407 1399 2472 enar

308 2730 399 2793 2457.
443 2729 601 2794 Praefuit
624 2732 694 2796 hoc
719 2746 814 2793 anno
840 2730 923 2794 huic
943 2729 1076 2793 Domui
1096 2727 1334 2805 Probationis,
1354 2723 1480 2806 primis

248 2836 392 2917 quidem
406 2837 598 2915 mensibus
617 2836 655 2900 P.
672 2836 797 2901 Petrus
808 2835 1017 2900 Domenech
1030 2834 1051 2900 ¹.
1064 2836 1117 2901 Eo
1129 2844 1248 2899 autem
1259 2833 1295 2897 in
1307 2832 1391 2895 anni
1400 2848 1481 2911 pro·

247 2958 376 3023 gressu
389 2944 522 3007 Bazam
536 2944 656 3019 misso,
673 2953 711 3007 ut
727 2943 811 3007 novi
826 2943 938 3007 Ducis
953 2941 1116 3007 Gandiae
1130 2940 1142 2973 ¹
1158 2940 1403 3006 confessiones
1418 2954 1478 3000 au·

248 3048 355 3128 diret,
373 3061 407 3113 et
428 3050 591 3114 eumdem
610 3050 646 3113 in
666 3051 771 3114 rebus
786 3049 1030 3130 spiritualibus
1045 3047 1205 3129 juvaret,
1220 3047 1258 3112 Ρ.
1279 3042 1478 3125 Portiglio⁸

245 3156 367 3221 domui
382 3156 547 3237 praefuit.

307 3263 399 3327 2458.
442 3263 619 3329 Numerus
635 3274 753 3328 autem
770 3274 973 3328 nostrorum
988 3266 1111 3329 varius
1130 3275 1223 3339 erat,
1241 3271 1346 3343 prout
1360 3262 1397 3324 in
1416 3260 1478 3323 hu-

240 3367 398 3451 jusmodi
414 3368 575 3436 domibus
590 3372 732 3435 accidit.
750 3369 822 3435 Sub
836 3369 941 3449 hujus
955 3372 1040 3435 anni
1054 3372 1193 3436 initium
1208 3370 1337 3451 viginti
1348 3369 1418 3432 duo
1434 3384 1477 3430 ea

247 3478 284 3541 in
300 3478 404 3542 domo
419 3478 671 3556 versabantur,
688 3479 748 3559 qui
764 3488 836 3541 tam
856 3476 1039 3543 ferventer
1061 3478 1290 3557 abnegationi
1311 3486 1344 3540 et
1363 3473 1476 3556 profe·

244 3586 320 3649 ctui
335 3585 508 3665 spirituali
523 3584 655 3649 dabant
670 3602 834 3667 operam,
852 3597 889 3652 ut
904 3586 1152 3651 admirationis
1164 3585 1345 3648 veteranis
1366 3597 1476 3645 causa

246 3701 379 3755 essent.
396 3690 469 3755 Vix
481 3692 587 3771 enim,
603 3701 641 3756 ut
653 3692 691 3755 P.
704 3692 876 3775 Portiglio
888 3693 1031 3774 scripsit
1045 3690 1068 3772 ⁴,
1085 3694 1120 3756 in
1136 3693 1279 3771 scriptis
1292 3689 1351 3755 5.ss
1372 3688 1477 3771 Joan-

248 3798 304 3862 nis
319 3798 469 3863 Climaci
483 3798 526 3862 de
541 3797 667 3879 majori
678 3799 732 3863 sui
744 3801 982 3881 abnegatione
993 3809 1028 3864 et
1038 3798 1267 3880 profundiore
1279 3794 1476 3860 humilitate

246 3914 354 3986 atque
369 3906 424 3968 sui
439 3905 520 3968 odio
536 3907 699 3986 exempla
713 3907 890 3987 leguntur,
908 3924 1014 3988 quarn
1029 3906 1076 3969 ibi
1096 3905 1356 3981 invenirentur;
1377 3911 1412 3965 et
1432 3901 1476 3964 de

245 4011 402 4094 quodam
416 4011 603 4075 sacerdote
618 4010 745 4088 refert,
762 4014 856 4093 quod
871 4014 917 4077 ad
931 4031 1010 4076 eum
1024 4029 1167 4077 sensum
1182 4028 1268 4075 suae
1287 4008 1475 4089 indignita-

246 4118 292 4181 tis
318 4117 555 4199 pervenisset,
582 4129 619 4181 ut
640 4136 719 4182 cum
742 4122 836 4183 omni
856 4120 1006 4184 bonose
1025 4119 1211 4199 indignum
1229 4118 1475 4191 arbitraretur,

288 4394 295 4427 Ι
325 4393 392 4439 Vlde
403 4406 481 4449 supra
491 4429 496 4447 ,
508 4404 526 4439 t.
538 4408 563 4441 v.
572 4406 632 4449 pag.
641 4394 690 4445 tan,
701 4406 718 4437 n
737 4394 795 4437 1159.
806 4394 974 4440 -Pertlnent
985 4396 1018 4440 ed
1034 4396 1101 4440 bnnc
1117 4407 1212 4439 nnnum
1227 4394 1348 4439 Litterae
1360 4385 1480 4447 Quadri·

247 4468 376 4517 mestres,
387 4472 453 4515 t.1v,
464 4478 524 4522 pag.
535 4467 570 4519 99,
582 4465 629 4517 155,
637 4465 685 4509 500.

287 4536 299 4569 ³
326 4536 414 4583 Ceroll
425 4538 552 4593 Boroelee,
563 4538 644 4583 Ducls
653 4538 678 4580 V
689 4538 816 4584 Gundine.
826 4539 894 4583 Vide
905 4550 993 4595 supra,
1003 4552 1028 4584 n.
1038 4540 1101 4585 2390.

288 4608 299 4641 ⁸
327 4608 356 4654 Ρ.
366 4608 540 4667 Hieronymus
551 4610 615 4654 Rulz
627 4610 668 4653 del
679 4610 796 4655 Portlllo.
808 4610 874 4654 Vide
885 4622 974 4665 supra,
985 4618 1004 4656 t.
1016 4624 1041 4666 v,
1051 4624 1111 4667 pag.
1123 4612 1208 4666 1355.
1221 4611 1283 4655 1159.

287 4678 299 4711 ⁴
327 4680 383 4727 Hee
393 4684 500 4727 litterae
510 4682 598 4729 Petrls
608 4682 724 4733 Portlllo,
735 4682 827 4739 qulbus
837 4690 877 4727 ent
888 4695 950 4727 usus
960 4683 1097 4739 Potamos,
1108 4684 1217 4739 perlisse
1228 4683 1359 4729 videntur.
