3642 5350
782 389 845 449 Au.
868 389 938 450 1556
1420 391 1474 451 653

246 547 319 603 tum
332 538 510 619 requirere
522 536 735 601 videbantur
747 536 768 614 ¹;
783 549 818 600 et
832 538 881 600 ita
897 538 931 600 in
947 537 1119 617 Hispania
1135 537 1291 618 permitti
1307 535 1344 601 P.
1361 538 1390 601 F
1392 555 1471 602 ran-

245 647 361 710 ciscus
375 644 579 726 postulavit,
595 657 633 708 ut
646 645 700 708 sic
713 646 839 707 saltem
853 644 1088 724 quorumdam
1101 643 1380 709 obmurmuratio
1395 662 1468 710 ces·

245 763 356 834 satec,
372 771 452 817 cum
464 754 531 817 hac
546 763 663 816 tamen
680 751 921 816 moderatione
937 759 973 815 ut
988 753 1104 815 nullus
1119 753 1369 834 concionator,
1387 771 1467 818 con·

245 862 414 926 fossarius
440 869 500 924 aut
524 858 705 940 professus
727 860 764 923 in
789 859 899 923 choro
928 867 1178 939 occuparetur,
1206 868 1241 923 et
1270 868 1308 924 ut
1331 871 1469 925 tantum

246 970 431 1034 dominicis
453 978 488 1032 et
517 966 615 1031 festis
643 967 766 1031 diebus
793 967 1036 1047 vespertinum
1066 966 1220 1030 officium
1249 985 1329 1031 cum
1360 968 1470 1033 Missa

245 1076 431 1155 diceretur,
447 1084 482 1140 et
496 1085 533 1138 ut
549 1074 584 1138 id
599 1075 674 1138 sine
690 1084 797 1138 cantu
815 1074 969 1154 figurato
987 1083 1047 1138 aut
1060 1075 1180 1154 plano,
1197 1093 1301 1156 quem
1324 1084 1471 1148 vocant.

245 1183 380 1267 [fieret]‚
396 1183 459 1247 sed
471 1182 623 1262 simplici
636 1200 678 1245 ac
690 1183 819 1246 devoto
830 1192 927 1262 tono,
944 1183 1004 1264 qui
1019 1182 1157 1246 facilius
1169 1201 1188 1245 a
1202 1185 1333 1247 nostris
1346 1181 1469 1265 [disce-

243 1291 364 1374 retur],
381 1294 417 1356 in
432 1291 604 1371 Hispania
619 1291 843 1370 praesertim,
869 1291 929 1354 ubi
951 1308 1021 1354 non
1037 1291 1181 1370 perinde
1206 1299 1311 1372 atque
1326 1292 1363 1354 in
1391 1292 1470 1356 allis

240 1400 445 1464 nationibus
457 1400 619 1463 homines
634 1400 671 1463 in
682 1407 788 1462 cantu
803 1397 939 1461 institui
954 1399 1078 1478 solent;
1095 1409 1130 1460 et
1146 1398 1276 1478 alioqui
1291 1399 1335 1462 ad
1352 1399 1469 1464 aedifi<

244 1509 419 1572 cationem
434 1505 605 1587 majorem
620 1508 655 1570 in
676 1524 718 1570 eo
739 1523 850 1586 regno
865 1506 924 1569 hic
940 1515 1044 1568 tonus
1059 1505 1208 1584 simplex
1230 1504 1369 1571 futurus
1391 1525 1469 1573 esse

244 1614 437 1694 dicebatur,
457 1632 564 1695 quam
578 1616 609 1677 si
623 1624 730 1678 cantu
741 1622 935 1691 uterentur,
949 1610 1050 1691 cujus
1061 1628 1105 1675 ne
1116 1609 1262 1676 odorem
1276 1613 1417 1693 quidem
1433 1617 1468 1680 in

244 1723 374 1786 nostris
387 1722 569 1802 probaturi
584 1722 807 1786 videbantur.
824 1718 869 1783 Et
885 1737 965 1782 cum
985 1719 1021 1782 in
1041 1718 1262 1783 hebdomada
1282 1731 1406 1785 sancta
1432 1725 1468 1787 in

244 1829 394 1908 simplici
418 1838 501 1892 tono
527 1827 728 1909 hujusmodi
754 1827 868 1892 officia
889 1836 1034 1908 peracta
1054 1825 1214 1907 fuissent,
1239 1829 1384 1892 multum
1412 1830 1468 1894 de·

244 1937 397 1999 votionis
420 1937 629 2016 hominibus
657 1954 699 2000 ac
726 1937 935 2016 praesertim
960 1934 1140 2015 primariis
1165 1944 1200 1998 et
1224 1934 1411 2016 religiosis
1433 1937 1467 2001 id

242 2045 416 2124 praebuit.

301 2151 391 2216 2806.
435 2152 685 2233 Vespertinum
701 2151 852 2215 officium
866 2149 1067 2214 Vallisoleti
1083 2151 1288 2214 inchoatum
1303 2162 1368 2232 est,
1387 2164 1467 2218 ante

241 2257 280 2323 P.
296 2259 480 2323 Francisci
495 2260 695 2323 lectionem.

300 2365 394 2428 2807..
439 2366 526 2431 Cum
553 2366 747 2430 transactio
767 2367 811 2428 de
830 2365 989 2445 Collegio
1012 2366 1159 2444 Batnae,
1187 2363 1357 2431 Societati
1383 2370 1466 2432 assi·

240 2475 394 2553 gnando,
411 2493 432 2536 a
449 2473 663 2538 Provinciali
677 2470 689 2500 ¹
703 2475 812 2538 missa
831 2473 955 2538 fuisset
974 2471 1012 2536 P.
1032 2473 1061 2535 F
1065 2473 1243 2553 rancisco,
1260 2475 1354 2539 serio
1370 2477 1467 2540 illam

240 2581 278 2645 P.
296 2581 434 2661 ignatio
449 2583 727 2662 commendavit,
749 2579 843 2662 quod
864 2580 908 2644 ad
930 2580 1072 2644 Patrem
1092 2579 1303 2660 Magistrum
1324 2581 1466 2648 Avilam

241 2707 282 2753 ea
297 2690 501 2770 pertineret,
518 2699 552 2753 et
566 2707 776 2771 responsum
792 2690 930 2769 accepit
951 2708 972 2751 a
987 2688 1134 2752 Vicario
1150 2688 1187 2752 P.
1212 2687 1358 2769 Laynez
1372 2690 1465 2773 quod

240 2796 437 2877 diligenter,
451 2816 541 2878 quae
553 2798 598 2861 ad
609 2806 816 2861 contractus
828 2794 1133 2860 confirmationem
1146 2796 1381 2877 pertinebant,
1400 2797 1466 2862 Ro·
1539 2856 1543 2871 ,

239 2922 318 2968 mae
343 2904 502 2968 curanda
527 2915 661 2985 essent;
682 2906 845 2986 quamvis
870 2912 995 2985 postea
1014 2904 1143 2984 gravia
1158 2920 1268 2967 onera
1295 2902 1466 2971 Societati

239 3012 385 3094 imponi,
406 3012 437 3076 si
457 3012 541 3076 illud
560 3013 825 3090 admitteretur,
846 3012 925 3075 visa
942 3020 1040 3091 sunt,
1057 3020 1092 3075 et
1111 3010 1255 3075 tandem
1272 3013 1465 3079 admissum

237 3120 426 3199 collegium
441 3138 511 3184 non
528 3130 581 3183 est
597 3118 621 3179 ³.

296 3226 387 3289 2808.
430 3227 636 3292 Ludovicus
655 3228 698 3290 de
717 3227 858 3290 Medina
878 3228 939 3308 qui
958 3226 1020 3290 300
1040 3243 1185 3306 aurem,
1207 3236 1246 3291 ut
1267 3226 1464 3309 diximus.⁴,

237 3333 394 3414 Collegio
403 3333 572 3397 Abulensi
582 3334 760 3415 applicare
770 3336 943 3413 voluerat,
958 3335 1025 3397 hac
1037 3342 1174 3398 aestate
1186 3352 1207 3398 a
1220 3333 1257 3398 P.
1271 3334 1466 3400 Francisco

238 3442 446 3521 postulavit,
467 3450 506 3505 ut
524 3442 591 3505 sibi
609 3442 732 3504 liceret
757 3457 866 3522 prope
888 3450 1047 3505 nostrum
1064 3440 1261 3522 Collegium
1281 3450 1314 3505 et
1335 3442 1370 3505 in
1391 3440 1467 3523 ejus

237 3550 306 3611 situ
321 3548 510 3629 quamdam
527 3549 652 3612 domus
667 3557 805 3629 partem
827 3548 1032 3626 aedificare,
1050 3559 1084 3611 et
1101 3566 1181 3611 cum
1195 3551 1313 3628 vellet,
1330 3550 1465 3613 innabi-

237 3664 326 3731 tare,
343 3665 377 3719 et
392 3654 438 3718 ad
453 3655 648 3734 Collegium
663 3654 802 3735 ingredi
813 3663 848 3717 et
859 3655 895 3717 in
907 3654 1095 3719 refectorio
1112 3672 1192 3719 cum
1207 3658 1338 3721 nostris
1350 3657 1465 3721 cibum

237 3780 365 3844 capere
381 3760 539 3845 [posset];
555 3772 590 3825 et
605 3763 736 3842 aliquid
751 3762 880 3826 horum
900 3764 933 3826 ei
949 3761 985 3827 P.
1005 3762 1034 3826 F
1036 3763 1220 3827 ranciscus
1235 3764 1463 3845 concedebat;

237 3870 299 3934 sed
318 3872 533 3951 praecedere
551 3870 778 3933 donationem
800 3867 953 3951 [debere]
974 3870 1215 3951 existimabat,
1238 3881 1275 3935 ut
1295 3880 1464 3952 tanquam

234 3978 412 4042 fundatori
429 3980 485 4043 vel
498 3977 715 4042 benefactori
732 3978 824 4041 il‘ius
838 3975 850 4008 ⁸
865 3977 1014 4057 Collegii
1036 3978 1302 4042 concederetur.

290 4085 381 4149 8889.
425 4086 634 4151 immutatus
647 4086 712 4149 fuit
727 4093 934 4149 contractus
950 4084 1102 4163 collegii,
1126 4085 1220 4165 quod
1241 4085 1403 4149 Marchio
1420 4087 1464 4149 de

273 4297 280 4328 ¹
308 4294 337 4338 Id
347 4302 396 4349 cst,
407 4295 455 4348 qut
463 4294 511 4338 hoc
521 4294 607 4337 sotum
618 4297 709 4337 nostro
719 4292 849 4337 Instituta
859 4292 954 4336 deesse
966 4290 1171 4335 existimabant.

271 4368 283 4399 ⁸
309 4366 348 4411 blo
368 4365 661 4411 hichabetFranctsco

272 4439 284 4471 ὅ
311 4438 377 4482 Vide
394 4449 486 4493 supra.
504 4450 528 4481 ιι.
545 4438 610 4481 2760.
629 4437 668 4481 De
685 4438 733 4481 boc
752 4436 879 4490 Colleglo,
896 4436 1002 4491 eiusque
1021 4435 1143 4479 oneribus
1160 4434 1260 4488 egimus
1278 4444 1371 4488 supra,
1388 4439 1408 4477 t.
1428 4444 1463 4489 ιν,

233 4523 291 4566 pag.
300 4512 348 4564 468,
358 4523 384 4555 ιι.
394 4510 454 4566 luuh
465 4517 484 4554 t.
495 4523 520 4562 v,
528 4521 591 4564 pag.
599 4510 648 4559 545.
659 4520 684 4553 u.
697 4509 756 4553 ttuo.
767 4508 862 4552 Confer
872 4508 951 4551 ettam
963 4514 981 4551 t.
993 4518 1029 4559 ιιι,
1041 4517 1101 4561 pag.
1112 4506 1160 4557 ffll.
1172 4517 1197 4550 n.
1205 4505 1253 4557 737,
1263 4504 1311 4549 738.

273 4584 286 4617 ⁴
313 4580 648 4637 supramemoratum.

277 4654 288 4687 ὅ
315 4654 362 4699 lis.
374 4655 402 4698 td
414 4654 529 4707 Collegit.
