<?xml version="1.0" encoding="UTF-8"?>
<!DOCTYPE html PUBLIC "-//W3C//DTD XHTML 1.0 Transitional//EN"
    "http://www.w3.org/TR/xhtml1/DTD/xhtml1-transitional.dtd">
<html xmlns="http://www.w3.org/1999/xhtml" xml:lang="en" lang="en">
 <head>
  <title>
</title>
<meta http-equiv="Content-Type" content="text/html;charset=utf-8" />
  <meta name='ocr-system' content='tesseract 3.04.00' />
  <meta name='ocr-capabilities' content='ocr_page ocr_carea ocr_par ocr_line ocrx_word'/>
</head>
<body>
  <div class='ocr_page' id='page_1' title='image "./vitaignatiiloio00polagoog_0780.png"; bbox 0 0 3642 5350; ppageno 0'>
   <div class='ocr_carea' id='block_1_1' title="bbox 333 339 1107 419">
    <p class='ocr_par' dir='ltr' id='par_1_1' title="bbox 333 339 1107 419">
     <span class='ocr_line' id='line_1_1' title="bbox 333 339 1107 419; baseline -0.001 -15"><span class='ocrx_word' id='word_1_1' title='bbox 333 344 388 406; x_wconf 80' lang='lat'><strong>760</strong></span> <span class='ocrx_word' id='word_1_2' title='bbox 788 339 915 405; x_wconf 74' lang='lat' dir='ltr'><strong>emor.</strong></span> <span class='ocrx_word' id='word_1_3' title='bbox 936 342 1012 404; x_wconf 86' lang='lat' dir='ltr'><strong>Soc.</strong></span> <span class='ocrx_word' id='word_1_4' title='bbox 1035 344 1107 419; x_wconf 79' lang='lat' dir='ltr'><strong>Jns.</strong></span> 
     </span>
    </p>
   </div>
   <div class='ocr_carea' id='block_1_2' title="bbox 332 484 1567 787">
    <p class='ocr_par' dir='ltr' id='par_1_2' title="bbox 332 484 1567 787">
     <span class='ocr_line' id='line_1_2' title="bbox 332 484 1567 573; baseline 0.002 -18"><span class='ocrx_word' id='word_1_5' title='bbox 332 487 416 555; x_wconf 76' lang='lat' dir='ltr'><strong>loeti</strong></span> <span class='ocrx_word' id='word_1_6' title='bbox 431 499 561 571; x_wconf 88' lang='lat' dir='ltr'><strong>autem,</strong></span> <span class='ocrx_word' id='word_1_7' title='bbox 582 490 676 573; x_wconf 92' lang='lat' dir='ltr'><strong>quod</strong></span> <span class='ocrx_word' id='word_1_8' title='bbox 695 490 939 573; x_wconf 75' lang='lat' dir='ltr'><strong>Taraybativa</strong></span> <span class='ocrx_word' id='word_1_9' title='bbox 958 484 1159 572; x_wconf 81' lang='lat' dir='ltr'><strong>dt&#39;e&#39;ebat&#39;ur,</strong></span> <span class='ocrx_word' id='word_1_10' title='bbox 1177 490 1290 573; x_wconf 86' lang='lat' dir='ltr'><strong>aliqui</strong></span> <span class='ocrx_word' id='word_1_11' title='bbox 1303 488 1349 555; x_wconf 78' lang='lat' dir='ltr'><strong>ex</strong></span> <span class='ocrx_word' id='word_1_12' title='bbox 1367 490 1500 555; x_wconf 83' lang='lat' dir='ltr'><strong>nostris</strong></span> <span class='ocrx_word' id='word_1_13' title='bbox 1513 508 1567 557; x_wconf 81' lang='lat' dir='ltr'><strong>ex</strong></span> 
     </span>
     <span class='ocr_line' id='line_1_3' title="bbox 332 596 1558 680; baseline -0.001 -17"><span class='ocrx_word' id='word_1_14' title='bbox 332 599 447 663; x_wconf 87' lang='lat' dir='ltr'><strong>hamis</strong></span> <span class='ocrx_word' id='word_1_15' title='bbox 462 607 496 663; x_wconf 84' lang='lat' dir='ltr'><strong>et</strong></span> <span class='ocrx_word' id='word_1_16' title='bbox 511 599 645 679; x_wconf 78' lang='lat' dir='ltr'><strong>oultriS,</strong></span> <span class='ocrx_word' id='word_1_17' title='bbox 657 598 688 663; x_wconf 86' lang='lat' dir='ltr'><strong>&#39;a</strong></span> <span class='ocrx_word' id='word_1_18' title='bbox 696 597 808 663; x_wconf 84' lang='lat' dir='ltr'><strong>fratre</strong></span> <span class='ocrx_word' id='word_1_19' title='bbox 823 596 1008 680; x_wconf 83' lang='lat' dir='ltr'><strong>praedicto</strong></span> <span class='ocrx_word' id='word_1_20' title='bbox 1023 597 1206 679; x_wconf 84' lang='lat' dir='ltr'><strong>oonfectis;</strong></span> <span class='ocrx_word' id='word_1_21' title='bbox 1220 598 1558 671; x_wconf 44' lang='lat' dir='ltr'><strong>sustentabantur&amp;</strong></span> 
     </span>
     <span class='ocr_line' id='line_1_4' title="bbox 342 700 1563 787; baseline 0.002 -18"><span class='ocrx_word' id='word_1_22' title='bbox 342 720 344 727; x_wconf 77' lang='grc'><em>’</em></span> <span class='ocrx_word' id='word_1_23' title='bbox 375 705 482 769; x_wconf 71' lang='lat' dir='ltr'><strong>saus</strong></span> <span class='ocrx_word' id='word_1_24' title='bbox 519 705 767 787; x_wconf 82' lang='lat' dir='ltr'><strong>Piratiningae</strong></span> <span class='ocrx_word' id='word_1_25' title='bbox 782 714 913 785; x_wconf 91' lang='lat' dir='ltr'><strong>autem,</strong></span> <span class='ocrx_word' id='word_1_26' title='bbox 934 714 973 769; x_wconf 90' lang='lat' dir='ltr'><strong>ut</strong></span> <span class='ocrx_word' id='word_1_27' title='bbox 991 724 1014 770; x_wconf 94' lang='lat' dir='ltr'><strong>a</strong></span> <span class='ocrx_word' id='word_1_28' title='bbox 1033 703 1354 775; x_wconf 74' lang='lat' dir='ltr'><strong>Constitutionibus</strong></span> <span class='ocrx_word' id='word_1_29' title='bbox 1375 701 1448 770; x_wconf 84' lang='lat' dir='ltr'><strong>non</strong></span> <span class='ocrx_word' id='word_1_30' title='bbox 1468 700 1563 771; x_wconf 85' lang='lat' dir='ltr'><strong>rece·</strong></span> 
     </span>
    </p>
   </div>
   <div class='ocr_carea' id='block_1_3' title="bbox 328 810 1661 4453">
    <p class='ocr_par' dir='ltr' id='par_1_3' title="bbox 331 810 1569 1860">
     <span class='ocr_line' id='line_1_5' title="bbox 333 810 1565 895; baseline -0.002 -17"><span class='ocrx_word' id='word_1_31' title='bbox 333 813 473 893; x_wconf 90' lang='lat' dir='ltr'><strong>derent,</strong></span> <span class='ocrx_word' id='word_1_32' title='bbox 503 832 594 895; x_wconf 90' lang='lat' dir='ltr'><strong>quae</strong></span> <span class='ocrx_word' id='word_1_33' title='bbox 622 814 898 894; x_wconf 81' lang='lat' dir='ltr'><strong>negotiationem</strong></span> <span class='ocrx_word' id='word_1_34' title='bbox 924 810 1129 893; x_wconf 82' lang='lat' dir='ltr'><strong>prohibent,</strong></span> <span class='ocrx_word' id='word_1_35' title='bbox 1155 810 1429 893; x_wconf 82' lang='lat' dir='ltr'><strong>a&#39;griculturam,</strong></span> <span class='ocrx_word' id='word_1_36' title='bbox 1449 824 1565 894; x_wconf 73' lang='lat' dir='ltr'><strong>¹quam</strong></span> 
     </span>
     <span class='ocr_line' id='line_1_6' title="bbox 331 912 1563 1003; baseline -0.001 -18"><span class='ocrx_word' id='word_1_37' title='bbox 331 921 431 1001; x_wconf 87' lang='lat' dir='ltr'><strong>prius</strong></span> <span class='ocrx_word' id='word_1_38' title='bbox 445 916 508 1002; x_wconf 83' lang='lat' dir='ltr'><strong>per</strong></span> <span class='ocrx_word' id='word_1_39' title='bbox 518 936 647 985; x_wconf 84' lang='lat' dir='ltr'><strong>servos</strong></span> <span class='ocrx_word' id='word_1_40' title='bbox 662 918 913 1002; x_wconf 86' lang='lat' dir='ltr'><strong>exercuerant,</strong></span> <span class='ocrx_word' id='word_1_41' title='bbox 929 922 1164 1003; x_wconf 74' lang='lat' dir='ltr'><strong>reliquerunt-3</strong></span> <span class='ocrx_word' id='word_1_42' title='bbox 1186 912 1382 991; x_wconf 66' lang='lat' dir='ltr'><strong>etfcuidaffl</strong></span> <span class='ocrx_word' id='word_1_43' title='bbox 1404 913 1483 985; x_wconf 79' lang='lat' dir='ltr'><strong>uir&#39;o</strong></span> <span class='ocrx_word' id='word_1_44' title='bbox 1504 921 1563 985; x_wconf 85' lang='lat' dir='ltr'><strong>&#39;ex-</strong></span> 
     </span>
     <span class='ocr_line' id='line_1_7' title="bbox 332 1022 1563 1111; baseline -0.001 -18"><span class='ocrx_word' id='word_1_45' title='bbox 332 1040 433 1094; x_wconf 89' lang='lat' dir='ltr'><strong>terno</strong></span> <span class='ocrx_word' id='word_1_46' title='bbox 448 1026 580 1110; x_wconf 88' lang='lat' dir='ltr'><strong>aliquid</strong></span> <span class='ocrx_word' id='word_1_47' title='bbox 590 1026 785 1106; x_wconf 87' lang='lat' dir='ltr'><strong>dederunt,</strong></span> <span class='ocrx_word' id='word_1_48' title='bbox 801 1036 840 1092; x_wconf 92' lang='lat' dir='ltr'><strong>ut</strong></span> <span class='ocrx_word' id='word_1_49' title='bbox 859 1036 988 1111; x_wconf 91' lang='lat' dir='ltr'><strong>panem</strong></span> <span class='ocrx_word' id='word_1_50' title='bbox 1009 1028 1168 1109; x_wconf 81' lang='lat' dir='ltr'><strong>Collegio</strong></span> <span class='ocrx_word' id='word_1_51' title='bbox 1187 1022 1492 1107; x_wconf 57' lang='lat' dir='ltr'><strong>subministrarem</strong></span> <span class='ocrx_word' id='word_1_52' title='bbox 1516 1024 1563 1092; x_wconf 90' lang='lat' dir='ltr'><strong>ad</strong></span> 
     </span>
     <span class='ocr_line' id='line_1_8' title="bbox 332 1118 1567 1217; baseline -0.001 -17"><span class='ocrx_word' id='word_1_53' title='bbox 332 1150 458 1201; x_wconf 90' lang='lat' dir='ltr'><strong>carnes</strong></span> <span class='ocrx_word' id='word_1_54' title='bbox 474 1143 592 1200; x_wconf 90' lang='lat' dir='ltr'><strong>autem</strong></span> <span class='ocrx_word' id='word_1_55' title='bbox 606 1133 665 1199; x_wconf 86' lang='lat' dir='ltr'><strong>vel</strong></span> <span class='ocrx_word' id='word_1_56' title='bbox 679 1136 795 1217; x_wconf 86' lang='lat' dir='ltr'>pisces</span> <span class='ocrx_word' id='word_1_57' title='bbox 808 1135 990 1217; x_wconf 88' lang='lat' dir='ltr'><strong>parandos</strong></span> <span class='ocrx_word' id='word_1_58' title='bbox 1003 1136 1179 1200; x_wconf 82' lang='lat' dir='ltr'><strong>rationem</strong></span> <span class='ocrx_word' id='word_1_59' title='bbox 1188 1131 1347 1217; x_wconf 80' lang='lat' dir='ltr'><strong>aliquam</strong></span> <span class='ocrx_word' id='word_1_60' title='bbox 1358 1118 1567 1216; x_wconf 52' lang='lat' dir='ltr'><strong>inire‘opor&#39;a</strong></span> 
     </span>
     <span class='ocr_line' id='line_1_9' title="bbox 332 1236 1568 1323; baseline -0.001 -16"><span class='ocrx_word' id='word_1_61' title='bbox 332 1241 439 1321; x_wconf 89' lang='lat' dir='ltr'><strong>tebat;</strong></span> <span class='ocrx_word' id='word_1_62' title='bbox 455 1258 521 1305; x_wconf 90' lang='lat' dir='ltr'><strong>nec</strong></span> <span class='ocrx_word' id='word_1_63' title='bbox 536 1241 630 1309; x_wconf 89' lang='lat' dir='ltr'><strong>enim</strong></span> <span class='ocrx_word' id='word_1_64' title='bbox 645 1242 737 1307; x_wconf 91' lang='lat' dir='ltr'><strong>inter</strong></span> <span class='ocrx_word' id='word_1_65' title='bbox 750 1242 854 1306; x_wconf 90' lang='lat' dir='ltr'><strong>indus</strong></span> <span class='ocrx_word' id='word_1_66' title='bbox 868 1241 1117 1307; x_wconf 83' lang='lat' dir='ltr'><strong>emendicandl-</strong></span> <span class='ocrx_word' id='word_1_67' title='bbox 1127 1236 1348 1315; x_wconf 84' lang='lat' dir='ltr'><strong>consuetudo</strong></span> <span class='ocrx_word' id='word_1_68' title='bbox 1367 1240 1487 1307; x_wconf 90' lang='lat' dir='ltr'><strong>induci</strong></span> <span class='ocrx_word' id='word_1_69' title='bbox 1503 1256 1568 1323; x_wconf 61' lang='lat' dir='ltr'><strong>pos</strong></span> 
     </span>
     <span class='ocr_line' id='line_1_10' title="bbox 334 1345 1569 1431; baseline 0.002 -18"><span class='ocrx_word' id='word_1_70' title='bbox 334 1359 436 1428; x_wconf 91' lang='lat' dir='ltr'><strong>terat,</strong></span> <span class='ocrx_word' id='word_1_71' title='bbox 452 1347 546 1430; x_wconf 89' lang='lat' dir='ltr'><strong>qu&#39;od</strong></span> <span class='ocrx_word' id='word_1_72' title='bbox 561 1349 777 1431; x_wconf 83' lang='lat' dir='ltr'>pauperrimi</span> <span class='ocrx_word' id='word_1_73' title='bbox 796 1357 914 1415; x_wconf 85' lang='lat' dir='ltr'>essent</span> <span class='ocrx_word' id='word_1_74' title='bbox 933 1357 968 1413; x_wconf 92' lang='lat' dir='ltr'><strong>et</strong></span> <span class='ocrx_word' id='word_1_75' title='bbox 987 1350 1063 1414; x_wconf 92' lang='lat' dir='ltr'><strong>sine</strong></span> <span class='ocrx_word' id='word_1_76' title='bbox 1081 1345 1271 1429; x_wconf 85' lang='lat' dir='ltr'><strong>industria,</strong></span> <span class='ocrx_word' id='word_1_77' title='bbox 1293 1349 1398 1413; x_wconf 88' lang='lat' dir='ltr'><strong>etita</strong></span> <span class='ocrx_word' id='word_1_78' title='bbox 1418 1364 1569 1415; x_wconf 81' lang='lat' dir='ltr'><strong>necesse·</strong></span> 
     </span>
     <span class='ocr_line' id='line_1_11' title="bbox 332 1454 1564 1539; baseline 0.001 -19"><span class='ocrx_word' id='word_1_79' title='bbox 332 1466 408 1521; x_wconf 89' lang='lat' dir='ltr'><strong>erat</strong></span> <span class='ocrx_word' id='word_1_80' title='bbox 423 1455 515 1521; x_wconf 86' lang='lat' dir='ltr'><strong>inter</strong></span> <span class='ocrx_word' id='word_1_81' title='bbox 529 1456 702 1521; x_wconf 83' lang='lat' dir='ltr'><strong>lusitanos</strong></span> <span class='ocrx_word' id='word_1_82' title='bbox 717 1474 837 1521; x_wconf 90' lang='lat' dir='ltr'><strong>rerum</strong></span> <span class='ocrx_word' id='word_1_83' title='bbox 851 1454 979 1522; x_wconf 85' lang='lat' dir='ltr'><strong>earum</strong></span> <span class='ocrx_word' id='word_1_84' title='bbox 995 1458 1259 1539; x_wconf 83' lang='lat' dir='ltr'><strong>eleemosynam</strong></span> <span class='ocrx_word' id='word_1_85' title='bbox 1273 1464 1404 1537; x_wconf 89' lang='lat' dir='ltr'><strong>petere,</strong></span> <span class='ocrx_word' id='word_1_86' title='bbox 1428 1458 1465 1521; x_wconf 93' lang='lat' dir='ltr'><strong>in</strong></span> <span class='ocrx_word' id='word_1_87' title='bbox 1479 1474 1564 1538; x_wconf 90' lang='lat' dir='ltr'><strong>qua·</strong></span> 
     </span>
     <span class='ocr_line' id='line_1_12' title="bbox 333 1562 1565 1645; baseline 0.002 -18"><span class='ocrx_word' id='word_1_88' title='bbox 333 1580 411 1628; x_wconf 91' lang='lat' dir='ltr'><strong>rum</strong></span> <span class='ocrx_word' id='word_1_89' title='bbox 425 1564 684 1645; x_wconf 85' lang='lat' dir='ltr'><strong>permutatione</strong></span> <span class='ocrx_word' id='word_1_90' title='bbox 698 1564 902 1629; x_wconf 87' lang='lat' dir='ltr'><strong>necessaria</strong></span> <span class='ocrx_word' id='word_1_91' title='bbox 915 1564 960 1628; x_wconf 88' lang='lat' dir='ltr'><strong>ab</strong></span> <span class='ocrx_word' id='word_1_92' title='bbox 971 1564 1148 1645; x_wconf 79' lang='lat' dir='ltr'><strong>indigenis</strong></span> <span class='ocrx_word' id='word_1_93' title='bbox 1159 1564 1342 1630; x_wconf 90' lang='lat' dir='ltr'><strong>haberent:</strong></span> <span class='ocrx_word' id='word_1_94' title='bbox 1358 1562 1510 1645; x_wconf 88' lang='lat' dir='ltr'><strong>pecunia</strong></span> <span class='ocrx_word' id='word_1_95' title='bbox 1524 1566 1565 1629; x_wconf 90' lang='lat' dir='ltr'><strong>in</strong></span> 
     </span>
     <span class='ocr_line' id='line_1_13' title="bbox 334 1670 1564 1754; baseline 0.001 -18"><span class='ocrx_word' id='word_1_96' title='bbox 334 1688 401 1736; x_wconf 89' lang='lat' dir='ltr'><strong>usu</strong></span> <span class='ocrx_word' id='word_1_97' title='bbox 415 1688 488 1735; x_wconf 89' lang='lat' dir='ltr'><strong>non</strong></span> <span class='ocrx_word' id='word_1_98' title='bbox 506 1681 584 1736; x_wconf 90' lang='lat' dir='ltr'><strong>erat</strong></span> <span class='ocrx_word' id='word_1_99' title='bbox 603 1672 642 1734; x_wconf 92' lang='lat' dir='ltr'><strong>in</strong></span> <span class='ocrx_word' id='word_1_100' title='bbox 659 1672 719 1735; x_wconf 91' lang='lat' dir='ltr'><strong>illo</strong></span> <span class='ocrx_word' id='word_1_101' title='bbox 737 1670 881 1751; x_wconf 90' lang='lat' dir='ltr'><strong>ducatu,</strong></span> <span class='ocrx_word' id='word_1_102' title='bbox 902 1671 966 1737; x_wconf 91' lang='lat' dir='ltr'><strong>sed</strong></span> <span class='ocrx_word' id='word_1_103' title='bbox 984 1672 1156 1754; x_wconf 90' lang='lat' dir='ltr'><strong>pecuniae</strong></span> <span class='ocrx_word' id='word_1_104' title='bbox 1174 1673 1253 1736; x_wconf 90' lang='lat' dir='ltr'><strong>loco</strong></span> <span class='ocrx_word' id='word_1_105' title='bbox 1272 1673 1485 1737; x_wconf 82' lang='lat' dir='ltr'><strong>saccharum</strong></span> <span class='ocrx_word' id='word_1_106' title='bbox 1506 1674 1564 1737; x_wconf 80' lang='lat' dir='ltr'><strong>vel</strong></span> 
     </span>
     <span class='ocr_line' id='line_1_14' title="bbox 333 1777 1024 1860; baseline 0.003 -18"><span class='ocrx_word' id='word_1_107' title='bbox 333 1778 568 1843; x_wconf 87' lang='lat' dir='ltr'><strong>instrumenta</strong></span> <span class='ocrx_word' id='word_1_108' title='bbox 581 1777 698 1842; x_wconf 85' lang='lat' dir='ltr'><strong>ferrea</strong></span> <span class='ocrx_word' id='word_1_109' title='bbox 712 1778 896 1860; x_wconf 87' lang='lat' dir='ltr'><strong>praedicta</strong></span> <span class='ocrx_word' id='word_1_110' title='bbox 910 1787 1024 1844; x_wconf 92' lang='lat' dir='ltr'><strong>erant.</strong></span> 
     </span>
    </p>

    <p class='ocr_par' dir='ltr' id='par_1_4' title="bbox 328 1883 1571 3902">
     <span class='ocr_line' id='line_1_15' title="bbox 343 1883 1563 1965; baseline 0.002 -16"><span class='ocrx_word' id='word_1_111' title='bbox 343 1920 347 1925; x_wconf 92' lang='lat'><em>-</em></span> <span class='ocrx_word' id='word_1_112' title='bbox 393 1883 486 1949; x_wconf 82' lang='lat'><strong>3286.</strong></span> <span class='ocrx_word' id='word_1_113' title='bbox 529 1884 701 1965; x_wconf 88' lang='lat' dir='ltr'><strong>Quamvis</strong></span> <span class='ocrx_word' id='word_1_114' title='bbox 721 1895 840 1951; x_wconf 92' lang='lat' dir='ltr'><strong>autem</strong></span> <span class='ocrx_word' id='word_1_115' title='bbox 858 1887 949 1950; x_wconf 89' lang='lat' dir='ltr'><strong>haec</strong></span> <span class='ocrx_word' id='word_1_116' title='bbox 969 1886 1062 1951; x_wconf 88' lang='lat' dir='ltr'><strong>ratio</strong></span> <span class='ocrx_word' id='word_1_117' title='bbox 1080 1887 1199 1952; x_wconf 88' lang='lat' dir='ltr'><strong>victus</strong></span> <span class='ocrx_word' id='word_1_118' title='bbox 1217 1905 1290 1951; x_wconf 91' lang='lat' dir='ltr'><strong>non</strong></span> <span class='ocrx_word' id='word_1_119' title='bbox 1303 1887 1380 1951; x_wconf 92' lang='lat' dir='ltr'><strong>sine</strong></span> <span class='ocrx_word' id='word_1_120' title='bbox 1399 1888 1563 1953; x_wconf 90' lang='lat' dir='ltr'><strong>molestia</strong></span> 
     </span>
     <span class='ocr_line' id='line_1_16' title="bbox 333 1991 1564 2074; baseline 0.001 -17"><span class='ocrx_word' id='word_1_121' title='bbox 333 2001 439 2073; x_wconf 80' lang='lat' dir='ltr'><strong>esset,</strong></span> <span class='ocrx_word' id='word_1_122' title='bbox 454 1991 568 2074; x_wconf 87' lang='lat' dir='ltr'><strong>major</strong></span> <span class='ocrx_word' id='word_1_123' title='bbox 583 2002 659 2057; x_wconf 89' lang='lat' dir='ltr'><strong>erat</strong></span> <span class='ocrx_word' id='word_1_124' title='bbox 673 1991 860 2057; x_wconf 87' lang='lat' dir='ltr'><strong>difficultas</strong></span> <span class='ocrx_word' id='word_1_125' title='bbox 873 1993 909 2056; x_wconf 92' lang='lat' dir='ltr'><strong>in</strong></span> <span class='ocrx_word' id='word_1_126' title='bbox 925 1993 1077 2058; x_wconf 87' lang='lat' dir='ltr'><strong>assiduis</strong></span> <span class='ocrx_word' id='word_1_127' title='bbox 1094 1994 1356 2059; x_wconf 88' lang='lat' dir='ltr'><strong>brasiliensium</strong></span> <span class='ocrx_word' id='word_1_128' title='bbox 1375 1994 1421 2058; x_wconf 88' lang='lat' dir='ltr'><strong>ab</strong></span> <span class='ocrx_word' id='word_1_129' title='bbox 1436 2011 1507 2059; x_wconf 91' lang='lat' dir='ltr'><strong>uno</strong></span> <span class='ocrx_word' id='word_1_130' title='bbox 1517 1994 1564 2058; x_wconf 55' lang='lat' dir='ltr'><strong>‘in</strong></span> 
     </span>
     <span class='ocr_line' id='line_1_17' title="bbox 332 2100 1568 2183; baseline 0 -18"><span class='ocrx_word' id='word_1_131' title='bbox 332 2100 440 2165; x_wconf 89' lang='lat' dir='ltr'><strong>alium</strong></span> <span class='ocrx_word' id='word_1_132' title='bbox 455 2101 573 2163; x_wconf 92' lang='lat' dir='ltr'><strong>locum</strong></span> <span class='ocrx_word' id='word_1_133' title='bbox 587 2100 873 2181; x_wconf 72' lang='lat' dir='ltr'><strong>mIgrationibus3</strong></span> <span class='ocrx_word' id='word_1_134' title='bbox 891 2117 972 2165; x_wconf 92' lang='lat' dir='ltr'><strong>cum</strong></span> <span class='ocrx_word' id='word_1_135' title='bbox 991 2101 1085 2165; x_wconf 90' lang='lat' dir='ltr'><strong>enim</strong></span> <span class='ocrx_word' id='word_1_136' title='bbox 1104 2101 1250 2181; x_wconf 78' lang='lat' dir='ltr'><strong>domuS,</strong></span> <span class='ocrx_word' id='word_1_137' title='bbox 1273 2118 1426 2183; x_wconf 77' lang='lat' dir='ltr'><strong>quasex</strong></span> <span class='ocrx_word' id='word_1_138' title='bbox 1441 2104 1568 2183; x_wconf 91' lang='lat' dir='ltr'><strong>palma·</strong></span> 
     </span>
     <span class='ocr_line' id='line_1_18' title="bbox 333 2207 1562 2290; baseline 0.002 -17"><span class='ocrx_word' id='word_1_139' title='bbox 333 2207 525 2273; x_wconf 85' lang='lat' dir='ltr'><strong>conficiunt</strong></span> <span class='ocrx_word' id='word_1_140' title='bbox 537 2210 596 2271; x_wconf 87' lang='lat' dir='ltr'><strong>vel</strong></span> <span class='ocrx_word' id='word_1_141' title='bbox 610 2226 655 2272; x_wconf 87' lang='lat' dir='ltr'><strong>ex</strong></span> <span class='ocrx_word' id='word_1_142' title='bbox 669 2217 777 2287; x_wconf 90' lang='lat' dir='ltr'><strong>terra,</strong></span> <span class='ocrx_word' id='word_1_143' title='bbox 794 2225 865 2273; x_wconf 91' lang='lat' dir='ltr'><strong>non</strong></span> <span class='ocrx_word' id='word_1_144' title='bbox 879 2208 949 2272; x_wconf 91' lang='lat' dir='ltr'><strong>nisi</strong></span> <span class='ocrx_word' id='word_1_145' title='bbox 962 2208 1009 2272; x_wconf 90' lang='lat' dir='ltr'><strong>ad</strong></span> <span class='ocrx_word' id='word_1_146' title='bbox 1026 2217 1100 2273; x_wconf 89' lang='lat' dir='ltr'><strong>tres</strong></span> <span class='ocrx_word' id='word_1_147' title='bbox 1118 2210 1176 2273; x_wconf 90' lang='lat' dir='ltr'><strong>vel</strong></span> <span class='ocrx_word' id='word_1_148' title='bbox 1195 2220 1348 2290; x_wconf 88' lang='lat' dir='ltr'><strong>quatuor</strong></span> <span class='ocrx_word' id='word_1_149' title='bbox 1368 2226 1482 2275; x_wconf 89' lang='lat' dir='ltr'><strong>annos</strong></span> <span class='ocrx_word' id='word_1_150' title='bbox 1502 2211 1562 2275; x_wconf 93' lang='lat' dir='ltr'><strong>du·</strong></span> 
     </span>
     <span class='ocr_line' id='line_1_19' title="bbox 331 2314 1563 2397; baseline 0.002 -17"><span class='ocrx_word' id='word_1_151' title='bbox 331 2324 422 2395; x_wconf 91' lang='lat' dir='ltr'><strong>rent,</strong></span> <span class='ocrx_word' id='word_1_152' title='bbox 446 2316 492 2379; x_wconf 90' lang='lat' dir='ltr'><strong>ad</strong></span> <span class='ocrx_word' id='word_1_153' title='bbox 512 2316 621 2379; x_wconf 89' lang='lat' dir='ltr'><strong>alium</strong></span> <span class='ocrx_word' id='word_1_154' title='bbox 642 2317 769 2393; x_wconf 88' lang='lat' dir='ltr'><strong>locum,</strong></span> <span class='ocrx_word' id='word_1_155' title='bbox 791 2323 831 2379; x_wconf 94' lang='lat' dir='ltr'><strong>ut</strong></span> <span class='ocrx_word' id='word_1_156' title='bbox 851 2314 967 2381; x_wconf 91' lang='lat' dir='ltr'><strong>denuo</strong></span> <span class='ocrx_word' id='word_1_157' title='bbox 987 2333 1050 2381; x_wconf 86' lang='lat' dir='ltr'><strong>eas</strong></span> <span class='ocrx_word' id='word_1_158' title='bbox 1070 2316 1270 2395; x_wconf 86' lang='lat' dir='ltr'><strong>conficiant,</strong></span> <span class='ocrx_word' id='word_1_159' title='bbox 1293 2318 1481 2397; x_wconf 78' lang='lat' dir='ltr'><strong>emigrant.</strong></span> <span class='ocrx_word' id='word_1_160' title='bbox 1502 2316 1563 2382; x_wconf 89' lang='lat' dir='ltr'><strong>Ad</strong></span> 
     </span>
     <span class='ocr_line' id='line_1_20' title="bbox 331 2423 1562 2506; baseline 0.002 -18"><span class='ocrx_word' id='word_1_161' title='bbox 331 2423 425 2505; x_wconf 93' lang='lat' dir='ltr'><strong>quod</strong></span> <span class='ocrx_word' id='word_1_162' title='bbox 440 2423 548 2488; x_wconf 89' lang='lat' dir='ltr'><strong>etiam</strong></span> <span class='ocrx_word' id='word_1_163' title='bbox 563 2440 624 2487; x_wconf 90' lang='lat' dir='ltr'><strong>eos</strong></span> <span class='ocrx_word' id='word_1_164' title='bbox 638 2431 758 2488; x_wconf 91' lang='lat' dir='ltr'><strong>movet</strong></span> <span class='ocrx_word' id='word_1_165' title='bbox 772 2423 878 2504; x_wconf 90' lang='lat' dir='ltr'><strong>quod,</strong></span> <span class='ocrx_word' id='word_1_166' title='bbox 895 2433 1082 2505; x_wconf 88' lang='lat' dir='ltr'><strong>postquam</strong></span> <span class='ocrx_word' id='word_1_167' title='bbox 1096 2442 1142 2489; x_wconf 88' lang='lat' dir='ltr'><strong>ex</strong></span> <span class='ocrx_word' id='word_1_168' title='bbox 1156 2424 1274 2505; x_wconf 88' lang='lat' dir='ltr'><strong>aliquo</strong></span> <span class='ocrx_word' id='word_1_169' title='bbox 1290 2440 1391 2505; x_wconf 82' lang='lat' dir='ltr'><strong>agro,</strong></span> <span class='ocrx_word' id='word_1_170' title='bbox 1408 2440 1501 2506; x_wconf 90' lang='lat' dir='ltr'><strong>quae</strong></span> <span class='ocrx_word' id='word_1_171' title='bbox 1515 2424 1562 2490; x_wconf 90' lang='lat' dir='ltr'><strong>ad</strong></span> 
     </span>
     <span class='ocr_line' id='line_1_21' title="bbox 330 2530 1560 2612; baseline 0.003 -19"><span class='ocrx_word' id='word_1_172' title='bbox 330 2530 466 2595; x_wconf 88' lang='lat' dir='ltr'><strong>victum</strong></span> <span class='ocrx_word' id='word_1_173' title='bbox 480 2530 516 2594; x_wconf 91' lang='lat' dir='ltr'><strong>in</strong></span> <span class='ocrx_word' id='word_1_174' title='bbox 531 2548 574 2595; x_wconf 91' lang='lat' dir='ltr'><strong>eo</strong></span> <span class='ocrx_word' id='word_1_175' title='bbox 588 2531 860 2612; x_wconf 86' lang='lat' dir='ltr'><strong>proveniebant,</strong></span> <span class='ocrx_word' id='word_1_176' title='bbox 877 2532 1113 2612; x_wconf 83' lang='lat' dir='ltr'><strong>collegerunt,</strong></span> <span class='ocrx_word' id='word_1_177' title='bbox 1129 2532 1166 2595; x_wconf 90' lang='lat' dir='ltr'><strong>in</strong></span> <span class='ocrx_word' id='word_1_178' title='bbox 1185 2533 1255 2597; x_wconf 88' lang='lat' dir='ltr'><strong>alio</strong></span> <span class='ocrx_word' id='word_1_179' title='bbox 1274 2534 1353 2597; x_wconf 91' lang='lat' dir='ltr'><strong>loeo</strong></span> <span class='ocrx_word' id='word_1_180' title='bbox 1368 2531 1415 2597; x_wconf 91' lang='lat' dir='ltr'><strong>ad</strong></span> <span class='ocrx_word' id='word_1_181' title='bbox 1428 2533 1560 2597; x_wconf 84' lang='lat' dir='ltr'><strong>similia</strong></span> 
     </span>
     <span class='ocr_line' id='line_1_22' title="bbox 330 2637 1567 2723; baseline 0.002 -21"><span class='ocrx_word' id='word_1_182' title='bbox 330 2638 498 2704; x_wconf 89' lang='lat' dir='ltr'><strong>alimenta</strong></span> <span class='ocrx_word' id='word_1_183' title='bbox 512 2637 711 2720; x_wconf 84' lang='lat' dir='ltr'><strong>colligenda</strong></span> <span class='ocrx_word' id='word_1_184' title='bbox 727 2655 765 2704; x_wconf 90' lang='lat' dir='ltr'><strong>se</strong></span> <span class='ocrx_word' id='word_1_185' title='bbox 780 2647 1043 2720; x_wconf 87' lang='lat' dir='ltr'><strong>converterent;</strong></span> <span class='ocrx_word' id='word_1_186' title='bbox 1058 2639 1157 2705; x_wconf 91' lang='lat' dir='ltr'><strong>etita</strong></span> <span class='ocrx_word' id='word_1_187' title='bbox 1172 2639 1328 2722; x_wconf 88' lang='lat' dir='ltr'><strong>aliquam</strong></span> <span class='ocrx_word' id='word_1_188' title='bbox 1339 2650 1478 2721; x_wconf 85' lang='lat' dir='ltr'><strong>partem</strong></span> <span class='ocrx_word' id='word_1_189' title='bbox 1489 2642 1567 2723; x_wconf 83' lang='lat' dir='ltr'><strong>syl.</strong></span> 
     </span>
     <span class='ocr_line' id='line_1_23' title="bbox 333 2746 1559 2829; baseline 0.002 -19"><span class='ocrx_word' id='word_1_190' title='bbox 333 2749 460 2811; x_wconf 86' lang='lat' dir='ltr'><strong>varum</strong></span> <span class='ocrx_word' id='word_1_191' title='bbox 476 2747 683 2825; x_wconf 89' lang='lat' dir='ltr'><strong>caedebant,</strong></span> <span class='ocrx_word' id='word_1_192' title='bbox 704 2757 742 2810; x_wconf 90' lang='lat' dir='ltr'><strong>ut</strong></span> <span class='ocrx_word' id='word_1_193' title='bbox 756 2763 841 2810; x_wconf 88' lang='lat' dir='ltr'><strong>suas</strong></span> <span class='ocrx_word' id='word_1_194' title='bbox 859 2746 1000 2811; x_wconf 87' lang='lat' dir='ltr'><strong>radices</strong></span> <span class='ocrx_word' id='word_1_195' title='bbox 1018 2747 1065 2811; x_wconf 90' lang='lat' dir='ltr'><strong>ad</strong></span> <span class='ocrx_word' id='word_1_196' title='bbox 1083 2765 1212 2829; x_wconf 88' lang='lat' dir='ltr'><strong>panem</strong></span> <span class='ocrx_word' id='word_1_197' title='bbox 1232 2747 1490 2813; x_wconf 88' lang='lat' dir='ltr'><strong>conficiendum</strong></span> <span class='ocrx_word' id='word_1_198' title='bbox 1507 2750 1559 2813; x_wconf 90' lang='lat' dir='ltr'><strong>ibi</strong></span> 
     </span>
     <span class='ocr_line' id='line_1_24' title="bbox 329 2851 1559 2938; baseline 0.002 -21"><span class='ocrx_word' id='word_1_199' title='bbox 329 2855 542 2935; x_wconf 89' lang='lat' dir='ltr'><strong>plantarent;</strong></span> <span class='ocrx_word' id='word_1_200' title='bbox 558 2862 593 2918; x_wconf 95' lang='lat' dir='ltr'><strong>et</strong></span> <span class='ocrx_word' id='word_1_201' title='bbox 608 2853 701 2934; x_wconf 92' lang='lat' dir='ltr'><strong>quod</strong></span> <span class='ocrx_word' id='word_1_202' title='bbox 716 2851 816 2936; x_wconf 88' lang='lat' dir='ltr'><strong>pejus</strong></span> <span class='ocrx_word' id='word_1_203' title='bbox 830 2861 919 2934; x_wconf 89' lang='lat' dir='ltr'><strong>erat,</strong></span> <span class='ocrx_word' id='word_1_204' title='bbox 932 2855 1004 2918; x_wconf 87' lang='lat' dir='ltr'><strong>&#39;non</strong></span> <span class='ocrx_word' id='word_1_205' title='bbox 1014 2855 1119 2919; x_wconf 91' lang='lat' dir='ltr'><strong>simul</strong></span> <span class='ocrx_word' id='word_1_206' title='bbox 1129 2856 1166 2918; x_wconf 94' lang='lat' dir='ltr'><strong>in</strong></span> <span class='ocrx_word' id='word_1_207' title='bbox 1177 2872 1286 2922; x_wconf 88' lang='lat' dir='ltr'><strong>unum</strong></span> <span class='ocrx_word' id='word_1_208' title='bbox 1297 2856 1416 2919; x_wconf 91' lang='lat' dir='ltr'><strong>locum</strong></span> <span class='ocrx_word' id='word_1_209' title='bbox 1427 2857 1559 2938; x_wconf 84' lang='lat' dir='ltr'><strong>migra·</strong></span> 
     </span>
     <span class='ocr_line' id='line_1_25' title="bbox 330 2960 1561 3053; baseline 0.004 -30"><span class='ocrx_word' id='word_1_210' title='bbox 330 2961 427 3040; x_wconf 91' lang='lat' dir='ltr'><strong>bant,</strong></span> <span class='ocrx_word' id='word_1_211' title='bbox 443 2961 507 3024; x_wconf 89' lang='lat' dir='ltr'><strong>sed</strong></span> <span class='ocrx_word' id='word_1_212' title='bbox 522 2960 581 3024; x_wconf 91' lang='lat' dir='ltr'><strong>alii</strong></span> <span class='ocrx_word' id='word_1_213' title='bbox 600 2961 670 3024; x_wconf 91' lang='lat' dir='ltr'><strong>alio</strong></span> <span class='ocrx_word' id='word_1_214' title='bbox 693 2961 918 3025; x_wconf 80' lang='lat' dir='ltr'><strong>recedebant.</strong></span> <span class='ocrx_word' id='word_1_215' title='bbox 939 2961 1060 3043; x_wconf 89' lang='lat' dir='ltr'><strong>ltaque</strong></span> <span class='ocrx_word' id='word_1_216' title='bbox 1079 2979 1161 3027; x_wconf 91' lang='lat' dir='ltr'><strong>cum</strong></span> <span class='ocrx_word' id='word_1_217' title='bbox 1179 2964 1304 3053; x_wconf 80' lang='lat' dir='ltr'><strong>paucis</strong></span> <span class='ocrx_word' id='word_1_218' title='bbox 1322 2972 1462 3045; x_wconf 91' lang='lat' dir='ltr'><strong>tempus</strong></span> <span class='ocrx_word' id='word_1_219' title='bbox 1482 2972 1561 3028; x_wconf 88' lang='lat' dir='ltr'><strong>erat</strong></span> 
     </span>
     <span class='ocr_line' id='line_1_26' title="bbox 329 3067 1566 3151; baseline 0.002 -19"><span class='ocrx_word' id='word_1_220' title='bbox 329 3067 618 3148; x_wconf 79' lang='lat' dir='ltr'><strong>consumendum,</strong></span> <span class='ocrx_word' id='word_1_221' title='bbox 634 3077 669 3132; x_wconf 91' lang='lat' dir='ltr'><strong>et</strong></span> <span class='ocrx_word' id='word_1_222' title='bbox 683 3067 733 3131; x_wconf 89' lang='lat' dir='ltr'><strong>illi</strong></span> <span class='ocrx_word' id='word_1_223' title='bbox 747 3068 814 3148; x_wconf 91' lang='lat' dir='ltr'><strong>ipsi</strong></span> <span class='ocrx_word' id='word_1_224' title='bbox 830 3075 1018 3150; x_wconf 89' lang='lat' dir='ltr'><strong>postquam</strong></span> <span class='ocrx_word' id='word_1_225' title='bbox 1032 3067 1120 3151; x_wconf 90' lang='lat' dir='ltr'><strong>[per]</strong></span> <span class='ocrx_word' id='word_1_226' title='bbox 1136 3069 1225 3133; x_wconf 90' lang='lat' dir='ltr'><strong>duos</strong></span> <span class='ocrx_word' id='word_1_227' title='bbox 1246 3071 1304 3134; x_wconf 87' lang='lat' dir='ltr'><strong>vel</strong></span> <span class='ocrx_word' id='word_1_228' title='bbox 1325 3080 1398 3134; x_wconf 85' lang='lat' dir='ltr'><strong>tres</strong></span> <span class='ocrx_word' id='word_1_229' title='bbox 1417 3087 1531 3134; x_wconf 87' lang='lat' dir='ltr'><strong>anuos</strong></span> <span class='ocrx_word' id='word_1_230' title='bbox 1552 3070 1566 3101; x_wconf 82' lang='lat'><strong>¹&#39;</strong></span> 
     </span>
     <span class='ocr_line' id='line_1_27' title="bbox 328 3174 1557 3255; baseline 0.002 -16"><span class='ocrx_word' id='word_1_231' title='bbox 328 3175 478 3240; x_wconf 81' lang='lat' dir='ltr'><strong>luissent</strong></span> <span class='ocrx_word' id='word_1_232' title='bbox 492 3175 669 3254; x_wconf 89' lang='lat' dir='ltr'><strong>instructi,</strong></span> <span class='ocrx_word' id='word_1_233' title='bbox 681 3175 765 3239; x_wconf 93' lang='lat' dir='ltr'><strong>dum</strong></span> <span class='ocrx_word' id='word_1_234' title='bbox 775 3174 1002 3255; x_wconf 89' lang='lat' dir='ltr'><strong>recedebant,</strong></span> <span class='ocrx_word' id='word_1_235' title='bbox 1014 3174 1169 3240; x_wconf 89' lang='lat' dir='ltr'><strong>fructum</strong></span> <span class='ocrx_word' id='word_1_236' title='bbox 1180 3177 1410 3241; x_wconf 88' lang='lat' dir='ltr'><strong>institutionis</strong></span> <span class='ocrx_word' id='word_1_237' title='bbox 1422 3178 1557 3242; x_wconf 88' lang='lat' dir='ltr'><strong>amitte-</strong></span> 
     </span>
     <span class='ocr_line' id='line_1_28' title="bbox 331 3280 1569 3364; baseline 0.002 -18"><span class='ocrx_word' id='word_1_238' title='bbox 331 3283 426 3364; x_wconf 91' lang='lat' dir='ltr'><strong>bant;</strong></span> <span class='ocrx_word' id='word_1_239' title='bbox 442 3300 508 3347; x_wconf 90' lang='lat' dir='ltr'><strong>nec</strong></span> <span class='ocrx_word' id='word_1_240' title='bbox 523 3282 617 3346; x_wconf 91' lang='lat' dir='ltr'><strong>enim</strong></span> <span class='ocrx_word' id='word_1_241' title='bbox 632 3280 1002 3362; x_wconf 88' lang='lat' dir='ltr'><strong>hujusmodihomines</strong></span> <span class='ocrx_word' id='word_1_242' title='bbox 1016 3294 1129 3359; x_wconf 87' lang='lat' dir='ltr'><strong>erant,</strong></span> <span class='ocrx_word' id='word_1_243' title='bbox 1145 3294 1183 3347; x_wconf 92' lang='lat' dir='ltr'><strong>ut</strong></span> <span class='ocrx_word' id='word_1_244' title='bbox 1198 3284 1274 3347; x_wconf 91' lang='lat' dir='ltr'><strong>sine</strong></span> <span class='ocrx_word' id='word_1_245' title='bbox 1289 3284 1485 3348; x_wconf 86' lang='lat' dir='ltr'><strong>directione</strong></span> <span class='ocrx_word' id='word_1_246' title='bbox 1500 3284 1569 3349; x_wconf 84' lang='lat' dir='ltr'><strong>do·-</strong></span> 
     </span>
     <span class='ocr_line' id='line_1_29' title="bbox 329 3387 1562 3472; baseline -0.001 -17"><span class='ocrx_word' id='word_1_247' title='bbox 329 3391 482 3456; x_wconf 89' lang='lat' dir='ltr'><strong>ctrinam</strong></span> <span class='ocrx_word' id='word_1_248' title='bbox 497 3407 540 3454; x_wconf 90' lang='lat' dir='ltr'><strong>ac</strong></span> <span class='ocrx_word' id='word_1_249' title='bbox 555 3391 685 3454; x_wconf 90' lang='lat' dir='ltr'><strong>bonam</strong></span> <span class='ocrx_word' id='word_1_250' title='bbox 704 3387 961 3453; x_wconf 90' lang='lat' dir='ltr'><strong>institutionem</strong></span> <span class='ocrx_word' id='word_1_251' title='bbox 979 3406 1126 3454; x_wconf 89' lang='lat' dir='ltr'><strong>servare</strong></span> <span class='ocrx_word' id='word_1_252' title='bbox 1148 3400 1313 3472; x_wconf 87' lang='lat' dir='ltr'><strong>possent:</strong></span> <span class='ocrx_word' id='word_1_253' title='bbox 1335 3391 1436 3470; x_wconf 92' lang='lat' dir='ltr'><strong>pueri</strong></span> <span class='ocrx_word' id='word_1_254' title='bbox 1455 3391 1562 3456; x_wconf 90' lang='lat' dir='ltr'><strong>etiam</strong></span> 
     </span>
     <span class='ocr_line' id='line_1_30' title="bbox 329 3496 1571 3579; baseline 0.001 -17"><span class='ocrx_word' id='word_1_255' title='bbox 329 3516 412 3562; x_wconf 90' lang='lat' dir='ltr'><strong>suos</strong></span> <span class='ocrx_word' id='word_1_256' title='bbox 425 3507 547 3579; x_wconf 90' lang='lat' dir='ltr'><strong>patres</strong></span> <span class='ocrx_word' id='word_1_257' title='bbox 561 3514 706 3578; x_wconf 89' lang='lat' dir='ltr'><strong>sparsos</strong></span> <span class='ocrx_word' id='word_1_258' title='bbox 721 3496 975 3576; x_wconf 88' lang='lat' dir='ltr'><strong>sequebantur;</strong></span> <span class='ocrx_word' id='word_1_259' title='bbox 997 3501 1032 3560; x_wconf 86' lang='lat' dir='ltr'><strong>et</strong></span> <span class='ocrx_word' id='word_1_260' title='bbox 1051 3498 1130 3562; x_wconf 92' lang='lat' dir='ltr'><strong>ideo</strong></span> <span class='ocrx_word' id='word_1_261' title='bbox 1150 3496 1359 3562; x_wconf 90' lang='lat' dir='ltr'><strong>dubitabant</strong></span> <span class='ocrx_word' id='word_1_262' title='bbox 1377 3499 1493 3563; x_wconf 90' lang='lat' dir='ltr'><strong>nostri</strong></span> <span class='ocrx_word' id='word_1_263' title='bbox 1515 3517 1571 3563; x_wconf 88' lang='lat' dir='ltr'><strong>an</strong></span> 
     </span>
     <span class='ocr_line' id='line_1_31' title="bbox 329 3603 1563 3696; baseline 0.001 -27"><span class='ocrx_word' id='word_1_264' title='bbox 329 3606 511 3686; x_wconf 88' lang='lat' dir='ltr'><strong>baptizare</strong></span> <span class='ocrx_word' id='word_1_265' title='bbox 533 3603 733 3686; x_wconf 74' lang='lat' dir='ltr'><strong>huiusmodi</strong></span> <span class='ocrx_word' id='word_1_266' title='bbox 757 3620 888 3685; x_wconf 88' lang='lat' dir='ltr'><strong>pueros</strong></span> <span class='ocrx_word' id='word_1_267' title='bbox 914 3603 1098 3696; x_wconf 82' lang='lat' dir='ltr'><strong>deberent,</strong></span> <span class='ocrx_word' id='word_1_268' title='bbox 1125 3621 1167 3668; x_wconf 91' lang='lat' dir='ltr'><strong>eo</strong></span> <span class='ocrx_word' id='word_1_269' title='bbox 1189 3605 1282 3686; x_wconf 92' lang='lat' dir='ltr'><strong>quod</strong></span> <span class='ocrx_word' id='word_1_270' title='bbox 1302 3606 1339 3669; x_wconf 93' lang='lat' dir='ltr'><strong>in</strong></span> <span class='ocrx_word' id='word_1_271' title='bbox 1358 3604 1563 3687; x_wconf 88' lang='lat' dir='ltr'><strong>hujusmodi</strong></span> 
     </span>
     <span class='ocr_line' id='line_1_32' title="bbox 329 3712 1558 3794; baseline 0.001 -17"><span class='ocrx_word' id='word_1_272' title='bbox 329 3713 593 3791; x_wconf 90' lang='lat' dir='ltr'><strong>mutationibus,</strong></span> <span class='ocrx_word' id='word_1_273' title='bbox 611 3712 693 3776; x_wconf 90' lang='lat' dir='ltr'><strong>dum</strong></span> <span class='ocrx_word' id='word_1_274' title='bbox 709 3720 829 3793; x_wconf 91' lang='lat' dir='ltr'><strong>patres</strong></span> <span class='ocrx_word' id='word_1_275' title='bbox 844 3719 1051 3792; x_wconf 89' lang='lat' dir='ltr'><strong>sequuntur,</strong></span> <span class='ocrx_word' id='word_1_276' title='bbox 1066 3729 1186 3776; x_wconf 90' lang='lat' dir='ltr'><strong>mores</strong></span> <span class='ocrx_word' id='word_1_277' title='bbox 1196 3713 1304 3778; x_wconf 88' lang='lat' dir='ltr'><strong>etlam</strong></span> <span class='ocrx_word' id='word_1_278' title='bbox 1318 3713 1558 3794; x_wconf 84' lang='lat' dir='ltr'><strong>imitabantur,</strong></span> 
     </span>
     <span class='ocr_line' id='line_1_33' title="bbox 329 3818 1317 3902; baseline -0.003 -17"><span class='ocrx_word' id='word_1_279' title='bbox 329 3822 386 3885; x_wconf 90' lang='lat' dir='ltr'><strong>vel</strong></span> <span class='ocrx_word' id='word_1_280' title='bbox 401 3831 497 3885; x_wconf 84' lang='lat' dir='ltr'><strong>ceute</strong></span> <span class='ocrx_word' id='word_1_281' title='bbox 512 3821 629 3885; x_wconf 91' lang='lat' dir='ltr'><strong>timeri</strong></span> <span class='ocrx_word' id='word_1_282' title='bbox 643 3827 783 3902; x_wconf 89' lang='lat' dir='ltr'><strong>poterat</strong></span> <span class='ocrx_word' id='word_1_283' title='bbox 795 3819 1026 3900; x_wconf 88' lang='lat' dir='ltr'><strong>probabiliter</strong></span> <span class='ocrx_word' id='word_1_284' title='bbox 1039 3837 1084 3882; x_wconf 91' lang='lat' dir='ltr'><strong>ne</strong></span> <span class='ocrx_word' id='word_1_285' title='bbox 1098 3820 1133 3884; x_wconf 92' lang='lat' dir='ltr'><strong>id</strong></span> <span class='ocrx_word' id='word_1_286' title='bbox 1145 3818 1317 3884; x_wconf 85' lang='lat' dir='ltr'><strong>lacerent.</strong></span> 
     </span>
    </p>

    <p class='ocr_par' dir='ltr' id='par_1_5' title="bbox 332 3925 1661 4318">
     <span class='ocr_line' id='line_1_34' title="bbox 389 3925 1572 4008; baseline 0.001 -16"><span class='ocrx_word' id='word_1_287' title='bbox 389 3927 480 3992; x_wconf 88' lang='grc'><strong>3287.</strong></span> <span class='ocrx_word' id='word_1_288' title='bbox 523 3926 726 3992; x_wconf 90' lang='lat' dir='ltr'><strong>Idololatria</strong></span> <span class='ocrx_word' id='word_1_289' title='bbox 748 3925 889 4008; x_wconf 90' lang='lat' dir='ltr'><strong>quidem</strong></span> <span class='ocrx_word' id='word_1_290' title='bbox 915 3926 1012 3989; x_wconf 90' lang='lat' dir='ltr'><strong>nulla</strong></span> <span class='ocrx_word' id='word_1_291' title='bbox 1027 3926 1121 4007; x_wconf 89' lang='lat' dir='ltr'><strong>apud</strong></span> <span class='ocrx_word' id='word_1_292' title='bbox 1140 3927 1366 3992; x_wconf 90' lang='lat' dir='ltr'><strong>brasilienses</strong></span> <span class='ocrx_word' id='word_1_293' title='bbox 1385 3938 1475 4008; x_wconf 90' lang='lat' dir='ltr'><strong>erat,</strong></span> <span class='ocrx_word' id='word_1_294' title='bbox 1497 3928 1572 4006; x_wconf 60' lang='lat' dir='ltr'><strong>sedi</strong></span> 
     </span>
     <span class='ocr_line' id='line_1_35' title="bbox 332 4032 1661 4119; baseline -0.002 -18"><span class='ocrx_word' id='word_1_295' title='bbox 332 4037 507 4119; x_wconf 88' lang='lat' dir='ltr'><strong>quaedam</strong></span> <span class='ocrx_word' id='word_1_296' title='bbox 523 4035 802 4116; x_wconf 87' lang='lat' dir='ltr'><strong>superstitiones,</strong></span> <span class='ocrx_word' id='word_1_297' title='bbox 818 4051 908 4114; x_wconf 91' lang='lat' dir='ltr'><strong>quas</strong></span> <span class='ocrx_word' id='word_1_298' title='bbox 928 4032 996 4115; x_wconf 90' lang='lat' dir='ltr'><strong>ipsi</strong></span> <span class='ocrx_word' id='word_1_299' title='bbox 1015 4035 1223 4099; x_wconf 89' lang='lat' dir='ltr'><strong>sanctitates</strong></span> <span class='ocrx_word' id='word_1_300' title='bbox 1237 4032 1413 4118; x_wconf 89' lang='lat' dir='ltr'><strong>[vocant],</strong></span> <span class='ocrx_word' id='word_1_301' title='bbox 1434 4036 1562 4118; x_wconf 88' lang='lat' dir='ltr'><strong>quibus</strong></span> <span class='ocrx_word' id='word_1_302' title='bbox 1658 4092 1661 4099; x_wconf 90' lang='lat'><strong>.</strong></span> 
     </span>
     <span class='ocr_line' id='line_1_36' title="bbox 333 4140 1571 4225; baseline -0.002 -15"><span class='ocrx_word' id='word_1_303' title='bbox 333 4163 400 4210; x_wconf 91' lang='lat' dir='ltr'><strong>nec</strong></span> <span class='ocrx_word' id='word_1_304' title='bbox 414 4145 520 4220; x_wconf 80' lang='lat' dir='ltr'><strong>fidem</strong></span> <span class='ocrx_word' id='word_1_305' title='bbox 534 4150 718 4225; x_wconf 84' lang='lat' dir='ltr'><strong>praestant</strong></span> <span class='ocrx_word' id='word_1_306' title='bbox 734 4140 894 4221; x_wconf 91' lang='lat' dir='ltr'><strong>omnino,</strong></span> <span class='ocrx_word' id='word_1_307' title='bbox 909 4149 945 4206; x_wconf 90' lang='lat' dir='ltr'><strong>et</strong></span> <span class='ocrx_word' id='word_1_308' title='bbox 959 4149 1079 4206; x_wconf 91' lang='lat' dir='ltr'><strong>tamen</strong></span> <span class='ocrx_word' id='word_1_309' title='bbox 1093 4159 1138 4206; x_wconf 87' lang='lat' dir='ltr'><strong>ex</strong></span> <span class='ocrx_word' id='word_1_310' title='bbox 1156 4153 1258 4224; x_wconf 89' lang='lat' dir='ltr'><strong>parte</strong></span> <span class='ocrx_word' id='word_1_311' title='bbox 1279 4144 1332 4207; x_wconf 90' lang='lat' dir='ltr'><strong>eis</strong></span> <span class='ocrx_word' id='word_1_312' title='bbox 1350 4144 1497 4220; x_wconf 87' lang='lat' dir='ltr'><strong>credere</strong></span> <span class='ocrx_word' id='word_1_313' title='bbox 1511 4144 1571 4208; x_wconf 79' lang='lat' dir='ltr'><strong>vi·;</strong></span> 
     </span>
     <span class='ocr_line' id='line_1_37' title="bbox 335 4253 472 4318; baseline -0.015 0"><span class='ocrx_word' id='word_1_314' title='bbox 335 4253 472 4318; x_wconf 90' lang='lat' dir='ltr'><strong>dentur.</strong></span> 
     </span>
    </p>

    <p class='ocr_par' dir='ltr' id='par_1_6' title="bbox 390 4357 1561 4453">
     <span class='ocr_line' id='line_1_38' title="bbox 390 4357 1561 4453; baseline 0 -30"><span class='ocrx_word' id='word_1_315' title='bbox 390 4357 484 4424; x_wconf 82' lang='grc'><strong>3288.</strong></span> <span class='ocrx_word' id='word_1_316' title='bbox 528 4357 809 4422; x_wconf 86' lang='lat' dir='ltr'><strong>Cummaximus</strong></span> <span class='ocrx_word' id='word_1_317' title='bbox 824 4357 939 4422; x_wconf 92' lang='lat' dir='ltr'><strong>honor</strong></span> <span class='ocrx_word' id='word_1_318' title='bbox 953 4358 1047 4422; x_wconf 88' lang='lat' dir='ltr'><strong>inter</strong></span> <span class='ocrx_word' id='word_1_319' title='bbox 1060 4357 1288 4453; x_wconf 88' lang='lat' dir='ltr'><strong>brasilienses</strong></span> <span class='ocrx_word' id='word_1_320' title='bbox 1308 4367 1495 4424; x_wconf 90' lang='lat' dir='ltr'><strong>censeatur</strong></span> <span class='ocrx_word' id='word_1_321' title='bbox 1517 4376 1561 4423; x_wconf 92' lang='lat' dir='ltr'><strong>ac</strong></span> 
     </span>
    </p>
   </div>
   <div class='ocr_carea' id='block_1_4' title="bbox 375 4599 899 4658">
    <p class='ocr_par' dir='ltr' id='par_1_7' title="bbox 375 4599 899 4658">
     <span class='ocr_line' id='line_1_39' title="bbox 375 4599 899 4658; baseline -0.008 -10"><span class='ocrx_word' id='word_1_322' title='bbox 375 4603 383 4636; x_wconf 84' lang='lat'>¹</span> <span class='ocrx_word' id='word_1_323' title='bbox 412 4601 458 4648; x_wconf 74' lang='lat' dir='ltr'><strong>us.</strong></span> <span class='ocrx_word' id='word_1_324' title='bbox 467 4605 611 4658; x_wconf 76' lang='lat' dir='ltr'><strong>postquam</strong></span> <span class='ocrx_word' id='word_1_325' title='bbox 622 4601 674 4644; x_wconf 84' lang='lat' dir='ltr'><strong>duo</strong></span> <span class='ocrx_word' id='word_1_326' title='bbox 684 4599 728 4644; x_wconf 83' lang='lat' dir='ltr'><strong>vel</strong></span> <span class='ocrx_word' id='word_1_327' title='bbox 738 4603 796 4644; x_wconf 79' lang='lat' dir='ltr'><strong>tres</strong></span> <span class='ocrx_word' id='word_1_328' title='bbox 806 4601 899 4646; x_wconf 77' lang='lat' dir='ltr'><strong>anni...</strong></span> 
     </span>
    </p>
   </div>
   <div class='ocr_carea' id='block_1_5' title="bbox 0 0 1826 5350">
    <p class='ocr_par' dir='ltr' id='par_1_8' title="bbox 0 0 1826 5350">
     <span class='ocr_line' id='line_1_40' title="bbox 0 0 1826 5350; baseline 0 1"><span class='ocrx_word' id='word_1_329' title='bbox 0 0 1826 5350; x_wconf 95' lang='lat' dir='ltr'><strong> </strong></span> 
     </span>
    </p>
   </div>
  </div>
 </body>
</html>
