3642 5350
361 446 415 505 276
820 444 947 506 Caaon.
967 443 1043 505 Soc.
1060 444 1130 519 Jas.

361 608 442 655 cum
452 589 553 655 Duce
564 590 720 655 Bibonae
731 592 768 655 in
780 589 914 670 urbem,
928 606 1035 670 quam
1046 588 1252 655 Terminum
1264 599 1394 655 vocant
1406 597 1416 631 ¹
1429 598 1478 670 ut,
1491 597 1587 671 post·

361 716 468 781 quam
482 698 552 762 alia
567 697 725 778 Collegia
744 698 927 774 inviseret,
948 696 1149 763 Messanam
1169 698 1325 777 veniret;
1346 714 1415 779 quo
1430 705 1588 779 ternpore

362 805 541 871 redierant
556 804 602 869 ad
616 804 853 869 sacerdotium
867 804 1022 885 promoti
1041 822 1061 869 a
1077 803 1309 885 suffraganeo
1326 804 1457 869 Montis
1476 804 1587 884 Rega-

361 913 406 978 lis
419 912 443 993 ¹,
459 912 543 977 novi
564 921 684 993 patres
703 911 980 993 Christophorus
1001 912 1145 993 Laynez
1167 923 1201 976 et
1222 912 1430 977 Ludovicus
1453 910 1497 977 de
1517 911 1586 977 Un-

360 1021 497 1102 gheria.
514 1020 622 1085 Venit
636 1029 671 1082 et
685 1036 767 1083 cum
781 1019 913 1084 eisdem
925 1036 1042 1083 novus
1053 1016 1091 1083 Ρ.
1106 1019 1311 1100 Alphonsus
1322 1019 1366 1083 de
1376 1018 1585 1095 Vilialobos,

361 1128 421 1209 qui
435 1127 514 1208 ipso
528 1127 584 1191 die
600 1126 759 1191 Paschae
773 1127 926 1207 primum
948 1128 1056 1191 etiam
1076 1125 1206 1190 Missae
1224 1126 1437 1191 sacrificium
1457 1127 1586 1191 obtule·

324 1308 328 1317 ι
351 1244 429 1314 rat.
446 1232 515 1299 Sed
530 1234 587 1298 hic
602 1232 801 1314 Syracusas
815 1244 893 1299 erat
906 1234 1036 1298 iturus.

423 1340 513 1405 1075.
555 1339 664 1405 Paulo
689 1349 781 1421 post,
809 1341 868 1421 qui
893 1342 1136 1421 convaluerat,
1162 1340 1375 1405 Franciscus
1399 1339 1516 1421 Sotus,
1542 1340 1587 1404 ad

361 1448 601 1514 sacerdotium
624 1456 808 1530 promotus
832 1446 855 1527 ⁸,
882 1464 967 1513 suas
991 1448 1167 1530 primitias
1188 1448 1265 1530 ipso
1285 1448 1341 1513 die
1360 1447 1587 1512 Pentecostes

360 1556 438 1622 Deo
453 1555 589 1621 obtulit.

423 1662 510 1728 1076.
553 1662 707 1727 Rediens
731 1670 850 1727 autem
871 1662 1046 1743 vigesima
1069 1660 1153 1741 Maji
1174 1660 1212 1725 P.
1229 1661 1475 1740 Provincialis,
1492 1660 1587 1725 domi

359 1771 495 1835 invenit
506 1771 715 1849 armenium,
728 1768 771 1833 de
783 1786 852 1851 quo
864 1768 1028 1851 superius
1042 1768 1138 1832 iacta
1152 1780 1206 1833 est
1220 1768 1351 1833 mentio
1363 1772 1387 1848 ⁴,
1400 1768 1460 1850 qui
1471 1767 1504 1831 ei
1514 1784 1586 1833 ma-

359 1894 518 1959 gnopere
532 1877 675 1959 placuit.
692 1876 779 1941 Erat
793 1877 830 1941 in
843 1875 1066 1957 geographia
1081 1885 1116 1941 et
1131 1876 1284 1957 sphaera
1301 1876 1385 1939 etin
1400 1873 1585 1939 conficien-

359 1984 414 2049 dis
432 1984 627 2065 horologiis
645 1984 872 2064 exercitatus,
894 1993 930 2047 et
951 1984 1019 2047 hoc
1038 1992 1176 2048 tantum
1202 2001 1282 2048 eum
1306 1984 1398 2048 maie
1420 1982 1583 2060 habebat,

358 2092 464 2174 quod,
477 2108 559 2157 cum
570 2091 659 2155 alios
671 2083 800 2156 octavo
813 2108 952 2173 quoque
966 2091 1022 2156 die
1033 2092 1339 2155 communicantes
1350 2090 1497 2170 videret,
1510 2090 1585 2171 ipse

358 2200 405 2263 ad
419 2200 702 2264 communionem
716 2198 872 2263 noudum
890 2196 1147 2279 admitteretur,
1172 2199 1255 2280 quia
1276 2194 1288 2229 ⁸
1309 2215 1381 2262 non
1400 2197 1586 2261 videbatur

357 2306 426 2371 sibi
436 2306 650 2371 christianus
661 2305 796 2370 haberi.
812 2304 882 2372 Sed
892 2305 931 2370 P.
945 2304 1178 2371 Prouincialis
1190 2306 1223 2369 ei
1236 2304 1412 2369 concessit
1421 2314 1471 2383 ut,
1485 2321 1585 2385 prae·

358 2413 466 2478 missa
482 2412 705 2478 consessione
718 2428 782 2494 per
795 2413 1035 2493 interpretem,
1057 2404 1234 2477 dominica
1249 2412 1410 2494 sequenti
1431 2429 1584 2477 commu·

357 2520 478 2585 nicare
492 2520 675 2600 inciperet.

417 2625 506 2692 1077.
548 2627 737 2694 Admissus
751 2638 805 2693 est
824 2627 965 2710 juvenis
984 2626 1129 2710 quidam
1148 2627 1184 2692 in
1201 2625 1427 2707 Societatem,
1444 2626 1585 2691 nomine

355 2734 509 2818 Jacobus
525 2735 662 2815 Vacha,
678 2753 760 2801 cum
778 2737 913 2819 aliquot
932 2752 1073 2801 menses
1092 2737 1128 2799 in
1144 2733 1296 2817 quodam
1321 2734 1488 2816 hospitali
1502 2751 1583 2799 cum

358 2841 603 2907 aedificatione
618 2844 844 2925 pauperibus,
859 2842 1081 2925 probationis
1093 2841 1224 2923 gratia,
1240 2843 1461 2907 inservisset.
1506 2836 1510 2848 '

419 2947 507 3013 1078.
550 2949 762 3031 lpsoautem
775 2951 843 3032 die,
860 2951 921 3031 qui
940 2949 1035 3014 Divo
1055 2949 1160 3014 Petro
1183 2965 1286 3014 sacer
1304 2958 1394 3028 erat,
1416 2947 1453 3012 P.
1476 2948 1584 3013 Anto-

356 3056 434 3119 nius
462 3056 579 3121 Vinck
604 3057 807 3122 Messanam
836 3067 996 3138 venerat,
1021 3055 1080 3138 [et]
1107 3057 1362 3137 professionem
1391 3057 1584 3120 solemnem

353 3163 469 3227 emisit
482 3163 505 3239 ⁸;
522 3174 556 3228 et
572 3164 652 3229 inde
667 3164 842 3229 Catanam
858 3181 978 3230 mense
993 3165 1085 3247 Julio
1101 3181 1182 3229 cum
1197 3162 1333 3228 duobus
1348 3162 1518 3228 fratribus
1534 3178 1586 3226 re·

358 3269 486 3335 missus
504 3281 570 3335 est.

396 3476 405 3508 Ι
434 3475 506 3521 Duae
517 3483 576 3520 suut
588 3478 672 3531 urbes,
683 3477 774 3532 quibus
788 3476 910 3522 Termini
919 3488 1010 3522 nomen
1021 3483 1069 3521 est.
1084 3477 1179 3522 Altera
1189 3475 1330 3529 (Termoii,
1343 3475 1496 3531 Termaiae)
1506 3482 1585 3532 caput

359 3544 476 3592 Ducatus
485 3554 511 3592 et
522 3547 601 3593 Sedes
609 3549 763 3604 episcopalis
770 3551 817 3594 sub
826 3548 1032 3604 Archiepiecopo
1039 3548 1232 3601 Beneventano,
1241 3549 1265 3592 in
1275 3549 1410 3602 provincia
1418 3547 1586 3604 Capitauata,

356 3617 430 3672 regni
445 3617 622 3674 Neapolitani:
636 3622 722 3665 altera
737 3619 887 3673 (Termine)
902 3619 929 3664 in
944 3617 1042 3673 Sicilia,
1058 3629 1090 3662 ex
1105 3619 1222 3673 reliquiis
1237 3619 1423 3664 celeberrimae
1438 3619 1500 3664 olim
1514 3618 1586 3663 urbis

359 3689 482 3735 Himerae
492 3692 684 3738 excitata-De
694 3692 745 3738 hac
755 3693 861 3737 videtur
870 3692 913 3736 hic
923 3703 980 3735 esse
990 3701 1083 3735 sermo.

394 3763 406 3796 1
433 3761 678 3819 “Monteregalensls
693 3763 812 3809 Ecclesia
826 3763 1029 3818 Metropolitana
1043 3768 1110 3810 est...
1124 3761 1195 3807 Duos
1210 3763 1289 3807 habet
1306 3762 1493 3819 suffraganeos,
1510 3761 1586 3807 Cata·

353 3845 457 3880 uenaem
472 3845 499 3880 et
515 3835 730 3893 Syracusanum„
747 3835 868 3880 Roccaua
886 3835 992 3888 Praaus,
1003 3833 1143 3879 Ecclesiae
1152 3833 1395 3888 Monterezaiensis
1411 3834 1514 3880 Malitia
1532 3831 1585 3884 ΙΙΙ,

353 3907 399 3962 lib,
408 3919 426 3963 r,
436 3909 486 3952 col.
495 3907 672 3954 iiii-Verum
679 3910 721 3953 hic
731 3920 782 3953 non
791 3908 822 3953 de
834 3907 979 3962 huiusmodi
990 3907 1162 3960 suffraganeis
1177 3913 1218 3951 est
1232 3908 1359 3964 quaestio,
1373 3909 1417 3951 aed
1434 3907 1465 3951 de
1480 3906 1585 3950 vicario

355 3979 502 4024 Cardiuaiis
512 3981 588 4026 Alex.
599 3980 728 4033 Famesil,
736 3979 871 4024 Ecclesiae
879 3977 1141 4032 Montis-Regalenais
1149 3977 1356 4034 archiepiscopi.
1363 3977 1444 4022 Porro
1453 3975 1582 4032 vicarias,

354 4052 397 4107 qui
408 4052 488 4097 etiam
497 4052 678 4107 saffraganeus
690 4051 835 4108 Episcopus
848 4058 920 4100 erat.
937 4051 1083 4095 vocabatur
1098 4049 1235 4104 Pompeius
1250 4049 1449 4095 Zambeccarias
1464 4049 1534 4103 (vide
1547 4059 1588 4092 eu·

353 4129 437 4179 pra,t.
448 4135 483 4179 ιιι,
495 4134 555 4181 pag.
564 4123 613 4178 20),
624 4135 648 4168 n.
658 4123 708 4179 too,
719 4129 805 4168 annot.
815 4124 848 4179 2),
858 4123 898 4167 cui
909 4121 950 4166 “20
959 4121 1027 4176 Junii
1039 4121 1104 4176 1557,Ι
1115 4123 1239 4166 successit
1248 4121 1300 4175 “Jo.
1310 4121 1403 4168 Petrus
1414 4119 1585 4176 Fortiguerra

354 4191 425 4238 Prot.
437 4194 529 4249 Apost.
540 4195 566 4240 in
574 4195 694 4240 Ecclesia
704 4193 921 4249 Monteregaieusi
933 4193 1005 4237 vices
1016 4193 1159 4238 Alexandri
1169 4203 1299 4248 gerens...,
1311 4192 1466 4237 cirenensis
1480 4191 1587 4247 Episco-

354 4276 410 4320 pus,
425 4275 451 4310 et
466 4266 698 4322 Monteregaieusis
708 4266 907 4322 Archiepiscopl
917 4265 1117 4319 suffraganeus,
1127 4264 1245 4309 Roccuns
1256 4265 1358 4319 Praaoe,
1369 4265 1468 4310 loccit.
1475 4265 1524 4308 col.
1534 4263 1584 4308 itt.

394 4337 407 4370 ⁸
433 4338 488 4383 “Ad
500 4338 708 4384 Resurrectionis
718 4349 798 4394 usque
810 4339 878 4383 diem
887 4348 946 4382 cum
955 4343 1040 4382 morte
1051 4337 1238 4384 conflictatus...
1248 4337 1376 4390 paulatim
1387 4337 1478 4381 delude
1495 4336 1520 4380 in
1539 4333 1589 4392 prl-

356 4407 453 4454 stlnam
463 4412 601 4456 restitutus
611 4411 815 4456 valetudinem...
827 4421 843 4454 a
854 4409 1003 4464 Purpurato
1012 4407 1139 4452 Mercurio
1151 4407 1273 4454 Pontificc
1284 4407 1444 4461 Mamertino,
1455 4407 1497 4463 qui
1508 4417 1555 4461 per
1563 4405 1588 4450 id

359 4487 459 4536 tempus
469 4481 615 4529 Messanam
624 4483 707 4528 Roma
718 4489 837 4535 venerat,
848 4481 933 4527 sacris
943 4480 1103 4536 initiatus„
1113 4488 1160 4525 eat.
1173 4480 1320 4537 Aouraaan,
1331 4482 1379 4527 loc.
1390 4481 1435 4526 cit.

398 4552 410 4588 ⁴
436 4553 530 4609 Supra,
541 4568 565 4602 n.
576 4555 629 4600 lilii
639 4561 666 4600 et
675 4566 748 4610 seqq.

397 4621 409 4654 Ι
435 4622 508 4669 Haec
518 4627 587 4671 luter
596 4627 683 4672 lineas
692 4625 801 4670 inseruit
811 4624 949 4678 Polancue,
960 4635 1040 4678 usque
1051 4624 1228 4668 adnumerum
1238 4627 1396 4678 sequentem.

394 4693 408 4728 ⁸
434 4693 501 4740 Vide
511 4709 599 4754 supra,
610 4710 670 4754 pag.
679 4697 715 4750 iii,
725 4705 814 4744 mot.
825 4699 834 4742 l
847 4696 914 4742 adn.
925 4695 971 4740 iifl.
