3642 5350
333 304 389 367 280
782 304 910 367 Cnaorr.
931 304 1007 366 Soc.
1029 304 1099 378 Jas.

333 460 414 534 ptas
428 452 571 517 cuilibet
590 452 720 534 oppido
735 451 779 515 ad
794 450 888 532 quod
901 452 1015 515 iturus
1030 460 1118 531 erat;
1131 469 1173 515 ac
1190 452 1293 516 simul
1306 450 1442 516 Vicarii
1455 448 1462 481 '
1476 448 1565 515 Car·

334 560 464 624 dinalis
477 560 727 624 Messanensis.

378 666 485 731 ·1094.
529 667 618 731 Cum
629 676 865 731 autemcansa
876 665 1051 731 adventus
1063 664 1143 746 ejus
1151 684 1193 731 ea
1205 684 1283 731 esse
1293 666 1561 746 intelligeretur,

335 784 375 840 ut
390 774 614 856 principium,
631 774 778 854 scilicet,
795 775 939 839 daretur
959 784 994 839 et
1010 773 1135 839 modus
1149 774 1392 839 institueretur
1412 773 1563 853 singulis

335 882 521 947 dominicis
536 889 570 945 et
584 881 684 945 sestis
698 882 821 946 diebus
834 899 964 963 pueros
976 882 1013 946 in
1023 882 1183 947 ecclesiis
1197 881 1459 962 parochialibus
1472 880 1563 944 chri·

336 990 489 1055 stianam
503 990 702 1054 doctrinam
716 990 899 1069 edocendi,
917 1006 981 1069 pro
996 1005 1126 1070 magno
1141 989 1310 1054 beneficio
1329 988 1397 1053 Dei
1412 988 1448 1052 id
1461 988 1565 1052 duce·

336 1097 423 1161 bant
436 1106 472 1161 et
485 1112 617 1176 magno
631 1095 748 1161 studio
763 1097 808 1162 ad
823 1099 1010 1162 ecclesiam
1025 1096 1259 1161 confluebant.

401 1204 489 1267 1095.
531 1203 611 1267 Hoc
622 1215 740 1269 autem
751 1205 803 1269 illi
814 1215 1021 1269 consuetum
1031 1215 1120 1285 erat,
1132 1215 1172 1269 ut
1183 1205 1339 1286 quotidie
1351 1204 1496 1269 Missam
1509 1220 1566 1265 ce·

337 1311 519 1386 lebrando,
539 1310 637 1375 finito
658 1314 858 1393 evangelio,
884 1312 1017 1393 aliquid
1043 1313 1086 1377 de
1112 1313 1173 1377 illo
1198 1314 1327 1393 populo
1352 1312 1562 1375 declararet.

340 1419 488 1499 Deinde,
504 1418 603 1482 linito
618 1418 729 1484 Sacro
749 1429 783 1483 et
803 1420 923 1501 pueris
937 1420 1146 1485 convocatis
1160 1430 1196 1484 et
1215 1421 1251 1485 in
1271 1420 1431 1483 ordinem
1451 1416 1567 1483 distri·

339 1528 448 1606 butis,
468 1525 613 1590 modum
631 1544 694 1591 eos
718 1526 868 1592 docendi
891 1528 1055 1591 tradebat
1076 1536 1111 1591 et
1136 1529 1254 1610 aliqua
1275 1528 1489 1591 documenta
1513 1525 1567 1589 sui

338 1634 445 1698 libelli
458 1631 659 1713 hujusmodi
671 1634 854 1699 doctrinae
868 1635 998 1699 seriem
1011 1634 1216 1699 declarabat
1231 1633 1258 1709 '3
1273 1634 1389 1715 aliqua
1414 1634 1457 1697 de
1478 1633 1569 1697 utili·

338 1750 413 1806 tate
427 1750 462 1804 et
477 1741 688 1805 necessitate
703 1739 779 1821 ejus
793 1741 977 1806 doctrinae
992 1741 1190 1821 praelatus,
1207 1751 1241 1805 et
1257 1742 1292 1806 in
1309 1740 1427 1821 specie
1450 1739 1493 1802 de
1514 1756 1568 1801 ra·

341 1849 436 1913 tione
450 1848 576 1913 orandi
589 1847 706 1912 Deum
719 1849 852 1930 aliquid
866 1848 1022 1911 breviter
1038 1848 1270 1929 proponebat.

404 1954 491 2019 1096.
536 1954 748 2020 Gaudebant
765 1956 866 2037 pueri
889 1964 924 2020 et
953 1963 1039 2019 natu
1064 1955 1170 2019 etiam
1194 1955 1405 2035 grandiores
1429 1952 1513 2017 dum
1536 1962 1570 2015 et

341 2063 433 2127 lilios
447 2072 482 2128 et
496 2062 634 2144 seipsos
655 2063 782 2127 instrui
800 2062 975 2141 viderent,
996 2071 1031 2125 et
1046 2062 1151 2127 avide
1171 2062 1408 2143 expectabant
1426 2076 1571 2140 sequen·

344 2180 415 2236 tem
431 2171 630 2235 lectionem.

407 2277 496 2341 1097.
539 2277 617 2342 Hac
632 2277 768 2341 ratione
783 2277 1007 2357 perlustratis
1022 2274 1214 2356 majoribus
1229 2276 1380 2357 oppidis,
1397 2277 1434 2340 in
1446 2275 1573 2357 quibus

344 2387 544 2466 plusculum
576 2385 879 2464 commorabatur;
905 2384 969 2449 sed
994 2382 1070 2449 lab
1090 2384 1168 2449 aliis
1188 2383 1293 2448 citius
1317 2400 1356 2447 se
1381 2382 1571 2464 expedivit,

346 2494 441 2574 qnod
456 2493 491 2556 in
507 2493 699 2557 nutritione
713 2491 912 2556 bombicum
926 2509 987 2556 eos
998 2492 1167 2574 occupari
1179 2490 1487 2555 animadverteret.
1501 2488 1573 2553 Nec

344 2601 459 2664 solnm
473 2617 555 2664 cnm
575 2598 693 2663 fructu
714 2593 876 2676 aliorum,
896 2599 960 2663 sed
979 2616 1060 2663 cum
1079 2600 1223 2681 proprio
1246 2599 1353 2663 etiam
1373 2598 1574 2661 Messanam

344 2717 378 2771 et
393 2707 519 2772 deinde
534 2708 659 2771 Italam
674 2706 789 2786 rediit,
806 2724 898 2788 cnm,
917 2717 1058 2789 praeter
1070 2707 1368 2789 peregrinationis
1379 2705 1571 2782 molestias,

349 2817 463 2878 victus
477 2813 625 2878 subinde
641 2815 824 2895 penuriam
845 2824 1037 2896 pateretur.

409 2921 497 2986 1098.
541 2921 610 2986 Sed
624 2920 674 2985 ita
689 2921 807 2986 omnia
822 2923 970 2988 molesta
985 2922 1161 2986 Dominus
1181 2923 1413 3002 temperabat,
1435 2930 1473 2986 ut
1495 2939 1574 2986 ceu·

349 3030 445 3111 tuplo
471 3029 584 3110 major
605 3029 711 3094 luerit
734 3029 930 3093 consolatio
953 3030 1130 3111 animique
1152 3031 1390 3108 confirmatio;
1414 3029 1521 3094 immo
1541 3039 1576 3092 et

349 3138 555 3216 illustrati0,
585 3145 660 3200 tum
688 3137 724 3200 in
753 3137 853 3200 verbi
880 3134 948 3200 Dei
977 3136 1258 3217 praedicatione,
1289 3146 1364 3201 turn
1394 3137 1428 3202 in
1457 3136 1575 3200 dubio-

347 3262 438 3324 rum,
455 3261 546 3324 quae
561 3245 862 3324 proponebantur,
878 3244 1064 3308 solutione.
1082 3243 1170 3308 Cum
1186 3254 1304 3308 autem
1325 3241 1338 3275 ⁴
1356 3244 1456 3308 libris
1475 3243 1577 3308 desti·

347 3360 516 3429 tueretur,
544 3351 612 3414 Dei
636 3351 791 3429 gratiam
814 3351 1075 3431 experiebatur,
1106 3369 1185 3414 curn
1214 3369 1275 3430 ea,
1305 3369 1396 3432 quae
1426 3349 1575 3414 dicenda

350 3467 463 3538 erant,
485 3459 578 3521 ultro
602 3466 840 3520 occurrerent.
862 3458 1080 3522 Laetabatur
1101 3460 1208 3522 etiam
1231 3457 1325 3539 [cum
1345 3454 1576 3539 perspiceret]

349 3582 562 3630 concursum
586 3574 621 3628 et
646 3563 824 3628 servorem
849 3567 1057 3645 populorum
1084 3567 1120 3628 in
1144 3565 1211 3630 Dei
1233 3566 1343 3630 verbo
1370 3565 1575 3629 avidissime

353 3673 540 3752 audiendo,
556 3682 624 3736 etc.

413 3779 501 3844 1099.
545 3780 676 3860 Magna
692 3790 907 3844 autemeam
926 3781 1172 3860 expectatione
1194 3798 1236 3845 ac
1257 3779 1432 3844 desiderio
1454 3779 1580 3844 Italen·

352 3905 410 3952 ses
429 3905 510 3951 eum
532 3887 738 3952 redeuntem
758 3895 991 3967 exceperunt,
1013 3887 1106 3966 apud
1129 3904 1216 3968 quos
1243 3887 1415 3967 reliquam
1443 3895 1579 3968 partem

351 3994 453 4075 hujus
469 3995 552 4057 anni
567 3995 697 4074 exegit,
713 3973 748 4059 et
764 4003 1003 4074 aegrotanteS,
1022 3994 1080 4078 qui
1100 3995 1240 4074 plurimi
1255 3995 1407 4072 luerunt,
1426 3995 1578 4058 invisen-

352 4103 416 4165 dos
436 4113 470 4165 et
491 4119 555 4182 pro
578 4101 712 4166 viribus
732 4101 970 4166 sublevandos
992 4101 1141 4178 studuit;
1163 4119 1227 4165 nec
1248 4111 1393 4182 propter
1413 4101 1582 4166 valetudi-

394 4273 400 4302 ¹
432 4271 552 4313 vicarius
562 4276 621 4313 erat
632 4271 715 4314 adhuc
727 4270 863 4324 Pompejus
873 4269 1081 4314 Zambeccarius.
1093 4269 1159 4314 Vide
1170 4281 1257 4326 supra,
1269 4277 1360 4316 annot.
1373 4271 1387 4314 2
1401 4272 1432 4315 ad
1444 4271 1543 4324 n.107t,
1555 4275 1581 4313 et

357 4349 376 4386 t.
389 4355 414 4396 v,
425 4353 485 4396 pag.
495 4341 542 4394 20³,
554 4353 578 4385 n.
589 4341 638 4388 600.

394 4413 406 4445 ¹
436 4413 500 4457 Vide
512 4412 633 4456 Litterae
643 4412 872 4466 Quadrimestres,
882 4420 900 4456 t.
912 4423 947 4463 rr.
955 4424 1016 4468 pag.
1028 4413 1076 4457 tat.

395 4484 407 4516 ⁸
435 4484 506 4528 llaec
518 4486 648 4540 particula
658 4485 804 4529 redundare
815 4484 928 4528 vldetnr.

397 4557 409 4590 ⁴
436 4556 542 4602 Rectius
552 4556 672 4602 fortunula
683 4557 764 4600 enlm.
