3642 5350
372 396 426 457 190
827 398 956 459 Cunus.
976 396 1053 458 Soc.
1073 398 1143 471 Jns.

372 544 537 609 affectum
563 542 610 607 ad
639 543 831 609 favendum
859 545 968 609 rebus
990 544 1179 610 Societatis
1203 543 1242 608 P.
1269 544 1457 609 Pelletario
1482 554 1596 609 osten·

371 653 482 718 derat.

429 759 500 824 695.
544 759 646 839 Quod
665 758 711 823 ad
729 758 971 823 confessiones
991 760 1128 837 attinet,
1150 767 1224 824 toto
1244 760 1312 823 hoc
1327 776 1433 838 anno,
1449 758 1541 823 sieut
1562 768 1598 822 et

370 866 673 948 praecedentibus,
696 866 831 929 fructus
850 882 923 929 non
945 864 1178 946 poenitendus
1197 875 1368 947 exceptus
1389 873 1454 931 est.
1477 864 1597 947 Appa-

370 974 439 1038 ruit
454 986 572 1037 autem
596 982 766 1054 quantum
785 970 995 1053 profecisset
1011 972 1047 1035 in
1062 972 1115 1036 eis
1132 972 1241 1036 vidua
1262 972 1438 1052 quaedam
1457 973 1594 1051 mulier,

369 1080 465 1147 domi
489 1078 596 1145 filiam
621 1080 766 1157 habens,
794 1095 990 1159 quaecum
1015 1078 1172 1143 maxima
1199 1080 1347 1160 penuria
1374 1089 1595 1161 premeretur

369 1188 476 1251 etiam
491 1188 593 1269 panis
608 1188 702 1265 (nam
717 1203 781 1267 per
794 1187 924 1250 multas
938 1185 1061 1250 Italiae
1072 1186 1178 1250 urbes
1188 1204 1327 1251 summa
1338 1196 1415 1273 erat
1431 1204 1595 1252 annonae

369 1298 527 1375 caritas),
544 1312 623 1359 eam
637 1294 712 1375 pati
727 1292 849 1358 maluit
865 1310 972 1374 quam
986 1292 1176 1374 quidquam
1190 1294 1307 1357 minus
1325 1292 1456 1359 decens
1471 1294 1595 1359 admit·

368 1411 454 1477 tere,
476 1419 556 1466 cum
577 1418 619 1465 eo
639 1409 797 1481 tempore
818 1399 908 1463 alias
928 1399 1052 1463 similis
1072 1410 1107 1464 et
1128 1399 1219 1464 forte
1239 1401 1353 1465 minor
1372 1400 1521 1480 penuria
1535 1418 1596 1464 ex-

368 1516 573 1590 pugnasset.

427 1616 498 1679 696.
541 1614 693 1696 Aliquae
705 1614 811 1679 etiam
821 1614 1180 1695 aliaeagravissimis
1193 1616 1352 1696 peccatis
1362 1616 1431 1679 hac
1445 1614 1593 1679 salutari

367 1722 542 1788 medicina
555 1730 747 1786 revocatae
761 1722 914 1799 iueruuq
931 1730 966 1785 et
980 1738 1051 1785 una
1065 1738 1199 1800 earum,
1214 1733 1404 1802 postquam
1417 1721 1464 1785 ad
1475 1738 1594 1786 saera·

367 1839 485 1894 menta
506 1829 631 1893 crebro
656 1828 876 1905 accessisset,
903 1827 948 1892 ad
973 1845 1166 1893 conversas
1184 1846 1223 1892 se
1244 1828 1403 1893 contulit.
1424 1827 1507 1893 Alia
1525 1828 1594 1892 boe

365 1936 482 2017 ipsum
496 1935 665 2013 decrevit;
682 1943 716 2000 et
731 1934 849 1999 multis
864 1934 933 1997 hoc
948 1951 1014 1997 usu
1029 1934 1194 1999 veniebat
1211 1952 1257 1999 ex
1271 1934 1339 2013 his,
1355 1951 1446 2016 quae
1461 1935 1593 1999 nostris

365 2042 633 2119 confitebantur,
652 2050 693 2105 ut
711 2041 757 2105 ad
775 2041 984 2121 religionem
1004 2036 1202 2123 propensae
1220 2040 1456 2120 efficerentur;
1476 2051 1512 2106 et
1532 2042 1591 2105 ali-

366 2166 456 2231 quae
468 2164 514 2211 ex
524 2148 581 2213 his
592 2148 681 2212 alias
692 2148 738 2211 ad
750 2147 1010 2213 consessionem
1023 2148 1256 2213 adducebant.
1268 2148 1347 2213 Hoc
1359 2148 1473 2213 officio
1488 2167 1593 2230 quae·

365 2256 447 2322 dam
460 2253 582 2320 functa
597 2264 650 2319 est
664 2262 737 2319 tam
752 2254 893 2331 utiliter,
911 2265 949 2318 ut
964 2272 1045 2319 cum
1060 2254 1150 2319 duas
1167 2256 1334 2321 mulieres
1349 2252 1592 2338 [offendisset]

365 2379 513 2443 quarum
530 2364 642 2426 altera
657 2362 758 2425 alteri
773 2362 1012 2443 persuadebat
1026 2362 1160 2443 aliquid
1174 2380 1302 2444 parum
1311 2364 1459 2428 honeste
1470 2381 1590 2444 perpe·

364 2479 472 2550 trare,
489 2478 638 2559 utraque
652 2468 698 2534 ad
712 2467 905 2533 Dominum
919 2486 1096 2533 conversa
1114 2480 1150 2533 et
1171 2480 1321 2550 peccata
1339 2488 1405 2535 sua
1429 2472 1593 2536 confessa

362 2576 481 2642 inerit.
496 2574 578 2640 Alia
590 2575 697 2639 etiam
708 2574 810 2639 sortis
821 2575 948 2640 mulier
960 2576 1086 2640 merito
1097 2575 1380 2640 commendanda
1393 2578 1469 2657 luit,
1486 2596 1590 2660 quae,

365 2685 533 2765 quamvis
548 2682 738 2764 iuvencula
759 2692 865 2760 esset,
886 2700 968 2746 cum
991 2683 1035 2747 ab
1056 2683 1127 2748 alia
1151 2693 1429 2766 oppugnaretur,
1456 2685 1592 2750 viribus

362 2791 461 2871 prius
473 2806 534 2871 per
546 2789 811 2856 consessionem
819 2789 1021 2870 assumptis,
1032 2807 1104 2854 non
1116 2791 1230 2855 solum
1241 2805 1313 2854 non
1323 2793 1515 2870 consensit,
1527 2793 1612 2858 sed·

361 2897 476 2978 ipsam
492 2897 797 2978 oppugnatricem,
814 2896 882 2961 Dei
895 2899 1015 2977 gratia
1030 2897 1222 2978 aspirante,
1238 2898 1284 2962 ad
1298 2898 1489 2964 Dominum
1509 2917 1591 2965 con·

361 3005 471 3068 vertit
487 3003 582 3067 etad
597 3003 856 3068 confessionem
871 3002 1036 3084 adduxit;
1051 3013 1173 3070 ettam
1188 3003 1339 3070 difficilis
1352 3003 1428 3086 ejus
1443 3023 1590 3072 conver-

361 3110 414 3173 sio
433 3107 635 3188 videbatur,
652 3119 690 3173 ut
710 3109 836 3173 merito
851 3108 994 3173 divinae
1013 3110 1155 3190 gratiae
1173 3109 1257 3174 talis
1282 3111 1432 3176 victoria
1458 3114 1590 3178 adscri-

361 3225 422 3297 pta
436 3216 494 3280 sit.

418 3321 489 3385 697.
532 3320 655 3403 Aliqui
690 3323 820 3401 etiam,
850 3324 909 3404 qui
937 3323 983 3386 ad
1008 3322 1206 3404 Collegium
1231 3326 1421 3390 veniebant
1447 3339 1591 3409 propter

357 3427 460 3506 filioS,
485 3427 545 3508 qui
567 3428 602 3492 in
623 3428 755 3492 scholis
778 3429 1029 3507 versabantur,
1050 3431 1107 3493 vel
1126 3430 1172 3494 ad
1193 3431 1264 3494 alia
1285 3432 1459 3512 quaedam
1482 3453 1590 3516 opera

358 3535 566 3610 domestica,
585 3534 630 3599 ad
646 3533 917 3614 consessionem,
934 3535 978 3601 de
993 3553 1063 3615 qua
1083 3537 1171 3600 nihil
1191 3538 1407 3618 cogitabant,
1429 3551 1511 3604 sunt
1530 3543 1589 3606 ad·

357 3640 464 3706 ducti.
482 3640 562 3705 Fuit
578 3641 718 3724 aliquis
734 3642 806 3722 qui,
824 3659 905 3706 cum
920 3642 1049 3722 viginti
1060 3643 1163 3706 annis
1175 3644 1359 3709 confessus
1370 3663 1442 3710 non
1452 3647 1588 3729 suisset,

356 3747 572 3829 gravissimo
587 3765 694 3812 onere
710 3765 774 3829 per
789 3747 1050 3812 consessionem
1070 3750 1243 3831 deposito,
1266 3751 1372 3816 finem
1393 3771 1465 3817 non
1482 3753 1588 3820 facie·

357 3857 417 3920 bat
442 3854 652 3918 charitatem
678 3865 883 3919 nostrorum
910 3855 1182 3921 commendandi
1211 3868 1246 3921 et
1275 3875 1314 3922 se
1342 3860 1481 3925 felicem
1508 3879 1589 3943 pro·

355 3959 489 4026 fitendi.

415 4067 486 4132 698.
530 4068 714 4148 Quaedam
729 4070 837 4133 etiam
851 4071 982 4135 nobilis
996 4070 1152 4135 hebraea
1174 4081 1209 4135 et
1228 4074 1406 4154 opulenta,
1424 4091 1516 4155 quae
1534 4093 1590 4141 sa-

354 4273 490 4328 luluErgo
501 4275 586 4326 presb.
597 4273 676 4319 Card.
688 4281 719 4320 tt.
732 4286 754 4319 s.
764 4273 892 4322 Matthaei
902 4279 929 4322 ln
939 4275 1075 4322 liernlsna
1084 4278 1232 4333 insignitus,
1243 4279 1353 4325 Romam
1369 4281 1483 4327 veniens.
1494 4281 1521 4328 ln
1530 4294 1589 4338 per·

354 4349 482 4400 potusque
494 4345 541 4388 illa
550 4345 765 4390 continentissimi
776 4347 854 4392 animi
866 4350 1058 4404 tranquillitate
1069 4351 1263 4405 conquiescens,
1272 4363 1349 4407 quant
1357 4353 1485 4404 sluaularl
1493 4356 1590 4409 magni·

354 4415 442 4464 tudine
458 4415 613 4470 contempsit
629 4417 748 4470 gloriam.
764 4420 865 4463 cumulo
881 4420 966 4464 laudis
979 4421 1139 4475 amplissimo
1154 4430 1317 4476 consecutus,
1326 4424 1394 4468 obiit
1408 4423 1506 4470 Romae
1520 4437 1588 4471 anno

354 4486 452 4532 Cltrlstl
464 4487 523 4536 1571.
534 4488 632 4532 aetatis
640 4488 676 4540 63.
686 4489 728 4534 dle
738 4501 755 4533 x
763 4489 821 4535 Kal.
829 4489 970 4536 Novembr.
980 4499 1006 4537 et
1016 4492 1042 4538 in
1052 4491 1154 4538 Eccles.
1164 4506 1185 4538 s
1194 4493 1286 4540 Crucis
1296 4496 1322 4540 ln
1332 4494 1506 4552 Hierusalem,
1518 4509 1587 4542 snar-

355 4567 446 4604 ntoreo
462 4559 582 4612 sepulcro
596 4569 613 4603 a
630 4561 763 4606 monacbis
778 4560 1018 4609 clarevallensibus
1032 4573 1140 4610 ornatus
1155 4565 1226 4621 sula„
1236 4565 1363 4623 Ctacotttt,
1380 4567 1456 4613 Vitae
1470 4573 1587 4624 segesta

356 4631 531 4676 Summarum
544 4630 731 4686 Pontificum...
742 4633 786 4678 lib.
796 4635 817 4687 2,
827 4645 887 4690 pag.
899 4635 960 4680 1207.
