3642 5350
717 440 730 475 ‚¹
769 418 941 493 mum
1385 416 1478 520 aa

247 564 312 645 suit
325 564 504 645 liberatus.
516 576 757 661 Alterum,qui
769 579 813 643 ob
824 578 939 645 levem
950 578 1140 644 admodum
1151 594 1297 643 causam
1307 576 1343 641 iu
1358 595 1477 643 careae

248 704 325 753 rem
346 697 423 752 erat
446 686 627 768 conjectus
647 704 733 751 cum.
745 688 852 767 gravi
872 704 958 751 suae
976 686 1132 751 familiae
1150 686 1375 766 detrimento,
1395 686 1477 750 libe·

248 795 397 859 randum
415 804 448 859 et
464 794 567 859 uxori
588 801 623 857 et
636 792 717 858 filiis
737 782 992 858 restituendum
1011 801 1191 858 curarunt.
1213 793 1333 857 Alium
1356 792 1477 872 etiam,

250 894 351 983 eujus
364 902 457 966 bona
472 909 507 968 et
524 899 797 983 fideijussionem
817 900 1008 983 quamdam
1026 901 1164 983 publice
1184 900 1374 965 divendere
1397 916 1478 964 cum

253 990 390 1074 summo
404 1008 480 1091 ejus
494 1007 624 1073 damno
638 994 815 1089 volebant,
832 1008 906 1073 suis
920 1009 1083 1091 precibus
1098 1007 1192 1089 apud
1206 1007 1360 1088 judicem
1378 1003 1477 1088 Juve-

252 1100 346 1197 runt,
362 1124 400 1180 ut
413 1116 534 1181 mitius
547 1134 629 1181 cum
643 1134 685 1180 eo
701 1124 878 1197 ageretur.
893 1114 939 1179 Et
951 1116 1020 1179 alia
1036 1113 1217 1195 ejusmodi,
1233 1115 1402 1179 beneficia
1414 1116 1477 1179 mi·

252 1222 342 1289 seris
357 1223 425 1288 illis
441 1224 641 1288 hominibus
655 1222 881 1303 conserendo,
898 1223 1082 1287 curabant.

275 1366 278 1371 -
312 1330 398 1394 1231.
441 1330 721 1412 Aegrotantibus
733 1330 768 1396 in
780 1330 1013 1411 xenodochio,
1026 1339 1229 1395 nostrorum
1241 1320 1360 1411 opera,
1372 1344 1479 1413 saepe

248 1438 459 1503 subventum
477 1447 541 1503 est.

312 1544 399 1609 1232.
443 1544 560 1625 Quam
573 1546 662 1611 bene
678 1555 797 1610 autem
811 1545 940 1610 civitas
954 1545 997 1609 de
1011 1545 1143 1609 nostris
1154 1545 1311 1625 sentiret,
1325 1543 1477 1625 judicari

251 1660 390 1733 poterat
405 1668 450 1716 ex
464 1652 645 1717 hominum
662 1670 850 1733 concursu,
868 1650 953 1735 [qui]
970 1654 1013 1717 ad
1025 1662 1167 1717 nostros
1178 1635 1214 1716 in
1226 1654 1299 1716 suis
1313 1653 1479 1733 periculis
1501 1640 1504 1646 ’

255 1776 297 1823 ac
313 1758 494 1823 laboribus
509 1759 613 1824 fiebat
628 1768 661 1824 et
677 1759 808 1824 eisdem
824 1759 984 1823 confiteri
998 1760 1197 1840 cupiebant.

315 1862 404 1930 1233.
447 1865 584 1931 Placuit
598 1874 716 1931 autem
736 1866 877 1939 divinae
897 1867 1047 1930 bonitati
1068 1875 1106 1930 ut
1125 1866 1249 1948 primis
1268 1866 1335 1929 illis'
1355 1865 1481 1929 mensi·

251 1974 316 2037 bus
331 1960 447 2037 nullus
462 1973 594 2038 frustra
610 1973 778 2038 auxilium
793 1992 814 2036 a
829 1974 962 2038 nostris
976 1981 1123 2056 peteret.

317 2078 404 2145 1234.
447 2080 589 2162 Insigne
603 2091 722 2146 autem
737 2081 821 2146 illud
832 2080 900 2145 Dei
915 2081 1047 2145 donum
1057 2079 1133 2160 fuit,
1147 2080 1252 2162 quod,
1268 2099 1348 2146 cum
1359 2081 1478 2147 vicina

251 2190 424 2270 quaedam
449 2189 597 2265 mulier,
623 2189 712 2253 duos
734 2186 808 2269 jam
834 2189 908 2253 dies
934 2190 970 2253 in
997 2198 1103 2270 partu
1130 2188 1297 2253 laborans
1312 2225 1326 2267 ,·
1349 2204 1477 2270 parere

251 2305 368 2360 tamen
394 2312 465 2360 non
483 2304 615 2376 posset,
637 2312 714 2375 nec,
743 2295 907 2361 adhibitis
932 2296 1051 2359 multis
1074 2296 1249 2374 remediiS,
1278 2295 1353 2377 ejus
1377 2296 1480 2360 dolor

253 2402 487 2484 mitigaretur3
510 2402 604 2467 misit
626 2402 672 2467 ad
696 2411 849 2483 nostros
876 2412 915 2465 ut
940 2402 1007 2483 ipsi
1022 2401 1261 2466 subvenirent.
1286 2400 1481 2483 Respondit

255 2508 292 2575 P.
309 2510 532 2575 Eleutherius
547 2527 585 2574 se
601 2528 672 2574 non
686 2527 763 2573 esse
778 2510 966 2588 medicum,
980 2527 1044 2573 nec
1056 2508 1213 2573 divinam
1224 2509 1356 2573 habere
1366 2508 1479 2573 virtu·

255 2626 342 2698 tem,
363 2626 402 2683 ut
420 2626 540 2699 posset
558 2634 638 2683 eam
659 2616 779 2682 dolore
799 2617 967 2697 liberare;
988 2616 1153 2699 quamvis
1173 2615 1250 2682 Deo
1269 2615 1365 2681 illam
1385 2631 1480 2681 com·

258 2726 425 2790 mendare
439 2734 589 2806 poterat.
607 2725 706 2805 Cum,
723 2742 813 2806 quae
825 2725 955 2788 missae
965 2723 1117 2803 lucrant,
1132 2723 1329 2804 aprecibus
1340 2740 1411 2788 non
1426 2723 1484 2787 de·

259 2835 434 2913 sisterent,
451 2833 645 2898 remedium
664 2831 806 2914 aliquod
829 2832 993 2913 petendo,
1019 2832 1138 2896 victus
1162 2848 1285 2895 earum
1305 2831 1482 2913 precibus,

255 2959 385 3023 aquam
398 2941 619 3005 benedictam
641 2941 692 3004 eis
712 2941 825 3018 dedit,
850 2938 1044 3004 admonens
1064 2947 1102 3002 ut
1116 2939 1257 3018 signum
1272 2938 1484 3003 cruciscum

254 3047 378 3114 eadem
393 3043 483 3129 aq'ua
499 3049 534 3112 in
549 3047 666 3112 fronte
680 3057 714 3112 et
728 3055 872 3128 pectore
887 3056 922 3111 et
936 3057 1061 3110 ventre
1071 3047 1300 3128 parturientis
1310 3045 1481 3124 lacerent,

255 3163 288 3220 et
301 3156 481 3220 orationes
496 3167 697 3220 nostrorum
713 3155 848 3235 obtulit;
864 3171 1053 3236 quaecum
1075 3154 1170 3218 domi
1184 3152 1301 3218 sactae
1319 3153 1482 3232 fuissent,

255 3273 290 3328 et
309 3262 390 3327 illae
409 3263 516 3327 etiam
536 3263 765 3341 obediissent,
788 3261 880 3325 intra
904 3262 993 3325 duas
1012 3261 1132 3339 boras,
1154 3259 1304 3325 feliciter
1328 3259 1484 3342 pariens,

256 3371 437 3436 dolor-ibus
451 3372 600 3436 liberata
620 3370 701 3435 suit.¹

293 3489 297 3519 ³
318 3475 752 3558 1235.--s1nit10Maji.cum
769 3476 914 3560 iubilaei
926 3475 1080 3557 gratiam
1089 3473 1486 3556 Bibonaeaccepissent,

255 3585 355 3651 multi
371 3584 669 3650 acl-consessiones
690 3585 933 3662 confluebant,
950 3583 1077 3663 quibus
1096 3583 1258 3647 omnibus
1278 3580 1444 3646 satisfieri
1464 3595 1486 3644 a

256 3693 473 3760 nostris'non
488 3693 613 3774 potuit;
628 3710 711 3757 nam
726 3693 949 3771 sacerdoteS,
971 3691 1078 3754 etiam
1093 3689 1270 3770 religiosi,
1292 3706 1372 3753 cum
1394 3687 1488 3752 dice·

257 3809 335 3867 'rent
350 3819 389 3865 se
404 3817 476 3865 non
495 3801 607 3865 teneri
626 3809 728 3865 extra
748 3799 902 3880 Pascha,
927 3798 1022 3880 quod
1041 3799 1078 3862 in
1097 3796 1378 3879 Quadragesima
1398 3793 1488 3859 satis

257 3909 294 3974 in
319 3907 514 3973 ministerio
539 3905 802 3972 confessionum
834 3907 1102 3984 laboraverant,
1128 3903 1347 3985 poenitentes
1366 3900 1489 3965 audire

257 4016 486 4095 recusabant,
502 4023 537 4079 et
552 4033 594 4079 eo
608 4017 728 4096 plures
751 4015 796 4078 ad
811 4023 953 4078 nostros
967 4011 1243 4090 conveniebant;
1257 4017 1292 4074 et
1306 4009 1355 4073 ita
1364 4020 1489 4073 eorum

259 4129 367 4206 opera
383 4123 518 4187 multos·
526 4122 646 4187 divina
661 4121 801 4186 bonitas
816 4137 836 4184 a
854 4119 1047 4185 daemonis
1061 4119 1196 4200 laqueis
1210 4117 1371 4198 eripuit.-v

322 4230 410 4294 1236.
457 4227 525 4294 Die
545 4229 686 4294 veneris
707 4237 788 4293 ante
803 4228 1036 4292 Pentecosten
1055 4225 1094 4289 P.
1111 4225 1271 4290 Marinus
1291 4220 1488 4288 evocatus*

257 4337 501 4418 fnitr'afjudiee
519 4346 558 4401 ut
584 4337 693 4401 trium
716 4336 897 4400 hominum
916 4333 1159 4397 confessiones
1179 4331 1336 4411 audiret,
1351 4325 1414 4413 qui
1431 4348 1489 4413 po-

260 4446 383 4512 stridie
398 4445 514 4528 capite
528 4443 711 4527 plectendi
725 4454 839 4524 erant,
852 4441 1034 4506 neefacile'
1047 4435 1490 4520 inveniebaturcqninujua

257 4717 262 4728 -
303 4693 312 4736 t
348 4690 416 4739 Vide
426 4701 514 4750 supra,
526 4695 546 4736 t.
556 4689 576 4743 5,
588 4701 647 4747 pag.
659 4689 708 4746 223,
719 4701 743 4734 n.
753 4687 801 4734 oti.
