3642 5350
861 445 926 504 Au.
948 446 1018 506 turo
1523 448 1561 508 23

336 595 400 658 vix
410 603 549 674 tempus
563 594 698 658 habens
713 593 759 656 ad
773 579 1031 672 respirandum,
1052 594 1087 657 in
1102 593 1331 659 Brabantiam
1351 611 1431 659 curn
1446 595 1575 683 Lege.

330 711 368 766 to
381 702 510 765 missus
535 710 590 764 est
606 699 627 780 ¹3
647 710 682 764 et
700 701 769 764 hoc
790 700 915 764 eodem
936 717 1031 764 anno
1052 718 1135 765 cum
1148 701 1284 782 Legato
1310 702 1391 766 inde
1406 700 1557 767 Romam

330 807 446 887 rediit,
473 807 638 888 quamvis
665 804 811 870 inferius
832 805 917 888 quid
944 807 981 870 in
1002 806 1071 871 hac
1098 809 1277 887 legatione
1299 810 1345 873 sit
1364 818 1485 873 actum
1504 827 1558 873 re·

330 914 464 978 feretur
478 912 501 978 ¹.

391 1019 442 1083 58.
485 1017 602 1082 Patris
617 1017 736 1083 Olavii
751 1019 961 1100 designatio,
974 1021 1138 1099 quamvis
1150 1039 1221 1085 non
1236 1038 1362 1102 parum
1373 1023 1557 1102 placuerat

326 1125 476 1190 Summo
491 1124 664 1204 Pontifici,
688 1126 733 1189 ab
753 1124 876 1190 eodem
894 1126 1124 1191 nihilominus
1141 1126 1218 1207 ejus
1237 1128 1436 1208 designatio
1455 1145 1557 1193 revo-

328 1243 413 1296 cata
426 1231 501 1311 luit,
513 1249 609 1310 nam,
622 1249 703 1296 cum
715 1244 883 1312 ageretur
894 1232 1028 1298 Romae
1040 1234 1083 1298 de
1094 1235 1200 1298 rebus
1211 1235 1256 1298 ad
1268 1236 1557 1300 reformationem

330 1337 615 1420 pertinentibus⁸
639 1351 675 1404 et
700 1338 857 1420 eiusdem
882 1339 998 1403 Patris
1020 1358 1129 1421 opera
1151 1359 1193 1405 ac
1215 1340 1331 1406 Patris
1354 1341 1499 1423 Laynez
1521 1343 1557 1406 in

327 1445 691 1526 Congregationibus,
710 1463 802 1527 quae
823 1463 945 1510 coram
962 1447 1132 1510 Pontifice
1151 1447 1294 1527 fiebant,
1314 1449 1418 1512 valde
1432 1450 1556 1529 proba·

327 1562 442 1631 retur,
457 1553 610 1616 retinere
625 1552 741 1633 ipsum
755 1551 889 1616 Rornae
903 1555 1027 1617 maluit
1041 1571 1148 1633 quam
1163 1572 1243 1618 cum
1261 1565 1390 1634 nepote
1404 1556 1554 1620 mittere.

391 1660 444 1723 59.
485 1659 623 1723 Eodem
641 1669 812 1739 tempore,
829 1675 908 1723 cum
925 1659 1054 1724 Diaeta
1068 1659 1254 1740 Augustae
1269 1662 1507 1726 celebraretur
1522 1674 1557 1726 et

327 1767 380 1831 ad
393 1784 472 1830 eam
488 1765 687 1830 Cardinalis
701 1747 962 1846 Augustanus*
988 1769 1117 1831 missus
1143 1778 1248 1848 esset,
1272 1770 1476 1848 theologum
1497 1786 1556 1850 po-

337 1872 484 1936 stulavit
507 1872 600 1936 idem
615 1871 790 1950 Pontifex,
806 1872 990 1953 praedicto
1009 1873 1198 1940 Cardinale
1216 1884 1441 1955 suggerente;
1462 1883 1497 1939 et
1511 1875 1556 1939 ad

329 1980 368 2043 id
383 1979 591 2058 designatus
604 1989 658 2042 est
672 1979 710 2042 P.
729 1979 903 2055 Canisius;
919 1991 953 2043 et
965 1979 1132 2061 quamdiu
1144 1979 1273 2045 Diaeta
1284 1981 1438 2062 duravit,
1454 2000 1556 2046 suam

329 2103 490 2167 operam,
505 2095 543 2148 ut
557 2085 641 2149 alibi
654 2083 789 2148 dicetur
803 2083 826 2164 ⁸,
847 2087 1034 2166 praestitit.

393 2191 443 2255 60.
486 2189 559 2256 Sub
579 2192 719 2256 initium
742 2192 929 2256 Februarii
952 2210 1033 2258 eum
1052 2193 1218 2259 Summus
1236 2194 1409 2275 Pontifex,
1430 2195 1558 2260 litteris

329 2297 557 2377 Ferdinandi,
584 2297 825 2362 Romanorum
844 2296 966 2379 Regis,
987 2302 1203 2380 admonitus,
1224 2301 1322 2367 Patri
1344 2303 1483 2382 Ignatio
1504 2303 1558 2365 in-

323 2404 505 2485 junxisset
518 2414 557 2470 ut
572 2405 758 2470 duodecim
773 2405 818 2470 ad
834 2406 1031 2486 Collegium
1042 2407 1221 2488 Pragense
1233 2408 1471 2473 inchoandum
1482 2410 1558 2475 mit·

332 2522 434 2590 teret,
455 2513 583 2576 horum
603 2522 710 2593 caput
733 2512 942 2593 designatus
961 2523 1015 2578 est
1036 2514 1074 2577 P.
1095 2515 1287 2580 Ursmarus
1307 2515 1511 2597 Goysonius
1531 2515 1555 2595 ⁰,

327 2619 395 2700 qui
408 2618 546 2683 decima
567 2619 623 2684 die
640 2618 825 2684 Februarii
849 2620 954 2684 simul
975 2637 1056 2686 cum
1075 2620 1112 2685 Ρ.
1134 2621 1297 2687 Cornelio
1312 2621 1557 2703 Brogelmans,
1656 2606 1660 2615 ’

332 2728 370 2791 in
384 2726 591 2791 Bohemiam
605 2728 711 2792 etiarn
727 2728 907 2808 mittend0,
925 2729 1180 2809 professionem
1200 2732 1393 2794 solemnem
1407 2740 1559 2811 quatuor

331 2842 497 2897 votorum
521 2834 557 2898 in
575 2834 739 2898 manibus
752 2833 870 2899 Patris
883 2835 1029 2915 Laynez
1047 2836 1173 2899 emisit.
1190 2836 1322 2902 Omnes
1344 2848 1473 2918 autem,
1500 2837 1560 2919 qui

331 2940 526 3020 profecturi
552 2952 665 3019 erant,
692 2940 738 3003 ad
762 2939 945 3005 Summum
972 2941 1188 3022 Pontificem,
1217 2953 1256 3007 ut
1279 2944 1560 3009 benedictionem

329 3047 548 3127 acciperent,
569 3047 667 3109 missi
685 3057 778 3127 sunt,
800 3048 860 3128 qui
878 3050 1065 3129 praeclara
1085 3049 1332 3114 exhortatione
1350 3067 1413 3114 eos
1428 3052 1560 3114 anima·

334 3153 387 3216 vit
401 3162 451 3232 ut,
467 3164 650 3235 tamquam
665 3170 751 3219 oves
766 3156 801 3218 in
816 3155 933 3218 medio
949 3156 1111 3235 luporum
1126 3156 1235 3236 missi,
1257 3174 1328 3221 non
1346 3158 1462 3221 solum
1481 3175 1560 3238 ope-

332 3276 413 3322 ram
428 3276 541 3339 suam,
558 3259 632 3339 sed,
648 3260 679 3323 si
693 3277 782 3341 opus
801 3272 905 3341 esset,
927 3262 1034 3325 etiam
1053 3262 1166 3326 vitam
1185 3264 1231 3327 ad
1249 3262 1316 3327 Dei
1337 3265 1509 3329 honorem
1527 3272 1562 3328 et

331 3382 525 3430 commune
540 3368 672 3431 bonum
685 3378 918 3449 exponerent;
935 3377 970 3432 et
983 3370 1116 3433 viatico
1128 3381 1286 3452 accepto,
1302 3372 1397 3436 eirca
1409 3371 1562 3436 medium

335 3472 519 3537 Februarii
536 3472 647 3537 Roma
662 3473 812 3554 profecti
826 3485 919 3554 sunt,
936 3485 970 3540 et
985 3475 1163 3541 Viennam
1182 3478 1308 3559 primo,
1331 3479 1457 3544 deinde
1476 3478 1563 3543 Pra-

327 3598 420 3661 gam
435 3591 684 3661 pervenerunt,
701 3580 745 3646 de
759 3582 884 3662 quibus
898 3581 1045 3647 inferius
1060 3600 1125 3648 suo
1139 3586 1219 3649 loco
1235 3595 1362 3665 agetur
1378 3586 1400 3650 ⁷.

397 3686 448 3749 61.
491 3686 637 3751 Praeter
662 3688 762 3768 alios,
786 3690 845 3769 qui
866 3688 1052 3770 Neapolim
1072 3691 1172 3754 missi
1192 3692 1343 3769 fuerant,
1364 3696 1494 3774 partim
1517 3696 1563 3758 ad

334 3792 588 3872 ¹sacerdotalia,
604 3795 734 3874 partim
748 3796 794 3860 ad
814 3795 1016 3859 scholarum
1034 3796 1239 3877 ministeria,
1261 3798 1329 3861 hoc
1348 3818 1441 3864 anno
1461 3802 1562 3865 colle·

339 3988 553 3999 ——...

307 4096 318 4121 ⁴
360 4102 387 4219 ἒ
414 4102 478 4149 Vide
489 4104 585 4149 Carras
598 4105 631 4150 de
642 4106 698 4149 San
714 4106 833 4161 Ignacio,
843 4113 861 4151 t.
872 4117 909 4161 va,
919 4118 979 4161 pag.
989 4107 1087 4153 att-att:
1102 4110 1256 4153 Recuerdos
1266 4122 1299 4155 en
1309 4112 1337 4155 la
1347 4112 1394 4156 ida
1410 4114 1444 4158 de
1454 4114 1481 4157 la
1492 4117 1564 4159 corte

384 4174 491 4221 landes.

374 4247 386 4280 ⁹
411 4247 479 4291 Vide
489 4248 567 4303 infra,
576 4261 601 4293 n.
611 4249 646 4300 85:
656 4256 683 4293 et
695 4248 791 4293 cartas
800 4251 834 4293 de
844 4250 900 4295 San
910 4250 1026 4305 rgnacro.
1036 4258 1056 4295 t.
1066 4262 1102 4306 vr,
1113 4263 1174 4306 pag.
1184 4252 1231 4305 1130,
1241 4263 1329 4300 annot.
1340 4256 1362 4301 6.

374 4315 387 4348 ⁸
413 4316 479 4361 Vide
490 4330 576 4374 supra,
587 4330 647 4374 pag.
657 4320 678 4370 ⁹,
686 4332 711 4364 n.
722 4320 747 4363 16
756 4328 782 4363 et
793 4321 825 4364 17.

374 4389 386 4422 ⁴
413 4387 474 4433 Otto
484 4390 638 4436 Trutclteeas
647 4402 698 4435 uon
707 4391 861 4447 waldburg.
869 4392 1026 4449 Saepissime
1037 4394 1068 4437 de
1077 4395 1126 4439 hoc
1140 4397 1198 4440 viro
1209 4398 1328 4452 superius
1342 4404 1430 4443 actum
1442 4405 1491 4445 est:
1501 4400 1561 4444 vide

327 4461 415 4504 etiam
425 4460 501 4511 infru.
512 4473 536 4505 n.
546 4463 594 4507 ⁶5⁶.
664 4508 666 4511 .

375 4532 387 4565 ὅ
414 4531 666 4585 lanfrancum.
734 4533 737 4541 “

375 4600 388 4635 ⁶
415 4602 483 4719 §ide
493 4605 587 4719 ianas
598 4606 631 4651 de
643 4607 699 4651 San
709 4608 828 4663 Ignacfo,
836 4616 855 4656 t.
865 4622 901 4665 vr,
910 4621 972 4665 pag.
981 4612 1071 4655 452451
1080 4617 1106 4656 et
1119 4611 1216 4658 tua-1³6.

377 4676 387 4707 ¹
440 4676 496 4721 ,151
521 4684 608 4733 etseq.
