3642 5350
809 392 874 452 Art.
895 391 967 452 1556
1450 392 1507 449 575

173 579 178 592 ·
266 539 343 602 fere
358 538 511 604 confessi
526 538 673 626 fuerint,
688 555 799 621 supra
813 538 998 618 octoginta
1012 554 1059 602 ex
1073 538 1144 602 illis
1158 539 1304 603 nomina
1318 555 1384 603 sua
1399 538 1504 604 dede·

267 655 352 710 runt
367 645 414 710 ad
426 645 685 727 frequentanda
698 653 938 710 sacramenta.

332 751 425 818 2480.
466 753 589 834 Aliqui
602 753 710 818 etiam
730 771 775 817 ex
795 752 874 817 liliis
896 752 1110 817 nobiliorum
1127 752 1287 834 ejusdem
1305 753 1427 835 oppidi
1446 751 1502 820 Si·

269 877 438 936 maocas,
453 859 514 940 qui
528 876 661 941 magna
676 877 757 924 cum
771 859 915 924 licentia
932 861 1115 940 vixerant,
1133 877 1213 924 sese
1226 860 1332 926 valde
1351 861 1504 941 college·

269 977 367 1049 runt,
382 975 417 1031 et
431 968 594 1047 exemplo
609 984 695 1031 suae
710 966 928 1047 mutationis,
946 967 1036 1031 alios
1050 967 1222 1032 advitam
1237 969 1274 1032 in
1288 969 1415 1033 melius
1428 986 1504 1034 mu·

270 1074 420 1138 tandum
434 1073 648 1138 excitarunt.
1084 1073 1090 1086 ’

331 1179 423 1245 2481.
466 1180 584 1245 Etiam
604 1179 776 1262 Magister
795 1179 980 1246 Montesae
996 1180 1005 1215 ¹
1031 1191 1067 1245 et
1086 1180 1262 1246 Dominus
1280 1181 1440 1246 Thomas
1459 1183 1504 1246 de

270 1287 421 1368 Borgia,
438 1287 568 1352 fratres
584 1288 622 1351 P.
637 1287 839 1363 Francisci,
855 1289 990 1352 nostris
1004 1286 1159 1352 confessi
1173 1297 1272 1353 sunt:
1288 1299 1324 1352 et
1338 1289 1501 1368 ipsismet
1523 1289 1527 1299 '

269 1395 458 1475 oppidanis
471 1411 617 1458 suorum
632 1393 813 1475 profectus
829 1395 1058 1458 admirationi
1072 1403 1166 1474 erat,
1183 1405 1218 1459 et
1240 1413 1312 1459 non
1332 1396 1502 1476 exiguum

270 1502 402 1566 nostris
423 1503 561 1580 calcar,
578 1511 617 1588 ut
631 1520 670 1564 se
685 1500 730 1565 ad
747 1502 928 1566 anteriora
943 1500 1191 1582 extenderent,
1215 1501 1384 1581 addebat,
1406 1503 1504 1584 quod
1581 1551 1584 1556 -

266 1609 400 1672 laicum
419 1609 587 1689 populum
609 1607 660 1671 sle
680 1607 852 1689 prolicere
867 1607 1047 1688 viderent,
1068 1617 1200 1672 etcum
1219 1610 1283 1673 vix
1301 1609 1388 1674 illud
1407 1610 1505 1691 oppi-

268 1714 355 1779 dum
370 1703 650 1794 ouadrlngentas
665 1714 794 1778 habeat
806 1714 979 1792 familias,
1003 1724 1148 1778 centum
1168 1725 1203 1778 et
1218 1733 1261 1779 eo
1281 1716 1433 1796 amplius
1448 1733 1504 1780 sa·

267 1833 454 1886 eramenta
467 1820 762 1902 frequentabant;
788 1839 880 1902 quae
900 1839 959 1886 res
978 1831 1061 1886 ante
1082 1832 1285 1888 nostrorum
1310 1823 1519 1888 adventum

271 1944 419 2008 prorsus
440 1928 581 1992 insolita
600 1939 698 2007 erat;
720 1938 755 1990 et
773 1927 922 2008 triginta
942 1938 976 1992 et
992 1929 1144 2008 amplius
1164 1947 1209 1993 ex
1228 1929 1309 1994 filiis
1335 1929 1504 2011 familias,

270 2035 485 2099 nobiliorum
499 2033 572 2114 lilii,
589 2035 681 2098 inter
702 2033 905 2114 hujusmodi
924 2034 1052 2098 crebro
1072 2036 1376 2100 communicantes
1389 2046 1504 2117 erant,

270 2158 353 2206 cum
367 2141 466 2222 prius
481 2151 576 2206 totas
590 2150 713 2205 noctes
728 2158 791 2222 per
806 2141 908 2205 vicos
922 2139 1087 2205 incedere
1101 2142 1198 2206 soliti
1213 2153 1343 2207 essent.

331 2247 423 2312 2482.
466 2247 626 2312 Cavebat
650 2257 769 2312 autem
790 2248 821 2311 is
840 2249 992 2328 populus
1017 2247 1206 2329 diligenter
1222 2248 1505 2330 juramentorum

271 2357 421 2420 abusum
446 2365 481 2419 et
504 2354 745 2419 detractiones
766 2355 1036 2436 proximorum
1060 2364 1094 2418 et
1115 2372 1160 2419 ne
1180 2357 1370 2438 quisquam
1388 2375 1434 2421 ex
1454 2358 1506 2422 eis

270 2463 480 2542 frigesceret
494 2462 538 2525 ab
554 2471 703 2543 accepto
718 2461 978 2526 emendationis
992 2461 1090 2526 vitae
1106 2463 1303 2544 proposito,
1317 2474 1351 2528 et
1365 2463 1506 2528 cuidam

270 2569 382 2633 exeis
397 2585 520 2633 curam
534 2568 662 2650 reliqui
678 2568 849 2643 dederant
864 2577 903 2632 ut
918 2569 1008 2632 alios
1023 2569 1210 2646 animaret,
1223 2579 1258 2633 et
1272 2570 1303 2632 si
1317 2571 1398 2652 quis
1411 2571 1506 2634 labe·

269 2686 379 2757 retur,
399 2676 608 2757 erigendum
632 2677 753 2741 statim
773 2677 971 2756 curabant;
998 2677 1092 2758 quod
1118 2676 1259 2742 cuidam
1284 2677 1436 2758 accidit,
1460 2678 1507 2743 ad

269 2800 376 2865 quem
389 2784 450 2848 alli
464 2784 691 2862 accedentes,
708 2801 790 2849 eum
803 2801 986 2866 nunquam
997 2785 1226 2865 reliquerunt,
1240 2785 1354 2848 donec
1365 2784 1412 2847 ad
1423 2802 1505 2849 con·

269 2890 462 2955 sessionem
476 2890 705 2955 adducerent.

330 2997 422 3061 2488.
466 2996 665 3063 Dominicis
681 3008 800 3063 autem
819 3009 854 3062 et
873 2997 974 3063 festis
989 2998 1132 3078 diebus,
1155 2998 1214 3080 qui
1233 2998 1320 3062 nihil
1341 2998 1410 3063 nisi
1425 3015 1507 3080 pro-

270 3105 355 3169 fana
373 3106 470 3186 loqui
489 3114 524 3169 et
539 3122 648 3184 agere
673 3105 769 3168 soliti
789 3115 908 3184 erant,
933 3105 977 3168 de
998 3104 1076 3169 Deo
1091 3106 1188 3186 loqui
1210 3114 1244 3169 et
1264 3104 1308 3169 de
1327 3106 1443 3184 rebus,
1460 3106 1508 3170 ad

268 3212 429 3293 ipsorum
444 3211 642 3293 profectum
663 3212 883 3293 spiritualem
905 3212 1178 3292 pertinentibus,
1195 3227 1304 3292 agere
1327 3210 1423 3276 domi
1446 3229 1507 3275 no·

270 3328 367 3385 strae
383 3328 577 3400 coeperant
591 3337 598 3399 ;
616 3330 651 3383 et
666 3320 794 3400 aliquis
809 3338 855 3383 ex
868 3319 1014 3399 nostris,
1030 3330 1069 3383 ut
1084 3336 1207 3384 eorum
1223 3320 1317 3383 bona
1329 3318 1508 3401 colloquia

268 3426 453 3506 dirigeret,
470 3428 523 3490 eis
536 3426 825 3506 praeficiebatur;
852 3434 886 3489 et
901 3427 952 3489 ita
967 3426 1147 3491 ferventes
1162 3424 1355 3490 admodum
1368 3426 1507 3490 incede·

271 3534 375 3597 bant.

332 3638 423 3703 2484.
467 3638 556 3704 Cum
571 3647 689 3703 autem
706 3639 894 3703 accidisset
909 3638 1039 3703 festum
1053 3638 1245 3720 quoddam,
1260 3658 1306 3703 ex
1317 3640 1438 3721 populi
1452 3640 1509 3703 de-

273 3746 416 3810 votione
432 3747 675 3824 observatum,
693 3747 786 3827 quod
802 3764 844 3809 ea
864 3745 920 3809 die
941 3746 1086 3826 quidam
1106 3744 1283 3810 Castellae
1302 3744 1382 3816 Rex
1397 3748 1508 3810 multa

272 3852 359 3933 ipsis
373 3853 561 3933 privilegia
576 3862 803 3917 concesserat
818 3869 825 3931 ;
851 3851 997 3933 quidam
1012 3870 1058 3917 ex
1078 3853 1151 3931 his,
1175 3854 1311 3917 nostris
1330 3852 1506 3933 addictus,

270 3959 478 4024 facultatem
492 3959 703 4040 postulavit,
721 3969 759 4023 ut
779 3976 861 4023 cum
883 3960 960 4023 suis
979 3959 1121 4023 famulis
1143 3968 1178 4023 et
1202 3960 1414 4039 quibusdam
1429 3960 1510 4024 aliis

270 4067 654 4147 aprandioquamdam
664 4068 793 4131 vineae
806 4076 952 4131 nostrae
963 4077 1103 4148 partem
1112 4067 1237 4131 fodere
1247 4076 1405 4147 possent;
1417 4084 1509 4147 quae

269 4190 352 4238 cum
369 4174 452 4237 data
475 4173 545 4237 illis
563 4183 672 4251 esset,
700 4183 734 4236 et
748 4190 807 4237 res
822 4175 859 4237 in
880 4175 1011 4254 populo
1032 4174 1268 4255 innotuisset;
1295 4183 1422 4254 sponte
1442 4191 1509 4237 sua

267 4282 496 4362 septuaginta
512 4282 570 4344 vel
594 4280 777 4361 octoginta
803 4282 864 4345 alii
890 4299 972 4346 cum
997 4283 1073 4346 suis
1099 4282 1278 4361 ligonibus
1298 4282 1345 4346 ad
1364 4282 1510 4346 vineam

309 4556 318 4591 ¹
347 4556 442 4602 Petrus
452 4556 602 4601 Ludovlcus
612 4555 744 4602 Galea-an
754 4558 786 4602 tle
798 4558 886 4615 Borla,
897 4558 1014 4604 Murehlo
1024 4558 1058 4603 de
1068 4557 1219 4603 Navarrds.
1228 4558 1297 4603 Vide
1306 4558 1333 4603 ln
1347 4557 1512 4603 lfortuuarrrlt

271 4628 421 4684 tirsromcu,
434 4627 507 4674 stus.
517 4628 683 4672 Franctscus
693 4628 806 4684 Borgla,
815 4636 835 4677 t.
846 4640 864 4684 r,
876 4641 936 4685 pag.
945 4630 987 4675 482
996 4640 1023 4675 et
1032 4642 1088 4687 seq.
