3642 5350
763 384 827 441 An.
849 382 920 441 1556
1406 378 1466 463 157·

227 537 311 593 vota
327 546 391 593 sua
407 537 531 610 sponte
546 530 673 608 emisit,
694 545 737 592 ac
756 528 883 593 deinde
903 546 985 591 cum
999 526 1255 615 christophoro
1274 525 1454 606 Trusiglio

227 636 421 701 Lauretum
435 645 469 700 et
484 637 565 700 inde
580 636 729 701 Romam
745 638 853 701 venit.

285 742 357 808 575.
400 742 553 823 Quidam
586 745 693 808 etiam
722 744 888 808 sacerdos
920 743 1240 824 quadragenarius,
1272 740 1455 823 Philippus

226 850 380 916 Serenus
393 852 547 931 nomine,
563 868 626 931 per
641 852 764 915 eadem
784 852 955 915 exercitia
971 861 1044 914 tam
1057 850 1202 914 firmiter
1216 850 1376 913 decrevit
1391 847 1455 912 So·

226 959 390 1023 cietatem
404 958 554 1039 ingredi,
571 967 609 1022 ut
623 959 705 1022 licet
715 959 814 1022 illurn
828 958 932 1021 domo
945 958 1094 1021 fustibus
1114 958 1308 1037 abigerent,
1325 973 1363 1019 se
1382 974 1455 1020 non

224 1084 449 1131 recessurum
474 1049 618 1130 diceret.
638 1064 901 1145 Ludimagister
921 1066 1037 1128 fuerat
1052 1074 1085 1127 et
1111 1081 1234 1127 curam
1255 1064 1454 1127 animarum

223 1183 359 1254 egerat.
375 1172 467 1237 Huic
487 1176 594 1238 etiam
613 1174 910 1255 quemadmodum
929 1183 964 1236 et
983 1173 1062 1236 aliis
1084 1169 1280 1252 [exercitia]
1302 1171 1453 1236 tradide-

223 1290 282 1345 rat
296 1282 334 1346 P.
351 1276 510 1345 Didacus
525 1283 568 1346 de
583 1282 756 1347 Guzman.

283 1389 355 1452 576.
398 1388 438 1453 In
452 1405 645 1469 progressu
662 1390 831 1471 temporis
847 1389 936 1453 adeo
951 1389 1083 1453 charus
1097 1388 1271 1452 Ducissae
1283 1404 1361 1451 esse
1375 1404 1452 1452 coe·

99 1568 103 1576 ,
221 1498 274 1579 pit
290 1495 311 1575 ¹,
327 1506 367 1561 ut
381 1513 461 1560 cum
475 1499 554 1560 loco
569 1496 815 1577 Christophori
830 1496 1000 1576 Trusiglii
1011 1497 1100 1560 duos
1120 1496 1289 1575 hispanos
1308 1494 1451 1559 Floren-

221 1605 309 1669 tiam
323 1604 415 1668 mitti
426 1613 573 1684 peteret,
590 1604 737 1683 addidit,
755 1605 784 1667 si
799 1602 837 1667 P.
854 1602 1014 1668 Didaeus
1029 1603 1212 1667 Florentia
1227 1603 1450 1682 educeretur,

221 1728 328 1795 posse
343 1713 451 1776 etiam
465 1712 620 1791 reliquos
632 1730 677 1775 ex
692 1730 734 1775 ea
749 1712 835 1775 urbe
851 1712 1034 1775 excedere.

281 1820 352 1884 577.
396 1820 478 1883 Fuit
502 1828 621 1883 autem
649 1821 682 1884 ei
701 1820 862 1883 nuntium
885 1820 1143 1899 gratissimum,
1172 1836 1252 1883 cum
1277 1816 1451 1881 intellexit

220 1928 259 1991 P.
275 1927 448 2010 Jacobum
461 1926 605 2008 Laynez
624 1928 748 1991 mortis
761 1927 958 2009 periculum
978 1928 1135 1990 evasisse
1155 1934 1190 1989 et
1209 1926 1246 1990 in
1264 1925 1450 1991 Vicarium

220 2036 373 2099 electum
387 2033 513 2099 fuisse.

278 2140 350 2206 578.
392 2141 461 2206 Sed
475 2159 547 2206 non
568 2140 713 2223 perinde
733 2143 880 2207 libenter
900 2143 976 2225 ipse
999 2139 1037 2204 P.
1063 2142 1221 2206 Didacus
1246 2140 1450 2205 Florentiae

219 2249 396 2331 manebat,
413 2249 507 2331 quod
522 2247 723 2331 displiceret
737 2250 770 2314 ei
784 2251 1012 2314 vehementer
1027 2250 1228 2329 Ducissam,
1245 2250 1365 2313 multis
1380 2249 1452 2312 Dei

219 2356 323 2421 donis
339 2358 538 2438 praeditam
552 2367 587 2421 et
602 2358 745 2439 optimis
759 2358 1051 2437 inspirationibus
1072 2358 1118 2421 ad
1133 2358 1279 2422 meliora
1295 2367 1329 2422 et
1344 2357 1450 2421 saluti

218 2466 395 2530 viciniora
414 2466 618 2545 excitatam,
642 2466 677 2529 in
696 2466 778 2529 ludo
794 2466 937 2529 modum
948 2466 1134 2545 excedere,
1154 2477 1188 2530 ct
1203 2484 1283 2529 esse
1295 2466 1448 2546 aliquem

217 2572 399 2638 doctorem
425 2573 631 2653 theologum
652 2574 712 2654 qui
736 2572 927 2636 affirmaret
946 2574 979 2637 ei
1002 2583 1189 2652 peccatum
1211 2574 1358 2636 mortale
1380 2572 1448 2636 hoc

217 2698 290 2745 non
308 2698 398 2762 esse,
423 2682 588 2762 quamvis
612 2682 707 2744 mille
731 2691 766 2745 et
791 2681 859 2744 duo
887 2682 996 2745 millia
1022 2682 1233 2745 ducatorum
1257 2690 1361 2744 nocte
1376 2698 1446 2743 una

216 2788 300 2853 ludo
314 2789 489 2871 perderet,
510 2797 545 2852 et
559 2789 659 2852 multi
680 2805 853 2868 pauperes
874 2789 909 2852 in
928 2788 1004 2868 eJus
1024 2788 1155 2852 ditione
1177 2798 1321 2870 propter
1341 2805 1447 2868 penu-

214 2896 307 2960 riam
320 2897 378 2960 vel
392 2897 485 2960 fame
499 2896 655 2976 perirent
667 2897 724 2958 vel
738 2896 775 2958 in
793 2896 922 2975 gravia
941 2905 1089 2976 peccata
1106 2896 1312 2961 inciderent.
1336 2895 1382 2958 Et
1396 2896 1446 2959 ita

214 3003 363 3068 libenter
388 3021 427 3068 se
451 3003 521 3068 alio
545 3003 678 3067 iturum
704 3003 937 3083 significabat,
970 3004 1133 3083 quamvis
1158 3004 1209 3068 illi
1237 3021 1447 3067 concessum

213 3119 366 3175 nonest.

273 3219 346 3283 579.
389 3217 612 3297 Significavit
627 3228 747 3283 autem
760 3218 915 3284 Ducissa
924 3227 1067 3300 gratum
1080 3219 1148 3282 sibi
1158 3218 1234 3282 fore
1249 3220 1279 3282 si
1291 3218 1444 3299 Congrc·

214 3327 315 3405 gatio
329 3324 514 3389 Generalis
528 3325 731 3390 Florentiae
745 3325 854 3406 fieret,
876 3328 1040 3406 quamvis
1055 3326 1091 3390 id
1109 3327 1393 3407 consequebatur
1408 3336 1446 3391 ut

214 3449 392 3513 expensas
407 3431 564 3513 ejusdem
580 3433 877 3514 Congregationis
892 3433 1037 3497 faceret.

271 3538 345 3604 580.
388 3537 472 3620 Ejus
487 3542 595 3605 etiam
608 3541 729 3621 frater,
746 3540 922 3605 Dominus
933 3540 1137 3605 Ludovicus
1150 3541 1193 3610 de
1204 3540 1346 3620 Toledo,
1364 3557 1445 3604 cum

211 3647 349 3711 litteras
364 3647 536 3728 quasdam
551 3648 598 3712 ad
614 3647 651 3712 P.
669 3647 845 3712 Didacum
861 3647 976 3712 Roma
991 3649 1118 3712 missas
1138 3648 1297 3727 vidisset,
1319 3649 1443 3728 quibus

212 3755 386 3836 agebatur
407 3755 451 3819 de
475 3756 649 3835 molestia,
675 3773 765 3836 quae
787 3757 918 3820 nostris
940 3757 975 3820 in
997 3755 1170 3836 Hispania
1186 3754 1402 3818 inserebatur
1422 3773 1442 3817 a

211 3862 367 3943 quodam
382 3863 493 3943 ipsius
508 3873 738 3944 procuratore
753 3873 898 3944 propter
913 3863 1120 3927 beneficium
1136 3862 1314 3945 quoddam
1334 3863 1441 3926 eccle·

209 3971 407 4048 siasticum,
421 3970 515 4050 quod
530 3970 575 4033 ad
587 3969 702 4051 ipsum
717 3971 892 4050 pertinere
908 3979 1118 4052 procurator
1130 3971 1310 4048 censebat,
1324 3979 1358 4032 et
1373 3969 1440 4050 pri·

208 4095 266 4143 mo
282 4077 423 4159 quidem
439 4095 484 4141 ne
498 4077 627 4142 nostris
643 4079 824 4158 negotium
845 4079 1036 4142 facesseret
1051 4096 1089 4142 se
1109 4078 1324 4159 scripturum
1340 4076 1439 4140 dixit:

207 4196 333 4267 postea
350 4195 469 4249 tamen
483 4203 547 4266 per
566 4184 805 4250 Secretarium
820 4185 1035 4264 significavit
1054 4186 1152 4266 prius
1174 4185 1323 4265 intelligi
1339 4202 1440 4265 opor·

207 4301 282 4356 tere
297 4291 432 4356 Romae
447 4309 493 4356 an
508 4293 568 4373 qui
582 4291 795 4357 Societatem
811 4303 970 4357 nostram
987 4293 1244 4372 ingrediuntur,
1262 4303 1344 4356 ante
1359 4311 1438 4373 pro·

206 4400 397 4464 sessionem
427 4399 597 4464 beneficia
626 4401 778 4464 retinere
806 4401 961 4481 possint;
994 4400 1100 4482 quod,
1132 4401 1213 4463 licet
1242 4399 1439 4481 mitissimo,

251 4643 260 4676 ¹
290 4641 349 4698 ipae
359 4642 386 4687 P.
397 4641 512 4688 Didacua
522 4642 554 4688 de
564 4643 690 4690 anman.
