<?xml version="1.0" encoding="UTF-8"?>
<!DOCTYPE html PUBLIC "-//W3C//DTD XHTML 1.0 Transitional//EN"
    "http://www.w3.org/TR/xhtml1/DTD/xhtml1-transitional.dtd">
<html xmlns="http://www.w3.org/1999/xhtml" xml:lang="en" lang="en">
 <head>
  <title>
</title>
<meta http-equiv="Content-Type" content="text/html;charset=utf-8" />
  <meta name='ocr-system' content='tesseract 3.04.00' />
  <meta name='ocr-capabilities' content='ocr_page ocr_carea ocr_par ocr_line ocrx_word'/>
</head>
<body>
  <div class='ocr_page' id='page_1' title='image "./vitaignatiiloio00polagoog_0205.png"; bbox 0 0 3642 5350; ppageno 0'>
   <div class='ocr_carea' id='block_1_1' title="bbox 709 421 1493 493">
    <p class='ocr_par' dir='ltr' id='par_1_1' title="bbox 709 421 1493 493">
     <span class='ocr_line' id='line_1_1' title="bbox 709 421 1493 493; baseline -0.006 0"><span class='ocrx_word' id='word_1_1' title='bbox 709 469 712 476; x_wconf 89' lang='lat'><em>-</em></span> <span class='ocrx_word' id='word_1_2' title='bbox 763 421 958 493; x_wconf 62' lang='lat' dir='ltr'>{Anum</span> <span class='ocrx_word' id='word_1_3' title='bbox 999 425 1020 475; x_wconf 78' lang='lat'>&#39;¹</span> <span class='ocrx_word' id='word_1_4' title='bbox 1437 424 1493 488; x_wconf 75' lang='lat' dir='ltr'>tat</span> 
     </span>
    </p>
   </div>
   <div class='ocr_carea' id='block_1_2' title="bbox 253 566 1500 4414">
    <p class='ocr_par' dir='ltr' id='par_1_2' title="bbox 280 566 1490 655">
     <span class='ocr_line' id='line_1_2' title="bbox 280 566 1490 655; baseline 0.002 -20"><span class='ocrx_word' id='word_1_5' title='bbox 280 566 397 635; x_wconf 71' lang='lat'>‘³723.</span> <span class='ocrx_word' id='word_1_6' title='bbox 414 619 420 627; x_wconf 85' lang='lat'>.</span> <span class='ocrx_word' id='word_1_7' title='bbox 440 566 714 645; x_wconf 82' lang='lat' dir='ltr'>&#39;Cumundeciin</span> <span class='ocrx_word' id='word_1_8' title='bbox 729 571 903 637; x_wconf 87' lang='lat' dir='ltr'>hebraeos</span> <span class='ocrx_word' id='word_1_9' title='bbox 915 571 1148 655; x_wconf 82' lang='lat' dir='ltr'>baptizandos</span> <span class='ocrx_word' id='word_1_10' title='bbox 1166 569 1366 639; x_wconf 84' lang='lat' dir='ltr'>liaberet&#39;P.</span> <span class='ocrx_word' id='word_1_11' title='bbox 1383 570 1490 639; x_wconf 91' lang='lat' dir='ltr'>Pelle·</span> 
     </span>
    </p>

    <p class='ocr_par' dir='ltr' id='par_1_3' title="bbox 263 675 1492 1844">
     <span class='ocr_line' id='line_1_3' title="bbox 265 675 1491 765; baseline 0.004 -24"><span class='ocrx_word' id='word_1_12' title='bbox 265 675 657 757; x_wconf 76' lang='lat' dir='ltr'>tarius,&#39;con&#39;versionis</span> <span class='ocrx_word' id='word_1_13' title='bbox 671 678 896 747; x_wconf 76' lang='lat' dir='ltr'>modum-non</span> <span class='ocrx_word' id='word_1_14' title='bbox 905 680 1168 745; x_wconf 74' lang='lat' dir='ltr'>Jsinemiraculo</span> <span class='ocrx_word' id='word_1_15' title='bbox 1179 688 1401 765; x_wconf 85' lang='lat' dir='ltr'>transactum</span> <span class='ocrx_word' id='word_1_16' title='bbox 1411 698 1491 746; x_wconf 88' lang='lat' dir='ltr'>nar·</span> 
     </span>
     <span class='ocr_line' id='line_1_4' title="bbox 263 783 1492 867; baseline 0.002 -17"><span class='ocrx_word' id='word_1_17' title='bbox 263 793 341 866; x_wconf 69' lang='grc' dir='ltr'>ηις</span> <span class='ocrx_word' id='word_1_18' title='bbox 357 783 475 850; x_wconf 83' lang='lat' dir='ltr'>inians</span> <span class='ocrx_word' id='word_1_19' title='bbox 488 785 585 851; x_wconf 88' lang='lat' dir='ltr'>enim</span> <span class='ocrx_word' id='word_1_20' title='bbox 598 785 753 867; x_wconf 88' lang='lat' dir='ltr'>quidam,</span> <span class='ocrx_word' id='word_1_21' title='bbox 770 784 1031 851; x_wconf 81' lang='lat' dir='ltr'>duobus-anuis</span> <span class='ocrx_word' id='word_1_22' title='bbox 1045 804 1129 851; x_wconf 85' lang='lat' dir='ltr'>cum</span> <span class='ocrx_word' id='word_1_23' title='bbox 1142 786 1288 852; x_wconf 88' lang='lat' dir='ltr'>dimidio</span> <span class='ocrx_word' id='word_1_24' title='bbox 1302 789 1361 853; x_wconf 88' lang='lat' dir='ltr'>vel</span> <span class='ocrx_word' id='word_1_25' title='bbox 1380 786 1492 853; x_wconf 89' lang='lat' dir='ltr'>tribus</span> 
     </span>
     <span class='ocr_line' id='line_1_5' title="bbox 264 892 1490 976; baseline 0.002 -19"><span class='ocrx_word' id='word_1_26' title='bbox 264 901 384 971; x_wconf 78' lang='lat' dir='ltr'>natus,</span> <span class='ocrx_word' id='word_1_27' title='bbox 410 892 646 961; x_wconf 81' lang='lat' dir='ltr'>hebraeorum</span> <span class='ocrx_word' id='word_1_28' title='bbox 670 892 857 975; x_wconf 81' lang='lat' dir='ltr'>parentum</span> <span class='ocrx_word' id='word_1_29' title='bbox 877 894 988 973; x_wconf 82' lang='lat' dir='ltr'>filius,</span> <span class='ocrx_word' id='word_1_30' title='bbox 1014 912 1104 965; x_wconf 85' lang='lat' dir='ltr'>cum.</span> <span class='ocrx_word' id='word_1_31' title='bbox 1122 894 1158 960; x_wconf 92' lang='lat' dir='ltr'>in</span> <span class='ocrx_word' id='word_1_32' title='bbox 1173 894 1333 961; x_wconf 86' lang='lat' dir='ltr'>cubiculo</span> <span class='ocrx_word' id='word_1_33' title='bbox 1348 894 1490 976; x_wconf 84' lang='lat' dir='ltr'>pulsum-</span> 
     </span>
     <span class='ocr_line' id='line_1_6' title="bbox 267 1000 1490 1083; baseline 0.003 -20"><span class='ocrx_word' id='word_1_34' title='bbox 267 1014 477 1081; x_wconf 87' lang='lat' dir='ltr'>campanae,</span> <span class='ocrx_word' id='word_1_35' title='bbox 493 1016 585 1082; x_wconf 88' lang='lat' dir='ltr'>quae</span> <span class='ocrx_word' id='word_1_36' title='bbox 599 1000 664 1065; x_wconf 91' lang='lat' dir='ltr'>sub</span> <span class='ocrx_word' id='word_1_37' title='bbox 679 1002 862 1067; x_wconf 83' lang='lat' dir='ltr'>meridiem</span> <span class='ocrx_word' id='word_1_38' title='bbox 876 1001 953 1066; x_wconf 90' lang='lat' dir='ltr'>fieri</span> <span class='ocrx_word' id='word_1_39' title='bbox 972 1003 1060 1065; x_wconf 90' lang='lat' dir='ltr'>solet</span> <span class='ocrx_word' id='word_1_40' title='bbox 1082 1010 1120 1067; x_wconf 92' lang='lat' dir='ltr'>ut</span> <span class='ocrx_word' id='word_1_41' title='bbox 1140 1002 1307 1067; x_wconf 78' lang='lat' dir='ltr'>salutatio</span> <span class='ocrx_word' id='word_1_42' title='bbox 1328 1002 1490 1083; x_wconf 77' lang='lat' dir='ltr'>angelica</span> 
     </span>
     <span class='ocr_line' id='line_1_7' title="bbox 264 1104 1488 1189; baseline 0.001 -17"><span class='ocrx_word' id='word_1_43' title='bbox 264 1104 419 1187; x_wconf 73' lang='lat' dir='ltr'>dicatur,</span> <span class='ocrx_word' id='word_1_44' title='bbox 436 1105 642 1187; x_wconf 80' lang='lat' dir='ltr'>audivisset,</span> <span class='ocrx_word' id='word_1_45' title='bbox 658 1125 780 1172; x_wconf 90' lang='lat' dir='ltr'>coram</span> <span class='ocrx_word' id='word_1_46' title='bbox 795 1110 896 1188; x_wconf 86' lang='lat' dir='ltr'>patre</span> <span class='ocrx_word' id='word_1_47' title='bbox 910 1118 947 1172; x_wconf 91' lang='lat' dir='ltr'>et</span> <span class='ocrx_word' id='word_1_48' title='bbox 961 1110 1075 1173; x_wconf 86' lang='lat' dir='ltr'>matre</span> <span class='ocrx_word' id='word_1_49' title='bbox 1086 1124 1203 1189; x_wconf 82' lang='lat' dir='ltr'>genua</span> <span class='ocrx_word' id='word_1_50' title='bbox 1214 1108 1405 1174; x_wconf 83' lang='lat' dir='ltr'>flectanset</span> <span class='ocrx_word' id='word_1_51' title='bbox 1416 1124 1488 1173; x_wconf 84' lang='lat' dir='ltr'>ma·</span> 
     </span>
     <span class='ocr_line' id='line_1_8' title="bbox 263 1201 1490 1298; baseline 0.002 -19"><span class='ocrx_word' id='word_1_52' title='bbox 263 1229 334 1279; x_wconf 90' lang='lat' dir='ltr'>nus</span> <span class='ocrx_word' id='word_1_53' title='bbox 355 1214 402 1279; x_wconf 91' lang='lat' dir='ltr'>ad</span> <span class='ocrx_word' id='word_1_54' title='bbox 424 1201 565 1281; x_wconf 83' lang='lat' dir='ltr'>coelum</span> <span class='ocrx_word' id='word_1_55' title='bbox 584 1217 740 1295; x_wconf 74' lang='lat' dir='ltr'>elevans,</span> <span class='ocrx_word' id='word_1_56' title='bbox 765 1216 859 1280; x_wconf 83' lang='lat' dir='ltr'>tabia</span> <span class='ocrx_word' id='word_1_57' title='bbox 880 1216 1169 1294; x_wconf 52' lang='lat' dir='ltr'>ctiamrmo&#39;vens,</span> <span class='ocrx_word' id='word_1_58' title='bbox 1192 1232 1273 1281; x_wconf 91' lang='lat' dir='ltr'>cum</span> <span class='ocrx_word' id='word_1_59' title='bbox 1293 1216 1405 1282; x_wconf 87' lang='lat' dir='ltr'>verba</span> <span class='ocrx_word' id='word_1_60' title='bbox 1425 1232 1490 1298; x_wconf 89' lang='lat' dir='ltr'>per.</span> 
     </span>
     <span class='ocr_line' id='line_1_9' title="bbox 266 1322 1489 1405; baseline 0.003 -20"><span class='ocrx_word' id='word_1_61' title='bbox 266 1322 420 1387; x_wconf 80' lang='lat' dir='ltr'>aetatem</span> <span class='ocrx_word' id='word_1_62' title='bbox 435 1322 591 1388; x_wconf 91' lang='lat' dir='ltr'>nondum</span> <span class='ocrx_word' id='word_1_63' title='bbox 613 1333 733 1404; x_wconf 86' lang='lat' dir='ltr'>posset</span> <span class='ocrx_word' id='word_1_64' title='bbox 754 1324 972 1404; x_wconf 80' lang='lat' dir='ltr'>exprimere,</span> <span class='ocrx_word' id='word_1_65' title='bbox 996 1324 1139 1403; x_wconf 81' lang='lat' dir='ltr'>orabat3</span> <span class='ocrx_word' id='word_1_66' title='bbox 1161 1322 1256 1405; x_wconf 86' lang='lat' dir='ltr'>quod</span> <span class='ocrx_word' id='word_1_67' title='bbox 1275 1333 1489 1389; x_wconf 81' lang='lat' dir='ltr'>cum-mater</span> 
     </span>
     <span class='ocr_line' id='line_1_10' title="bbox 269 1427 1491 1513; baseline 0.002 -20"><span class='ocrx_word' id='word_1_68' title='bbox 269 1427 428 1509; x_wconf 76' lang='lat' dir='ltr'>vidisset,</span> <span class='ocrx_word' id='word_1_69' title='bbox 455 1446 547 1511; x_wconf 91' lang='lat' dir='ltr'>quae</span> <span class='ocrx_word' id='word_1_70' title='bbox 570 1430 775 1495; x_wconf 88' lang='lat' dir='ltr'>duriuscuia</span> <span class='ocrx_word' id='word_1_71' title='bbox 795 1430 910 1495; x_wconf 86' lang='lat' dir='ltr'>iuerat</span> <span class='ocrx_word' id='word_1_72' title='bbox 930 1431 974 1495; x_wconf 92' lang='lat' dir='ltr'>ad</span> <span class='ocrx_word' id='word_1_73' title='bbox 994 1432 1275 1510; x_wconf 78' lang='lat' dir='ltr'>conversionem,</span> <span class='ocrx_word' id='word_1_74' title='bbox 1296 1431 1414 1513; x_wconf 88' lang='lat' dir='ltr'>coepit</span> <span class='ocrx_word' id='word_1_75' title='bbox 1431 1434 1491 1495; x_wconf 63' lang='lat' dir='ltr'>voi</span> 
     </span>
     <span class='ocr_line' id='line_1_11' title="bbox 266 1536 1491 1619; baseline 0.001 -18"><span class='ocrx_word' id='word_1_76' title='bbox 266 1537 501 1609; x_wconf 81' lang='lat' dir='ltr'>cemelerare</span> <span class='ocrx_word' id='word_1_77' title='bbox 518 1536 711 1602; x_wconf 87' lang='lat' dir='ltr'>aedicere:</span> <span class='ocrx_word' id='word_1_78' title='bbox 731 1539 770 1600; x_wconf 84' lang='lat' dir='ltr'>“o</span> <span class='ocrx_word' id='word_1_79' title='bbox 784 1537 898 1601; x_wconf 86' lang='lat' dir='ltr'>Deus!</span> <span class='ocrx_word' id='word_1_80' title='bbox 919 1556 983 1619; x_wconf 88' lang='lat' dir='ltr'>per</span> <span class='ocrx_word' id='word_1_81' title='bbox 1001 1536 1095 1603; x_wconf 90' lang='lat' dir='ltr'>huuc</span> <span class='ocrx_word' id='word_1_82' title='bbox 1115 1537 1324 1602; x_wconf 80' lang='lat' dir='ltr'>infantulum</span> <span class='ocrx_word' id='word_1_83' title='bbox 1344 1537 1430 1602; x_wconf 90' lang='lat' dir='ltr'>mihi</span> <span class='ocrx_word' id='word_1_84' title='bbox 1445 1538 1491 1601; x_wconf 92' lang='lat' dir='ltr'>si·</span> 
     </span>
     <span class='ocr_line' id='line_1_12' title="bbox 265 1641 1490 1727; baseline 0.002 -18"><span class='ocrx_word' id='word_1_85' title='bbox 265 1641 417 1723; x_wconf 71' lang='lat' dir='ltr'>minoas</span> <span class='ocrx_word' id='word_1_86' title='bbox 429 1653 464 1707; x_wconf 92' lang='lat' dir='ltr'>te</span> <span class='ocrx_word' id='word_1_87' title='bbox 478 1644 574 1709; x_wconf 84' lang='lat' dir='ltr'>velle</span> <span class='ocrx_word' id='word_1_88' title='bbox 584 1654 623 1707; x_wconf 91' lang='lat' dir='ltr'>ut</span> <span class='ocrx_word' id='word_1_89' title='bbox 637 1644 705 1707; x_wconf 87' lang='lat' dir='ltr'>sim</span> <span class='ocrx_word' id='word_1_90' title='bbox 719 1644 913 1709; x_wconf 89' lang='lat' dir='ltr'>christiana</span> <span class='ocrx_word' id='word_1_91' title='bbox 925 1662 952 1723; x_wconf 73' lang='lat'>3,</span> <span class='ocrx_word' id='word_1_92' title='bbox 968 1654 1004 1709; x_wconf 89' lang='lat' dir='ltr'>et</span> <span class='ocrx_word' id='word_1_93' title='bbox 1023 1660 1133 1727; x_wconf 86' lang='lat' dir='ltr'>usque</span> <span class='ocrx_word' id='word_1_94' title='bbox 1151 1642 1196 1709; x_wconf 86' lang='lat' dir='ltr'>ad</span> <span class='ocrx_word' id='word_1_95' title='bbox 1218 1643 1490 1711; x_wconf 83' lang='lat' dir='ltr'>admirationem</span> 
     </span>
     <span class='ocr_line' id='line_1_13' title="bbox 265 1741 865 1844; baseline 0.003 -30"><span class='ocrx_word' id='word_1_96' title='bbox 265 1741 417 1817; x_wconf 73' lang='lat' dir='ltr'>aliorum</span> <span class='ocrx_word' id='word_1_97' title='bbox 432 1750 551 1815; x_wconf 84' lang='lat' dir='ltr'>infide</span> <span class='ocrx_word' id='word_1_98' title='bbox 566 1750 773 1844; x_wconf 79' lang='lat' dir='ltr'>confirmata</span> <span class='ocrx_word' id='word_1_99' title='bbox 790 1752 865 1817; x_wconf 84' lang='lat' dir='ltr'>tuit.</span> 
     </span>
    </p>

    <p class='ocr_par' dir='ltr' id='par_1_4' title="bbox 267 1856 1490 2471">
     <span class='ocr_line' id='line_1_14' title="bbox 325 1856 1489 1941; baseline 0.003 -21"><span class='ocrx_word' id='word_1_100' title='bbox 325 1856 397 1921; x_wconf 79' lang='grc'>724.</span> <span class='ocrx_word' id='word_1_101' title='bbox 440 1858 523 1922; x_wconf 88' lang='lat' dir='ltr'>Alio</span> <span class='ocrx_word' id='word_1_102' title='bbox 547 1858 604 1923; x_wconf 89' lang='lat' dir='ltr'>die</span> <span class='ocrx_word' id='word_1_103' title='bbox 628 1858 781 1939; x_wconf 88' lang='lat' dir='ltr'>experiri</span> <span class='ocrx_word' id='word_1_104' title='bbox 806 1861 994 1923; x_wconf 89' lang='lat' dir='ltr'>voluerunt</span> <span class='ocrx_word' id='word_1_105' title='bbox 1018 1858 1103 1941; x_wconf 90' lang='lat' dir='ltr'>quid</span> <span class='ocrx_word' id='word_1_106' title='bbox 1128 1859 1246 1925; x_wconf 85' lang='lat' dir='ltr'>inians</span> <span class='ocrx_word' id='word_1_107' title='bbox 1273 1858 1423 1940; x_wconf 79' lang='lat' dir='ltr'>iaceret3</span> <span class='ocrx_word' id='word_1_108' title='bbox 1454 1868 1489 1924; x_wconf 92' lang='lat' dir='ltr'>et</span> 
     </span>
     <span class='ocr_line' id='line_1_15' title="bbox 271 1964 1488 2047; baseline 0.002 -19"><span class='ocrx_word' id='word_1_109' title='bbox 271 1964 395 2029; x_wconf 84' lang='lat' dir='ltr'>eodem</span> <span class='ocrx_word' id='word_1_110' title='bbox 410 1968 579 2046; x_wconf 81' lang='lat' dir='ltr'>tempore,</span> <span class='ocrx_word' id='word_1_111' title='bbox 599 1966 634 2029; x_wconf 91' lang='lat' dir='ltr'>id</span> <span class='ocrx_word' id='word_1_112' title='bbox 653 1974 719 2045; x_wconf 87' lang='lat' dir='ltr'>est,</span> <span class='ocrx_word' id='word_1_113' title='bbox 740 1966 806 2031; x_wconf 90' lang='lat' dir='ltr'>sub</span> <span class='ocrx_word' id='word_1_114' title='bbox 827 1966 1022 2043; x_wconf 90' lang='lat' dir='ltr'>meridiem,</span> <span class='ocrx_word' id='word_1_115' title='bbox 1045 1965 1144 2045; x_wconf 89' lang='lat' dir='ltr'>prius</span> <span class='ocrx_word' id='word_1_116' title='bbox 1165 1979 1411 2047; x_wconf 79' lang='lat' dir='ltr'>quamgeuua</span> <span class='ocrx_word' id='word_1_117' title='bbox 1433 1965 1488 2031; x_wconf 88' lang='lat' dir='ltr'>fle-</span> 
     </span>
     <span class='ocr_line' id='line_1_16' title="bbox 269 2071 1488 2154; baseline 0.002 -19"><span class='ocrx_word' id='word_1_118' title='bbox 269 2080 393 2150; x_wconf 88' lang='lat' dir='ltr'>cteret,</span> <span class='ocrx_word' id='word_1_119' title='bbox 410 2071 456 2137; x_wconf 92' lang='lat' dir='ltr'>ad</span> <span class='ocrx_word' id='word_1_120' title='bbox 470 2082 621 2135; x_wconf 88' lang='lat' dir='ltr'>matrem</span> <span class='ocrx_word' id='word_1_121' title='bbox 635 2089 673 2136; x_wconf 85' lang='lat' dir='ltr'>se</span> <span class='ocrx_word' id='word_1_122' title='bbox 683 2072 875 2137; x_wconf 83' lang='lat' dir='ltr'>conferens</span> <span class='ocrx_word' id='word_1_123' title='bbox 889 2081 925 2138; x_wconf 89' lang='lat' dir='ltr'>et</span> <span class='ocrx_word' id='word_1_124' title='bbox 940 2082 1077 2137; x_wconf 85' lang='lat' dir='ltr'>vestem</span> <span class='ocrx_word' id='word_1_125' title='bbox 1091 2073 1202 2154; x_wconf 87' lang='lat' dir='ltr'>ipsius</span> <span class='ocrx_word' id='word_1_126' title='bbox 1212 2089 1325 2137; x_wconf 87' lang='lat' dir='ltr'>manu</span> <span class='ocrx_word' id='word_1_127' title='bbox 1331 2073 1488 2151; x_wconf 72' lang='lat' dir='ltr'>trahens,</span> 
     </span>
     <span class='ocr_line' id='line_1_17' title="bbox 269 2177 1490 2262; baseline 0.001 -19"><span class='ocrx_word' id='word_1_128' title='bbox 269 2177 494 2259; x_wconf 75' lang='lat' dir='ltr'>significabat</span> <span class='ocrx_word' id='word_1_129' title='bbox 508 2179 540 2243; x_wconf 89' lang='lat' dir='ltr'>ei</span> <span class='ocrx_word' id='word_1_130' title='bbox 553 2188 591 2244; x_wconf 89' lang='lat' dir='ltr'>ut</span> <span class='ocrx_word' id='word_1_131' title='bbox 602 2190 637 2243; x_wconf 89' lang='lat' dir='ltr'>et</span> <span class='ocrx_word' id='word_1_132' title='bbox 649 2182 738 2260; x_wconf 91' lang='lat' dir='ltr'>ipsa,</span> <span class='ocrx_word' id='word_1_133' title='bbox 749 2197 867 2261; x_wconf 80' lang='lat' dir='ltr'>genua</span> <span class='ocrx_word' id='word_1_134' title='bbox 883 2179 1040 2260; x_wconf 71' lang='lat' dir='ltr'>flectenS,</span> <span class='ocrx_word' id='word_1_135' title='bbox 1053 2190 1184 2260; x_wconf 85' lang='lat' dir='ltr'>oraret,</span> <span class='ocrx_word' id='word_1_136' title='bbox 1197 2198 1289 2262; x_wconf 86' lang='lat' dir='ltr'>quae</span> <span class='ocrx_word' id='word_1_137' title='bbox 1303 2196 1361 2257; x_wconf 83' lang='lat' dir='ltr'>res</span> <span class='ocrx_word' id='word_1_138' title='bbox 1374 2180 1490 2260; x_wconf 78' lang='lat' dir='ltr'>magis</span> 
     </span>
     <span class='ocr_line' id='line_1_18' title="bbox 269 2284 1490 2367; baseline 0.001 -18"><span class='ocrx_word' id='word_1_139' title='bbox 269 2284 438 2351; x_wconf 81' lang='lat' dir='ltr'>adhucet</span> <span class='ocrx_word' id='word_1_140' title='bbox 450 2284 555 2350; x_wconf 85' lang='lat' dir='ltr'>fidem</span> <span class='ocrx_word' id='word_1_141' title='bbox 569 2286 795 2351; x_wconf 84' lang='lat' dir='ltr'>confirmarit</span> <span class='ocrx_word' id='word_1_142' title='bbox 815 2297 851 2351; x_wconf 90' lang='lat' dir='ltr'>et</span> <span class='ocrx_word' id='word_1_143' title='bbox 875 2287 1121 2351; x_wconf 78' lang='lat' dir='ltr'>admirationis</span> <span class='ocrx_word' id='word_1_144' title='bbox 1139 2304 1249 2353; x_wconf 91' lang='lat' dir='ltr'>causa</span> <span class='ocrx_word' id='word_1_145' title='bbox 1270 2286 1490 2367; x_wconf 58' lang='lat' dir='ltr'>fuitoltaque</span> 
     </span>
     <span class='ocr_line' id='line_1_19' title="bbox 267 2392 1465 2471; baseline 0.002 -15"><span class='ocrx_word' id='word_1_146' title='bbox 267 2408 317 2457; x_wconf 82' lang='lat' dir='ltr'>ex</span> <span class='ocrx_word' id='word_1_147' title='bbox 330 2393 605 2471; x_wconf 76' lang='lat' dir='ltr'>oret&#39;nfantt&#39;am</span> <span class='ocrx_word' id='word_1_148' title='bbox 619 2392 959 2470; x_wconf 51' lang='lat' dir='ltr'>etlcrctcntr‘umaetc</span> <span class='ocrx_word' id='word_1_149' title='bbox 975 2392 995 2458; x_wconf 87' lang='lat'>¹.</span> <span class='ocrx_word' id='word_1_150' title='bbox 1345 2409 1362 2453; x_wconf 88' lang='grc'>.·</span> <span class='ocrx_word' id='word_1_151' title='bbox 1390 2401 1392 2410; x_wconf 87' lang='grc'><strong>“</strong></span> <span class='ocrx_word' id='word_1_152' title='bbox 1462 2396 1465 2403; x_wconf 76' lang='grc'><em>’</em></span> 
     </span>
    </p>

    <p class='ocr_par' dir='ltr' id='par_1_5' title="bbox 261 2498 1500 3329">
     <span class='ocr_line' id='line_1_20' title="bbox 324 2498 1490 2582; baseline 0.001 -19"><span class='ocrx_word' id='word_1_153' title='bbox 324 2498 396 2563; x_wconf 81' lang='lat'><strong>725.</strong></span> <span class='ocrx_word' id='word_1_154' title='bbox 439 2499 526 2565; x_wconf 84' lang='lat' dir='ltr'>Erat</span> <span class='ocrx_word' id='word_1_155' title='bbox 541 2510 574 2564; x_wconf 91' lang='lat' dir='ltr'>et</span> <span class='ocrx_word' id='word_1_156' title='bbox 594 2502 766 2581; x_wconf 84' lang='lat' dir='ltr'>parvulus</span> <span class='ocrx_word' id='word_1_157' title='bbox 783 2502 875 2565; x_wconf 82' lang='lat' dir='ltr'>atius</span> <span class='ocrx_word' id='word_1_158' title='bbox 893 2518 981 2581; x_wconf 90' lang='lat' dir='ltr'>puer</span> <span class='ocrx_word' id='word_1_159' title='bbox 1002 2510 1137 2582; x_wconf 84' lang='lat' dir='ltr'>septem</span> <span class='ocrx_word' id='word_1_160' title='bbox 1158 2516 1401 2565; x_wconf 79' lang='lat' dir='ltr'>annorumex</span> <span class='ocrx_word' id='word_1_161' title='bbox 1421 2500 1490 2564; x_wconf 87' lang='lat' dir='ltr'>hoc</span> 
     </span>
     <span class='ocr_line' id='line_1_21' title="bbox 265 2606 1491 2690; baseline 0 -19"><span class='ocrx_word' id='word_1_162' title='bbox 265 2623 396 2689; x_wconf 77' lang='lat' dir='ltr'>genere</span> <span class='ocrx_word' id='word_1_163' title='bbox 410 2606 608 2685; x_wconf 83' lang='lat' dir='ltr'>hominum,</span> <span class='ocrx_word' id='word_1_164' title='bbox 623 2608 776 2690; x_wconf 90' lang='lat' dir='ltr'>quicum</span> <span class='ocrx_word' id='word_1_165' title='bbox 792 2608 1008 2673; x_wconf 88' lang='lat' dir='ltr'>christianus</span> <span class='ocrx_word' id='word_1_166' title='bbox 1026 2625 1105 2672; x_wconf 88' lang='lat' dir='ltr'>esse</span> <span class='ocrx_word' id='word_1_167' title='bbox 1127 2608 1244 2688; x_wconf 87' lang='lat' dir='ltr'>vellet,</span> <span class='ocrx_word' id='word_1_168' title='bbox 1267 2615 1302 2671; x_wconf 88' lang='lat' dir='ltr'>et</span> <span class='ocrx_word' id='word_1_169' title='bbox 1319 2610 1491 2689; x_wconf 79' lang='lat' dir='ltr'>&#39;parentes</span> 
     </span>
     <span class='ocr_line' id='line_1_22' title="bbox 266 2713 1500 2798; baseline -0.002 -17"><span class='ocrx_word' id='word_1_170' title='bbox 266 2731 348 2781; x_wconf 88' lang='lat' dir='ltr'>eum</span> <span class='ocrx_word' id='word_1_171' title='bbox 362 2726 580 2798; x_wconf 85' lang='lat' dir='ltr'>repeterent,</span> <span class='ocrx_word' id='word_1_172' title='bbox 597 2733 717 2782; x_wconf 91' lang='lat' dir='ltr'>coram</span> <span class='ocrx_word' id='word_1_173' title='bbox 739 2717 952 2796; x_wconf 74' lang='lat' dir='ltr'>magistratu</span> <span class='ocrx_word' id='word_1_174' title='bbox 973 2732 1072 2780; x_wconf 91' lang='lat' dir='ltr'>suam</span> <span class='ocrx_word' id='word_1_175' title='bbox 1093 2733 1238 2780; x_wconf 87' lang='lat' dir='ltr'>causam</span> <span class='ocrx_word' id='word_1_176' title='bbox 1257 2716 1315 2796; x_wconf 53' lang='lat' dir='ltr'>sie,</span> <span class='ocrx_word' id='word_1_177' title='bbox 1329 2713 1500 2780; x_wconf 54' lang='lat' dir='ltr'>deiende:</span> 
     </span>
     <span class='ocr_line' id='line_1_23' title="bbox 265 2821 1491 2904; baseline -0.001 -17"><span class='ocrx_word' id='word_1_178' title='bbox 265 2821 337 2900; x_wconf 83' lang='lat' dir='ltr'>bat,</span> <span class='ocrx_word' id='word_1_179' title='bbox 351 2831 389 2887; x_wconf 92' lang='lat' dir='ltr'>ut</span> <span class='ocrx_word' id='word_1_180' title='bbox 403 2824 439 2887; x_wconf 89' lang='lat' dir='ltr'>in</span> <span class='ocrx_word' id='word_1_181' title='bbox 455 2832 636 2904; x_wconf 88' lang='lat' dir='ltr'>stuporem</span> <span class='ocrx_word' id='word_1_182' title='bbox 651 2825 831 2888; x_wconf 83' lang='lat' dir='ltr'>auditores</span> <span class='ocrx_word' id='word_1_183' title='bbox 846 2832 1082 2902; x_wconf 84' lang='lat' dir='ltr'>converteret,</span> <span class='ocrx_word' id='word_1_184' title='bbox 1103 2832 1138 2888; x_wconf 89' lang='lat' dir='ltr'>et</span> <span class='ocrx_word' id='word_1_185' title='bbox 1157 2821 1225 2886; x_wconf 92' lang='lat' dir='ltr'>Dei</span> <span class='ocrx_word' id='word_1_186' title='bbox 1243 2821 1491 2903; x_wconf 73' lang='lat' dir='ltr'>digitumiesse</span> 
     </span>
     <span class='ocr_line' id='line_1_24' title="bbox 262 2928 1490 3012; baseline -0.002 -18"><span class='ocrx_word' id='word_1_187' title='bbox 262 2928 477 3006; x_wconf 72' lang='lat' dir='ltr'>faterentur3</span> <span class='ocrx_word' id='word_1_188' title='bbox 494 2940 528 2994; x_wconf 90' lang='lat' dir='ltr'>et</span> <span class='ocrx_word' id='word_1_189' title='bbox 545 2930 575 2994; x_wconf 88' lang='lat' dir='ltr'>si</span> <span class='ocrx_word' id='word_1_190' title='bbox 589 2929 779 3012; x_wconf 81' lang='lat' dir='ltr'>aliquando</span> <span class='ocrx_word' id='word_1_191' title='bbox 793 2930 875 2998; x_wconf 85' lang='lat' dir='ltr'>ficte</span> <span class='ocrx_word' id='word_1_192' title='bbox 889 2930 1062 2995; x_wconf 79' lang='lat' dir='ltr'>infantulo</span> <span class='ocrx_word' id='word_1_193' title='bbox 1081 2928 1274 2994; x_wconf 74' lang='lat' dir='ltr'>dicebaturr</span> <span class='ocrx_word' id='word_1_194' title='bbox 1284 2929 1378 3012; x_wconf 88' lang='lat' dir='ltr'>quod</span> <span class='ocrx_word' id='word_1_195' title='bbox 1399 2933 1490 2993; x_wconf 84' lang='lat' dir='ltr'>mar·</span> 
     </span>
     <span class='ocr_line' id='line_1_25' title="bbox 263 3035 1491 3118; baseline -0.002 -16"><span class='ocrx_word' id='word_1_196' title='bbox 263 3035 390 3102; x_wconf 72' lang='lat' dir='ltr'>urnis.⁸</span> <span class='ocrx_word' id='word_1_197' title='bbox 410 3053 491 3102; x_wconf 88' lang='lat' dir='ltr'>eum</span> <span class='ocrx_word' id='word_1_198' title='bbox 516 3037 658 3102; x_wconf 83' lang='lat' dir='ltr'>tradere</span> <span class='ocrx_word' id='word_1_199' title='bbox 677 3037 855 3117; x_wconf 80' lang='lat' dir='ltr'>volebant,</span> <span class='ocrx_word' id='word_1_200' title='bbox 878 3039 1049 3117; x_wconf 84' lang='lat' dir='ltr'>clamans,</span> <span class='ocrx_word' id='word_1_201' title='bbox 1070 3054 1113 3101; x_wconf 87' lang='lat' dir='ltr'>ac</span> <span class='ocrx_word' id='word_1_202' title='bbox 1135 3036 1166 3100; x_wconf 89' lang='lat' dir='ltr'>si</span> <span class='ocrx_word' id='word_1_203' title='bbox 1186 3037 1302 3118; x_wconf 87' lang='lat' dir='ltr'>ipsum</span> <span class='ocrx_word' id='word_1_204' title='bbox 1323 3035 1491 3101; x_wconf 86' lang='lat' dir='ltr'>occidere</span> 
     </span>
     <span class='ocr_line' id='line_1_26' title="bbox 263 3141 1488 3224; baseline -0.001 -17"><span class='ocrx_word' id='word_1_205' title='bbox 263 3143 408 3223; x_wconf 83' lang='lat' dir='ltr'>velient,</span> <span class='ocrx_word' id='word_1_206' title='bbox 430 3142 521 3208; x_wconf 91' lang='lat' dir='ltr'>inter</span> <span class='ocrx_word' id='word_1_207' title='bbox 542 3160 660 3224; x_wconf 82' lang='lat' dir='ltr'>genua</span> <span class='ocrx_word' id='word_1_208' title='bbox 685 3143 871 3224; x_wconf 84' lang='lat' dir='ltr'>cujuslibet</span> <span class='ocrx_word' id='word_1_209' title='bbox 895 3141 1088 3208; x_wconf 89' lang='lat' dir='ltr'>christiani.</span> <span class='ocrx_word' id='word_1_210' title='bbox 1105 3160 1143 3206; x_wconf 91' lang='lat' dir='ltr'>se</span> <span class='ocrx_word' id='word_1_211' title='bbox 1168 3141 1423 3223; x_wconf 87' lang='lat' dir='ltr'>abscondebat;</span> <span class='ocrx_word' id='word_1_212' title='bbox 1451 3153 1488 3206; x_wconf 94' lang='lat' dir='ltr'>ct</span> 
     </span>
     <span class='ocr_line' id='line_1_27' title="bbox 261 3247 1335 3329; baseline -0.004 -17"><span class='ocrx_word' id='word_1_213' title='bbox 261 3263 387 3323; x_wconf 84' lang='lat' dir='ltr'>omnes</span> <span class='ocrx_word' id='word_1_214' title='bbox 399 3265 438 3312; x_wconf 89' lang='lat' dir='ltr'>se</span> <span class='ocrx_word' id='word_1_215' title='bbox 449 3247 600 3329; x_wconf 81' lang='lat' dir='ltr'>judaeos</span> <span class='ocrx_word' id='word_1_216' title='bbox 616 3260 650 3314; x_wconf 90' lang='lat' dir='ltr'>et</span> <span class='ocrx_word' id='word_1_217' title='bbox 664 3266 852 3316; x_wconf 88' lang='lat' dir='ltr'>marranos</span> <span class='ocrx_word' id='word_1_218' title='bbox 865 3251 956 3315; x_wconf 84' lang='lat' dir='ltr'>velle</span> <span class='ocrx_word' id='word_1_219' title='bbox 972 3249 1169 3314; x_wconf 87' lang='lat' dir='ltr'>interficere</span> <span class='ocrx_word' id='word_1_220' title='bbox 1183 3247 1335 3320; x_wconf 83' lang='lat' dir='ltr'>dicebat.</span> 
     </span>
    </p>

    <p class='ocr_par' dir='ltr' id='par_1_6' title="bbox 253 3353 1492 4296">
     <span class='ocr_line' id='line_1_28' title="bbox 303 3353 1491 3438; baseline 0.002 -20"><span class='ocrx_word' id='word_1_221' title='bbox 303 3353 392 3420; x_wconf 59' lang='lat'><strong>«726.</strong></span> <span class='ocrx_word' id='word_1_222' title='bbox 434 3355 503 3422; x_wconf 90' lang='lat' dir='ltr'>Hie</span> <span class='ocrx_word' id='word_1_223' title='bbox 513 3367 681 3434; x_wconf 86' lang='lat' dir='ltr'>moserat</span> <span class='ocrx_word' id='word_1_224' title='bbox 696 3358 884 3422; x_wconf 87' lang='lat' dir='ltr'>Ferrariae</span> <span class='ocrx_word' id='word_1_225' title='bbox 899 3367 948 3434; x_wconf 89' lang='lat' dir='ltr'>ut,</span> <span class='ocrx_word' id='word_1_226' title='bbox 966 3373 1047 3422; x_wconf 88' lang='lat' dir='ltr'>cum</span> <span class='ocrx_word' id='word_1_227' title='bbox 1061 3357 1242 3438; x_wconf 89' lang='lat' dir='ltr'>utriusque</span> <span class='ocrx_word' id='word_1_228' title='bbox 1257 3371 1364 3421; x_wconf 85' lang='lat' dir='ltr'>sexus</span> <span class='ocrx_word' id='word_1_229' title='bbox 1379 3355 1491 3426; x_wconf 81' lang='lat' dir='ltr'>iusaa·</span> 
     </span>
     <span class='ocr_line' id='line_1_29' title="bbox 261 3463 1489 3546; baseline 0.001 -19"><span class='ocrx_word' id='word_1_230' title='bbox 261 3473 316 3527; x_wconf 78' lang='lat' dir='ltr'>tes</span> <span class='ocrx_word' id='word_1_231' title='bbox 329 3473 392 3527; x_wconf 91' lang='lat' dir='ltr'>aut</span> <span class='ocrx_word' id='word_1_232' title='bbox 406 3479 536 3545; x_wconf 89' lang='lat' dir='ltr'>pueros</span> <span class='ocrx_word' id='word_1_233' title='bbox 549 3473 715 3544; x_wconf 90' lang='lat' dir='ltr'>parentes</span> <span class='ocrx_word' id='word_1_234' title='bbox 728 3465 951 3546; x_wconf 89' lang='lat' dir='ltr'>repetebant,</span> <span class='ocrx_word' id='word_1_235' title='bbox 968 3480 1090 3528; x_wconf 89' lang='lat' dir='ltr'>coram</span> <span class='ocrx_word' id='word_1_236' title='bbox 1104 3463 1190 3544; x_wconf 88' lang='lat' dir='ltr'>ipsis</span> <span class='ocrx_word' id='word_1_237' title='bbox 1204 3479 1266 3527; x_wconf 87' lang='lat' dir='ltr'>eos</span> <span class='ocrx_word' id='word_1_238' title='bbox 1280 3471 1489 3543; x_wconf 81' lang='lat' dir='ltr'>statuerent,</span> 
     </span>
     <span class='ocr_line' id='line_1_30' title="bbox 259 3567 1489 3652; baseline 0 -18"><span class='ocrx_word' id='word_1_239' title='bbox 259 3569 322 3652; x_wconf 82' lang='lat' dir='ltr'>qui</span> <span class='ocrx_word' id='word_1_240' title='bbox 336 3580 455 3635; x_wconf 83' lang='lat' dir='ltr'>tamen</span> <span class='ocrx_word' id='word_1_241' title='bbox 469 3570 555 3634; x_wconf 85' lang='lat' dir='ltr'>totis</span> <span class='ocrx_word' id='word_1_242' title='bbox 568 3571 704 3635; x_wconf 87' lang='lat' dir='ltr'>viribus</span> <span class='ocrx_word' id='word_1_243' title='bbox 718 3587 781 3634; x_wconf 90' lang='lat' dir='ltr'>eos</span> <span class='ocrx_word' id='word_1_244' title='bbox 795 3571 840 3635; x_wconf 88' lang='lat' dir='ltr'>ad</span> <span class='ocrx_word' id='word_1_245' title='bbox 854 3587 893 3634; x_wconf 90' lang='lat' dir='ltr'>se</span> <span class='ocrx_word' id='word_1_246' title='bbox 913 3571 1078 3652; x_wconf 88' lang='lat' dir='ltr'>pellicere</span> <span class='ocrx_word' id='word_1_247' title='bbox 1097 3571 1330 3634; x_wconf 89' lang='lat' dir='ltr'>conabantur.</span> <span class='ocrx_word' id='word_1_248' title='bbox 1349 3567 1395 3635; x_wconf 90' lang='lat' dir='ltr'>Et</span> <span class='ocrx_word' id='word_1_249' title='bbox 1404 3629 1408 3644; x_wconf 76' lang='grc'>,</span> <span class='ocrx_word' id='word_1_250' title='bbox 1418 3568 1489 3636; x_wconf 84' lang='lat' dir='ltr'>Aa·</span> 
     </span>
     <span class='ocr_line' id='line_1_31' title="bbox 259 3677 1491 3760; baseline 0.002 -18"><span class='ocrx_word' id='word_1_251' title='bbox 259 3687 367 3759; x_wconf 66' lang='lat' dir='ltr'>gusto</span> <span class='ocrx_word' id='word_1_252' title='bbox 391 3693 512 3742; x_wconf 88' lang='lat' dir='ltr'>mense</span> <span class='ocrx_word' id='word_1_253' title='bbox 536 3678 667 3742; x_wconf 91' lang='lat' dir='ltr'>accidit</span> <span class='ocrx_word' id='word_1_254' title='bbox 691 3686 729 3742; x_wconf 91' lang='lat' dir='ltr'>ut</span> <span class='ocrx_word' id='word_1_255' title='bbox 743 3679 870 3742; x_wconf 90' lang='lat' dir='ltr'>nobilis</span> <span class='ocrx_word' id='word_1_256' title='bbox 893 3678 1038 3759; x_wconf 87' lang='lat' dir='ltr'>quidam</span> <span class='ocrx_word' id='word_1_257' title='bbox 1062 3677 1155 3743; x_wconf 88' lang='lat' dir='ltr'>inter</span> <span class='ocrx_word' id='word_1_258' title='bbox 1179 3678 1258 3743; x_wconf 85' lang='lat' dir='ltr'>illos</span> <span class='ocrx_word' id='word_1_259' title='bbox 1282 3678 1399 3758; x_wconf 81' lang='lat' dir='ltr'>puella</span> <span class='ocrx_word' id='word_1_260' title='bbox 1428 3695 1491 3760; x_wconf 89' lang='lat' dir='ltr'>per</span> 
     </span>
     <span class='ocr_line' id='line_1_32' title="bbox 262 3784 1492 3866; baseline 0.001 -17"><span class='ocrx_word' id='word_1_261' title='bbox 262 3784 389 3850; x_wconf 85' lang='lat' dir='ltr'>horam</span> <span class='ocrx_word' id='word_1_262' title='bbox 413 3801 495 3849; x_wconf 88' lang='lat' dir='ltr'>cum</span> <span class='ocrx_word' id='word_1_263' title='bbox 519 3784 662 3850; x_wconf 89' lang='lat' dir='ltr'>dimidia</span> <span class='ocrx_word' id='word_1_264' title='bbox 688 3803 710 3848; x_wconf 90' lang='lat' dir='ltr'>a</span> <span class='ocrx_word' id='word_1_265' title='bbox 734 3786 1038 3866; x_wconf 86' lang='lat' dir='ltr'>suis‚parentibus</span> <span class='ocrx_word' id='word_1_266' title='bbox 1063 3795 1345 3866; x_wconf 77' lang='lat' dir='ltr'>oppugnaretur,</span> <span class='ocrx_word' id='word_1_267' title='bbox 1372 3793 1425 3865; x_wconf 88' lang='lat' dir='ltr'>et,</span> <span class='ocrx_word' id='word_1_268' title='bbox 1452 3794 1492 3851; x_wconf 89' lang='lat' dir='ltr'>ut</span> 
     </span>
     <span class='ocr_line' id='line_1_33' title="bbox 257 3889 1491 3973; baseline -0.001 -16"><span class='ocrx_word' id='word_1_269' title='bbox 257 3889 393 3959; x_wconf 81' lang='lat' dir='ltr'>rediret</span> <span class='ocrx_word' id='word_1_270' title='bbox 407 3889 454 3956; x_wconf 89' lang='lat' dir='ltr'>ad</span> <span class='ocrx_word' id='word_1_271' title='bbox 463 3890 691 3973; x_wconf 89' lang='lat' dir='ltr'>judaismum,</span> <span class='ocrx_word' id='word_1_272' title='bbox 704 3903 818 3957; x_wconf 85' lang='lat' dir='ltr'>mater</span> <span class='ocrx_word' id='word_1_273' title='bbox 829 3892 1015 3957; x_wconf 88' lang='lat' dir='ltr'>duodecim</span> <span class='ocrx_word' id='word_1_274' title='bbox 1027 3893 1134 3957; x_wconf 89' lang='lat' dir='ltr'>millia</span> <span class='ocrx_word' id='word_1_275' title='bbox 1146 3891 1404 3958; x_wconf 80' lang='lat' dir='ltr'>ducatorumin</span> <span class='ocrx_word' id='word_1_276' title='bbox 1418 3903 1491 3958; x_wconf 87' lang='lat' dir='ltr'>mo·</span> 
     </span>
     <span class='ocr_line' id='line_1_34' title="bbox 253 3997 1491 4082; baseline -0.002 -13"><span class='ocrx_word' id='word_1_277' title='bbox 253 3997 401 4080; x_wconf 81' lang='lat' dir='ltr'>nilibus,</span> <span class='ocrx_word' id='word_1_278' title='bbox 414 3999 564 4078; x_wconf 80' lang='lat' dir='ltr'>gemmis</span> <span class='ocrx_word' id='word_1_279' title='bbox 578 4010 613 4077; x_wconf 87' lang='lat' dir='ltr'>et</span> <span class='ocrx_word' id='word_1_280' title='bbox 628 3999 707 4064; x_wconf 87' lang='lat' dir='ltr'>aliis</span> <span class='ocrx_word' id='word_1_281' title='bbox 719 3998 920 4080; x_wconf 72' lang='lat' dir='ltr'>huiusmodi</span> <span class='ocrx_word' id='word_1_282' title='bbox 934 4000 1040 4064; x_wconf 90' lang='lat' dir='ltr'>rebus</span> <span class='ocrx_word' id='word_1_283' title='bbox 1049 3997 1406 4082; x_wconf 77' lang='lat' dir='ltr'>pretiosisoflerebat.</span> <span class='ocrx_word' id='word_1_284' title='bbox 1421 3997 1491 4066; x_wconf 86' lang='lat' dir='ltr'>De·</span> 
     </span>
     <span class='ocr_line' id='line_1_35' title="bbox 257 4103 1492 4204; baseline 0.002 -35"><span class='ocrx_word' id='word_1_285' title='bbox 257 4103 311 4198; x_wconf 79' lang='lat' dir='ltr'>dit</span> <span class='ocrx_word' id='word_1_286' title='bbox 323 4113 444 4170; x_wconf 85' lang='lat' dir='ltr'>tamen</span> <span class='ocrx_word' id='word_1_287' title='bbox 458 4103 635 4172; x_wconf 90' lang='lat' dir='ltr'>Dominus</span> <span class='ocrx_word' id='word_1_288' title='bbox 649 4108 787 4188; x_wconf 83' lang='lat' dir='ltr'>paenae</span> <span class='ocrx_word' id='word_1_289' title='bbox 809 4104 1063 4186; x_wconf 88' lang='lat' dir='ltr'>constantiam,</span> <span class='ocrx_word' id='word_1_290' title='bbox 1079 4117 1118 4171; x_wconf 93' lang='lat' dir='ltr'>ut</span> <span class='ocrx_word' id='word_1_291' title='bbox 1138 4107 1254 4172; x_wconf 88' lang='lat' dir='ltr'>omnia</span> <span class='ocrx_word' id='word_1_292' title='bbox 1269 4107 1358 4172; x_wconf 92' lang='lat' dir='ltr'>haee</span> <span class='ocrx_word' id='word_1_293' title='bbox 1381 4117 1492 4204; x_wconf 77' lang='lat' dir='ltr'>certa·</span> 
     </span>
     <span class='ocr_line' id='line_1_36' title="bbox 259 4197 1446 4296; baseline 0.002 -19"><span class='ocrx_word' id='word_1_294' title='bbox 259 4211 358 4286; x_wconf 84' lang='lat' dir='ltr'>mina</span> <span class='ocrx_word' id='word_1_295' title='bbox 377 4223 572 4296; x_wconf 90' lang='lat' dir='ltr'>superaret.</span> <span class='ocrx_word' id='word_1_296' title='bbox 1427 4197 1446 4288; x_wconf 54' lang='lat' dir='ltr'><em>s</em></span> 
     </span>
    </p>

    <p class='ocr_par' dir='ltr' id='par_1_7' title="bbox 317 4318 1491 4414">
     <span class='ocr_line' id='line_1_37' title="bbox 317 4318 1491 4414; baseline 0.005 -31"><span class='ocrx_word' id='word_1_297' title='bbox 317 4318 393 4385; x_wconf 73' lang='lat'>727,</span> <span class='ocrx_word' id='word_1_298' title='bbox 432 4320 471 4385; x_wconf 94' lang='lat' dir='ltr'>ln</span> <span class='ocrx_word' id='word_1_299' title='bbox 487 4320 748 4403; x_wconf 79' lang='lat' dir='ltr'>aegritudinem</span> <span class='ocrx_word' id='word_1_300' title='bbox 763 4321 884 4388; x_wconf 91' lang='lat' dir='ltr'>incidit</span> <span class='ocrx_word' id='word_1_301' title='bbox 900 4320 939 4388; x_wconf 90' lang='lat' dir='ltr'>P.</span> <span class='ocrx_word' id='word_1_302' title='bbox 957 4319 1283 4414; x_wconf 75' lang='lat' dir='ltr'>Pelletarius,··quae</span> <span class='ocrx_word' id='word_1_303' title='bbox 1298 4323 1334 4387; x_wconf 92' lang='lat' dir='ltr'>in</span> <span class='ocrx_word' id='word_1_304' title='bbox 1350 4333 1491 4406; x_wconf 87' lang='lat' dir='ltr'>quarta·</span> 
     </span>
    </p>
   </div>
   <div class='ocr_carea' id='block_1_3' title="bbox 256 4594 1263 4739">
    <p class='ocr_par' dir='ltr' id='par_1_8' title="bbox 256 4594 1263 4739">
     <span class='ocr_line' id='line_1_38' title="bbox 256 4594 1052 4661; baseline 0.009 -20"><span class='ocrx_word' id='word_1_305' title='bbox 256 4629 264 4652; x_wconf 91' lang='lat'>,</span> <span class='ocrx_word' id='word_1_306' title='bbox 302 4594 313 4630; x_wconf 82' lang='lat'><strong>¹</strong></span> <span class='ocrx_word' id='word_1_307' title='bbox 341 4595 769 4661; x_wconf 56' lang='lat' dir='ltr'>Pn;V111,·8,etitutth.xmo,</span> <span class='ocrx_word' id='word_1_308' title='bbox 985 4645 987 4648; x_wconf 88' lang='grc'><strong>,</strong></span> <span class='ocrx_word' id='word_1_309' title='bbox 1049 4643 1052 4648; x_wconf 28' lang='lat' dir='ltr'>r</span> 
     </span>
     <span class='ocr_line' id='line_1_39' title="bbox 301 4665 1263 4739; baseline -0.002 -15"><span class='ocrx_word' id='word_1_310' title='bbox 301 4665 748 4739; x_wconf 61' lang='lat' dir='ltr'>¹tue,·uprr.m÷¹a‚.a.ria..</span> <span class='ocrx_word' id='word_1_311' title='bbox 1081 4691 1088 4720; x_wconf 91' lang='lat'>.-</span> <span class='ocrx_word' id='word_1_312' title='bbox 1134 4715 1163 4733; x_wconf 71' lang='grc'>,,</span> <span class='ocrx_word' id='word_1_313' title='bbox 1260 4714 1263 4722; x_wconf 95' lang='grc'><em>.</em></span> 
     </span>
    </p>
   </div>
   <div class='ocr_carea' id='block_1_4' title="bbox 0 0 1826 5350">
    <p class='ocr_par' dir='ltr' id='par_1_9' title="bbox 0 0 1826 5350">
     <span class='ocr_line' id='line_1_40' title="bbox 0 0 1826 5350; baseline 0 0"><span class='ocrx_word' id='word_1_314' title='bbox 0 0 1826 5350; x_wconf 95' lang='lat' dir='ltr'> </span> 
     </span>
    </p>
   </div>
  </div>
 </body>
</html>
