3642 5350
754 362 819 427 An.
841 361 910 427 1566
1394 364 1450 429 aad
1527 370 1533 378 '

218 525 283 597 per
297 528 425 580 causas
440 511 603 596 superius
617 509 732 578 dictas
755 510 776 593 ¹,
797 514 992 595 scripserat
1006 512 1223 579 Provinciali
1242 512 1384 579 Siciliae
1406 524 1447 579 ut

219 622 431 703 intelligeret
455 639 539 686 num
564 622 682 702 aliqua
707 630 911 686 nostrorum
930 621 1117 686 multitudo
1132 622 1168 686 in
1183 620 1304 686 Sicilia
1326 621 1444 703 excipi

218 738 355 812 posset,
380 729 411 793 si
436 729 633 794 necessitas
661 728 697 793 id
724 730 932 811 postularet.
958 727 1192 794 Provincialis
1208 738 1328 794 autem
1352 729 1447 795 bono

218 837 336 902 animo
351 854 389 901 se
403 846 635 918 excepturum
649 836 739 903 dixit
753 853 842 918 quos
857 835 895 901 P.
908 836 1068 918 ignatius
1080 836 1245 901 misisset.
1258 836 1396 902 Etcum
1410 836 1447 901 id

218 960 299 1008 cum
313 943 482 1024 Pro-rege
497 942 718 1008 familiariter
734 944 954 1023 contulisset,
969 944 1137 1025 probavit
1152 944 1222 1024 ille,
1238 954 1274 1007 et
1292 943 1447 1009 libentis·

217 1052 305 1116 sime
319 1061 462 1116 nostros
477 1051 706 1133 excipiendos
720 1059 755 1116 et
768 1069 832 1133 per
846 1049 991 1117 Siciliae
1007 1068 1157 1133 regnum
1172 1050 1382 1117 dividendos
1397 1051 1447 1117 di-

217 1160 281 1241 xit,
297 1160 396 1225 etita
411 1176 506 1223 nova
521 1160 659 1225 admitti
674 1160 836 1241 collegia,
852 1160 1064 1241 praesertim
1074 1160 1111 1224 in
1121 1159 1209 1224 locis
1223 1159 1446 1241 opportunis,

217 1284 324 1348 posse
338 1252 562 1332 videbantur.
845 1350 846 1355 ἵ

280 1374 367 1439 1360.
411 1373 517 1440 Pater
532 1391 619 1456 ergo
632 1375 810 1441 Antonius
830 1376 901 1441 cito
921 1376 1104 1457 negotium
1116 1375 1186 1441 hoc
1204 1375 1390 1457 transegit,
1412 1386 1448 1441 et

217 1482 346 1548 civitas
360 1482 429 1548 tria
443 1482 553 1548 millia
567 1482 779 1549 ducatorum
793 1484 906 1549 tribus
929 1485 1031 1548 annis
1051 1502 1090 1548 se
1108 1483 1272 1549 daturam
1286 1484 1449 1566 promisit

218 1589 262 1655 ad
287 1591 422 1656 reditus
448 1592 631 1673 emendoS,
649 1592 776 1674 quibus
796 1600 939 1657 centum
960 1592 1098 1672 unciae,
1119 1592 1156 1656 id
1175 1601 1229 1657 est
1250 1591 1394 1658 ducenti
1413 1602 1448 1656 et

216 1699 473 1781 quinquaginta
489 1700 587 1764 aurei
603 1700 710 1764 annui
727 1698 861 1765 reditus
876 1701 945 1765 emi
961 1694 1115 1781 possent.
1132 1699 1211 1782 lpse
1232 1710 1351 1764 autem
1366 1696 1446 1781 Epi·

217 1822 347 1889 scopus
375 1806 529 1873 addebat
556 1807 690 1873 reditus
723 1808 950 1890 septuaginta
978 1808 1132 1890 quinque
1165 1802 1376 1873 ducatorum
1403 1808 1447 1872 de

217 1930 301 1995 suo,
324 1923 360 1979 et
381 1915 454 1979 suis
467 1925 652 1996 praeterea
667 1917 866 1998 sumptibus
881 1915 919 1980 P.
936 1914 1132 1980 Antonium
1146 1923 1181 1979 et
1195 1915 1286 1980 duos
1300 1914 1376 1997 ejus
1390 1932 1444 1980 so·

216 2021 294 2085 cios
308 2022 437 2087 alebat.

278 2128 367 2194 1361.
410 2129 528 2195 Prima
554 2130 610 2195 die
637 2128 802 2197 Octobris
821 2129 926 2211 hujus
951 2132 1035 2196 anni
1059 2131 1175 2213 prima
1198 2130 1327 2197 solutio
1351 2129 1446 2197 mille
1561 2214 1566 2219 ,

215 2247 432 2303 scutoruma
453 2238 599 2303 civitate
618 2238 782 2304 facienda
803 2249 890 2319 erat;
907 2239 1002 2321 quod
1021 2240 1053 2303 si
1072 2239 1266 2304 distulisset
1285 2256 1445 2303 summae

214 2346 410 2428 promissae
426 2346 646 2427 solutionem,
664 2346 876 2427 promiserat
891 2346 1020 2411 civitas
1034 2363 1099 2426 pro
1114 2347 1264 2427 singulis
1278 2346 1444 2424 millibuS,

214 2453 442 2534 septuaginta
456 2470 585 2518 aureos
599 2470 638 2517 se
653 2456 860 2529 soluturam;
883 2463 917 2517 et
932 2454 982 2517 ita
998 2455 1033 2517 in
1048 2455 1196 2518 consilio
1215 2454 1372 2519 civitatis
1386 2453 1445 2518 de·

216 2570 352 2625 cretum
366 2560 447 2639 fuit;
463 2560 558 2642 quod
573 2562 673 2626 curia
689 2561 789 2641 regia
806 2558 950 2625 Siciliae
964 2560 1175 2626 confirmare
1191 2562 1322 2626 debuit.

279 2667 367 2733 1362.
411 2668 513 2750 Quod
539 2679 658 2734 autern
681 2668 879 2752 Episcopus
905 2667 1051 2747 addidit,
1075 2666 1134 2749 jus
1160 2668 1337 2751 quoddam
1352 2679 1443 2752 erat,

214 2776 310 2859 quod
329 2795 350 2842 a
370 2778 516 2842 civitate
535 2779 720 2842 catanensi
740 2777 807 2841 sibi
830 2775 950 2842 deberi
968 2778 1239 2857 praetendebat;
1256 2788 1289 2842 et
1312 2779 1343 2842 si
1363 2776 1444 2842 effe·

214 2895 310 2950 ctum
325 2903 367 2950 ea
383 2883 483 2967 Haris
497 2885 552 2950 sui
567 2883 694 2967 cessio]
710 2884 835 2949 sortita
851 2894 963 2965 esset,
985 2885 1032 2948 ad
1050 2885 1221 2950 ducentos
1236 2903 1367 2950 aureos
1382 2905 1441 2950 an·

213 2992 276 3058 nui
289 2992 672 3074 reditus-pervenisset.
688 2991 758 3057 Sed
779 2993 811 3057 si
832 2991 984 3056 obtineri
1003 2992 1038 3056 id
1060 3010 1132 3056 non
1151 2993 1337 3075 potuisset,
1359 3004 1443 3058 tunc

214 3100 355 3165 demum
369 3100 595 3182 septuaginta
615 3099 627 3131 ¹
642 3116 770 3164 aureos
786 3098 990 3180 praedictos
1003 3117 1042 3164 se
1057 3100 1207 3180 singulis
1221 3100 1325 3165 annis
1343 3100 1442 3166 datu·

214 3225 293 3272 rum
308 3208 442 3272 obtulit.
1196 3251 1202 3260 .

275 3314 364 3380 1363.
406 3315 496 3380 Tam
509 3316 599 3380 bene
614 3323 732 3380 autem
744 3316 787 3381 de
800 3313 980 3380 Societate
992 3315 1167 3381 sentiebat
1178 3314 1389 3399 Episcopus,
1405 3325 1444 3381 ut

213 3423 467 3504 significaverit
483 3423 685 3488 decrevisse
699 3440 737 3486 se
759 3441 825 3487 nec
840 3422 993 3487 officium
1008 3441 1074 3489 nec
1090 3423 1301 3488 beneficium
1318 3425 1442 3504 ullum,

212 3532 320 3596 immo
339 3548 405 3597 nec
429 3532 572 3597 ordines
587 3548 710 3596 sacros
725 3530 889 3595 conferre
904 3531 1098 3595 affirmaret
1111 3529 1136 3611 ⁸,
1154 3532 1222 3596 nisi
1236 3540 1444 3596 nostrorum

214 3639 422 3722 approbatio
443 3639 688 3723 praecederet;
705 3648 739 3704 et
755 3656 900 3720 prorsus
916 3656 1085 3721 magnum
1100 3640 1233 3721 aperiri
1247 3640 1377 3704 ostium
1391 3639 1441 3703 vi·

213 3746 362 3812 debatur
385 3747 432 3812 ad
455 3747 675 3828 spiritualem
695 3747 850 3811 fructum
870 3764 916 3810 ex
937 3746 998 3810 illa
1016 3746 1161 3811 Domini
1175 3747 1281 3811 vinea
1301 3747 1441 3828 capien-

212 3855 319 3936 dum;
351 3863 386 3919 et
414 3855 579 3937 proxima
607 3853 893 3935 Quadragesima
929 3854 1019 3919 duos
1050 3872 1096 3919 ex
1126 3856 1260 3919 nostris
1278 3853 1442 3919 sacerdo·

212 3963 305 4028 tibus
323 3963 498 4028 Catanam
518 3963 609 4027 mitti
627 3960 847 4045 postulabat,
869 3970 907 4025 ut
926 3978 1051 4027 eorum
1066 3979 1175 4045 opera
1194 3977 1286 4042 grex
1304 3961 1363 4026 ille
1381 3977 1440 4042 pa·

212 4080 382 4137 sceretur.

272 4178 361 4244 1364.
404 4178 620 4260 Assignatus
635 4187 688 4244 est
703 4187 821 4244 autem
834 4177 994 4260 Collegio
1009 4177 1097 4243 situs
1112 4177 1257 4259 quidam
1271 4177 1307 4242 in
1322 4175 1440 4242 medio

213 4287 319 4365 urbis,
336 4288 423 4352 satis
438 4286 655 4367 commodus,
672 4304 754 4351 cum
776 4287 927 4352 ecclesia
948 4286 1037 4350 satis
1058 4286 1176 4368 ampla
1189 4294 1226 4349 et
1240 4283 1439 4365 commoda,

250 4495 260 4531 Ι
288 4493 598 4551 Vldesupra‚pag.67.n
616 4493 665 4540 alo.
1090 4530 1098 4546 ,

249 4566 261 4598 ²
288 4565 339 4622 Sic,
351 4578 408 4612 cum
419 4573 506 4612 maten
516 4577 605 4621 supra,
614 4579 639 4611 n.
651 4565 711 4622 1³⁶0,
723 4569 898 4624 septuaginta
909 4566 1026 4622 quinque
1035 4563 1162 4622 scriptum
1172 4566 1217 4610 alt.

250 4638 262 4676 i
289 4637 340 4696 Slc;
350 4649 440 4685 verum
450 4645 496 4684 aut
506 4638 555 4684 hoc
566 4636 726 4695 afflrnraret,
735 4647 780 4685 aut
790 4640 908 4696 superius
917 4639 1114 4699 significaverit
1123 4638 1268 4685 redundare
1279 4635 1412 4687 videntur.
