3642 5350
770 440 774 447 '
798 426 862 487 Aa.
885 426 954 489 1556
1436 426 1488 486 lot

261 572 480 637 removendo
506 581 541 635 et
566 572 715 635 similem
736 570 909 635 foetorem
929 572 1168 653 relinquendo.
1193 571 1344 652 Aliquae
1364 571 1490 639 deinde

259 679 391 746 Missae
406 679 522 743 dictae
536 680 679 743 fuerunt
694 688 728 743 et
743 680 889 743 vexatio
904 680 965 742 illa
979 679 1135 743 cessavit
1152 678 1172 743 ἰ.
1480 742 1482 745 ,

319 786 391 849 347.
435 786 620 865 Canonici,
638 787 954 866 congregationem
973 787 1031 848 vel
1049 787 1335 862 conventiculum
1351 796 1488 863 secreto

259 902 440 973 cogenteS,
455 882 644 974 quemdam
668 912 712 957 ex
728 894 912 957 canonicis
926 903 1193 974 procuratorem
1208 893 1434 973 delegerunt,
1451 902 1489 957 ut

258 1000 408 1066 Romam
423 1002 581 1077 veniens,
598 1000 760 1082 Capitulo
776 1002 914 1065 restitui
933 1011 1240 1093 curaretquatuor
1254 1002 1490 1067 canonicatus

258 1118 293 1173 et
318 1119 470 1189 quatuor
488 1110 809 1173 mansionariorum
832 1110 1012 1190 portiones
1034 1109 1181 1173 aeduos
1200 1110 1404 1190 clericatus,
1428 1110 1489 1191 qui

257 1218 437 1298 suppressi
452 1218 593 1281 fuerant
615 1236 636 1280 a
651 1217 833 1281 Cardinali
849 1216 1033 1298 Carpensi,
1050 1225 1251 1298 protectore
1268 1212 1290 1297 '‚
1308 1225 1345 1281 ut
1360 1217 1489 1286 exiliis

257 1325 428 1390 reditibus
449 1324 647 1405 Collegium
673 1322 861 1389 Societatis
887 1305 1081 1388 dotaretur.
1104 1325 1149 1389 Et
1173 1325 1231 1389 hic
1254 1341 1384 1404 scopus
1409 1334 1487 1401 erat

256 1450 389 1511 eorum,
406 1441 444 1496 ut
458 1450 500 1496 ea
515 1435 652 1497 ratione
667 1432 863 1511 Collegium
878 1432 1126 1511 dissolverent,
1141 1432 1236 1512 quod
1256 1432 1397 1497 aliunde
1413 1450 1484 1505 non

256 1557 361 1621 posse
384 1540 500 1605 dotari
525 1539 805 1618 arbitrabantur;
827 1548 862 1602 et
881 1539 1105 1610 commoveri,
1119 1556 1180 1603 eos
1198 1539 1391 1603 verisimile
1408 1548 1486 1603 erat

255 1666 301 1712 ex
316 1648 470 1729 quadam
486 1647 584 1726 vulgi
599 1666 698 1725 voce,
716 1664 786 1727 qua
801 1645 1129 1725 circumferebatur,
1153 1646 1248 1726 quod
1268 1656 1343 1710 tota
1364 1664 1406 1710 ea
1428 1665 1485 1714 ece

257 1756 365 1820 clesia
381 1755 570 1837 aliquando
587 1774 608 1819 a
623 1752 799 1818 Societate
814 1762 937 1823 nostra
952 1762 1046 1819 esset
1061 1753 1304 1833 gubernanda,
1320 1771 1411 1835 quae
1426 1760 1485 1819 res

257 1874 376 1929 tamen
390 1880 530 1944 semper
545 1862 660 1927 aliena
676 1881 697 1926 a
712 1860 900 1925 Societatis
915 1862 1097 1925 voluntate
1117 1861 1200 1939 fuit,
1218 1879 1299 1926 cum
1319 1860 1484 1927 decanta÷

256 1972 306 2036 tio
331 1972 534 2035 divinorum
556 1970 763 2049 officiorum,
790 1986 881 2049 quae
906 1969 977 2033 illic
1001 1978 1056 2033 est
1080 1970 1295 2047 necessaria,
1323 1969 1483 2034 instituto

257 2089 381 2144 nostro
394 2096 466 2143 non
481 2078 643 2158 quadret.

315 2186 387 2250 348.
429 2186 498 2250 Per
523 2184 763 2250 Secretarium
788 2183 988 2266 Cardinalis
1007 2184 1198 2265 Carpensis
1218 2184 1254 2251 id
1274 2186 1381 2251 tacite
1403 2203 1484 2267 age·
1580 2178 1582 2182 ’

254 2297 352 2372 bant,
368 2303 407 2357 ut
421 2294 529 2358 etiam
544 2294 619 2373 ipse
634 2292 860 2357 Gubernator
875 2291 919 2354 ab
934 2310 976 2355 eo
991 2293 1070 2356 loco
1085 2301 1340 2360 removeretur.
1356 2294 1482 2359 Irritus

258 2414 378 2467 tamen
393 2419 516 2465 eorum
531 2400 596 2464 suit
611 2407 771 2464 conatus.
1302 2466 1305 2470 ,
1470 2463 1472 2468 .

316 2509 386 2571 349.
431 2508 552 2589 Aliqui
576 2507 689 2571 Roma
714 2504 725 2537 ³
750 2506 934 2573 venientes
962 2524 1020 2570 res
1049 2507 1186 2588 aliquas
1212 2508 1249 2571 P.
1276 2509 1405 2589 Ignatii
1433 2528 1484 2575 se·

257 2636 340 2682 cum
353 2616 518 2697 ferentes,
534 2632 599 2698 pro
614 2615 772 2697 reliquiis
787 2631 850 2678 eas
869 2614 1058 2695 habebant,
1076 2633 1117 2680 eo
1134 2616 1293 2697 vivente;
1309 2607 1345 2681 at
1360 2617 1398 2681 P.
1415 2618 1484 2684 Oli·

256 2726 388 2806 verius,
405 2741 485 2789 cum
500 2725 607 2789 talem
620 2723 697 2788 iore
709 2725 941 2788 intentionem
954 2723 992 2786 P.
1007 2723 1137 2803 Ignatii
1151 2725 1217 2788 sibi
1228 2735 1325 2790 certo
1340 2743 1483 2807 persua·

256 2833 367 2913 deret,
394 2832 499 2913 jussit
524 2841 562 2896 ut
587 2849 678 2895 unus
702 2831 841 2912 publice
865 2849 904 2895 se
931 2842 1130 2912 accusaret,
1157 2841 1191 2896 et
1215 2842 1254 2897 ut
1279 2834 1485 2900 admoneret

259 2958 382 3005 omnes
393 2939 531 3021 publice
542 2957 586 3003 ne
598 2939 677 3020 quis
688 2940 789 3018 daret
804 2947 864 3002 aut
877 2939 1056 3018 acciperet
1067 2939 1200 3020 aliquid
1210 2939 1321 3020 ipsius
1332 2939 1371 3004 P.
1383 2941 1485 3021 Igna·

257 3049 297 3113 tii
321 3049 378 3112 vel
404 3048 550 3112 alterius
576 3047 620 3110 de
645 3045 823 3110 Societate
846 3064 908 3126 per
929 3046 1073 3110 modum
1095 3047 1324 3127 reliquiarum
1337 3092 1354 3123 ‚.
1372 3043 1412 3111 et‘
1426 3049 1485 3129 qui

257 3158 329 3219 tale
355 3155 488 3235 aliquid
512 3153 675 3230 haberet,
696 3154 817 3218 statim
839 3152 1004 3217 deferret.
1029 3152 1069 3216 In
1094 3155 1254 3233 collegiis
1275 3155 1388 3219 etiam·
1407 3155 1486 3219 aliis

258 3263 389 3327 similia
404 3263 464 3341 agi
479 3262 663 3326 intellexit.
1172 3265 1175 3272 '

317 3369 389 3434 350.
435 3370 523 3434 Cum
557 3371 672 3433 nostri
705 3369 778 3432 iere
817 3370 1076 3450 quinquaginta
1111 3378 1228 3435 essent
1252 3370 1417 3450 Laureti,
1452 3383 1485 3435 et

256 3495 381 3543 eorum
405 3486 510 3558 atque
536 3477 714 3557 hospitum
737 3494 915 3558 expensae
937 3493 1073 3557 ‘graves
1095 3487 1213 3540 essent
1236 3477 1485 3558 Gubernatori,

257 3585 480 3666 spargendos
494 3601 572 3648 esse
587 3593 729 3648 nostros
748 3585 816 3647 hac
838 3593 973 3648 aestate
996 3603 1060 3664 per
1078 3585 1181 3648 varia
1202 3584 1384 3649 Marchiae
1405 3586 1486 3649 loca

256 3691 404 3766 censuit,
421 3700 459 3754 ut
473 3691 674 3772 quindecim
688 3701 749 3754 aut
764 3691 893 3771 viginti
908 3690 984 3755 dies
1000 3708 1070 3754 uno
1085 3691 1122 3755 in
1133 3692 1223 3771 loco,
1240 3700 1275 3755 et
1290 3692 1437 3757 totidem
1448 3693 1485 3756 in

256 3800 339 3878 alio,
355 3809 596 3875 versarentur;
614 3808 648 3862 et
663 3800 711 3861 ita
728 3809 879 3879 quatuor
895 3807 1032 3862 tantum
1047 3798 1252 3863 sacerdotes
1267 3800 1335 3863 hac
1351 3808 1485 3864 aestate

255 3906 407 3971 Laureti'
418 3906 645 3970 substiterunt
662 3907 709 3970 ad
724 3924 848 3971 eorum
868 3907 1110 3971 confessiones
1129 3905 1336 3987 audiendas,
1352 3907 1419 3987 ¹qui
1439 3925 1486 3974 ex

256 4014 345 4079 locis
361 4015 489 4078 vicinis
503 4023 663 4095 tempore
679 4014 826 4078 aestatis
842 4014 1113 4078 conveniebant.

296 4255 305 4288 ἱ
334 4257 375 4301 Ad
387 4267 459 4302 oram
471 4257 581 4312 paginae
592 4257 618 4302 in
626 4270 672 4302 ms.
683 4257 789 4303 Polancl
800 4257 871 4302 addit
881 4257 1024 4303 sacchinus
1035 4270 1112 4303 manu
1122 4271 1177 4303 sua:
1185 4258 1271 4304 “llaec
1287 4271 1354 4304 anno
1366 4259 1418 4304 1555
1427 4272 1484 4307 con-

252 4330 379 4384 tigerunt,
394 4335 462 4373 teate
480 4329 509 4373 P.
519 4328 643 4384 Oliverlo,
657 4331 700 4386 qul
714 4341 770 4374 rem
785 4337 867 4376 totam
881 4331 972 4374 melius
982 4337 1074 4375 narrat
1089 4332 1115 4376 in
1130 4332 1276 4376 testimonio
1286 4334 1485 4386 authentico..-

252 4401 454 4456 Intelligcndum
465 4406 553 4445 autem
563 4402 612 4445 boc
622 4403 728 4446 videtur
738 4414 787 4446 non
798 4403 828 4446 de
842 4404 872 4446 iis
882 4410 991 4457 tantum,
1003 4414 1068 4458 quae
1084 4403 1132 4448 hoc
1147 4416 1171 4449 n.
1185 4403 1233 4458 346,
1248 4406 1293 4449 sed
1306 4405 1385 4449 etlam
1400 4406 1431 4449 de
1444 4406 1483 4456 lis,
1503 4425 1507 4434 ·

255 4483 324 4527 qnae
334 4473 511 4527 superlorlbus
521 4485 563 4517 nn.
573 4473 665 4518 324-828
674 4473 745 4518 dicta
755 4481 822 4518 sunt.

296 4543 309 4577 ¹
337 4544 401 4589 Tum
411 4545 560 4600 societatis,
572 4553 626 4590 tum
636 4547 716 4590 etiarn
726 4545 822 4590 Domus
832 4545 1010 4591 Lauretanae.

296 4615 308 4649 Ι
333 4617 383 4669 Ma,
390 4617 470 4661 babet
480 4617 604 4670 Romam,
614 4619 660 4662 sed
670 4629 759 4663 sensus
769 4619 900 4673 requirere
910 4620 1014 4664 videtur
1023 4620 1120 4672 Roma,
1129 4619 1193 4665 unde
1204 4619 1347 4666 Lauretum
1357 4629 1482 4669 venerant

253 4689 290 4735 ad
300 4687 329 4732 Ρ.
341 4687 490 4742 oliverium.
501 4689 544 4746 qui
556 4691 580 4736 in
591 4690 638 4734 hoc
648 4696 779 4750 postremo
790 4691 846 4738 loco
856 4690 975 4751 degebat.
