3642 5350
370 375 427 436 tat
832 373 960 434 Cuaou.
982 371 1059 432 Soc.
1079 373 1148 446 Jes.

372 521 413 585 Β.
441 520 575 584 Mariae
599 520 833 600 Magdalenae
857 518 999 594 redire,
1014 518 1096 600 quia
1120 529 1205 583 tunc
1230 517 1347 583 studia
1375 537 1438 600 per
1463 530 1606 585 nostros

373 638 476 692 erant
490 627 691 692 inchoanda
706 634 741 690 et
756 625 925 707 magnam
940 626 1183 691 studiosorum
1202 627 1462 691 multitudinem
1481 639 1603 693 ventu·

372 755 452 802 ram
467 735 705 806 existimabat.

433 842 525 907 2133.
568 841 679 906 Erant
693 842 806 906 nostri
821 839 986 922 Bigliomi
1001 852 1095 919 octo,
1112 852 1147 905 et
1162 859 1292 923 corpus
1307 844 1449 924 collegii
1467 855 1604 908 utcum-

372 969 444 1034 que
459 948 703 1029 conficiebant,
721 958 755 1013 et
769 950 980 1013 exuberanti
994 949 1130 1014 laetitia
1149 951 1272 1014 urbem
1286 951 1402 1028 illam,
1420 951 1484 1015 sed
1503 952 1604 1015 scho-

374 1060 520 1123 lasticos
534 1057 767 1138 potissimum,
784 1057 941 1120 adventu
956 1075 1032 1131 suo,
1047 1057 1107 1137 qui
1121 1057 1235 1121 Roma
1249 1059 1350 1122 missi
1364 1069 1477 1137 erant,
1491 1061 1604 1141 reple·

373 1175 514 1230 verunt.
527 1163 639 1230 Erant
653 1164 746 1227 inter
760 1181 822 1228 eos
836 1165 992 1246 quinque
1005 1165 1222 1243 sacerdotes,
1236 1175 1270 1228 et
1282 1166 1428 1230 liberius
1439 1176 1605 1248 poterant

376 1282 479 1338 extra
500 1273 712 1352 Bigliomum
731 1287 851 1336 semen
873 1272 974 1335 verbi
993 1269 1062 1335 Dei
1090 1289 1278 1353 spargere;
1306 1285 1342 1338 et
1365 1275 1415 1338 ita
1438 1292 1606 1354 egressus

375 1382 414 1446 P.
431 1381 673 1461 Hieronymus
687 1379 832 1443 Bassius
846 1381 956 1443 semel
975 1389 1081 1460 atque
1101 1380 1245 1458 iterum,
1268 1381 1304 1444 in
1325 1383 1454 1463 oppido
1477 1383 1608 1448 celebri

376 1489 506 1554 Montis
521 1486 671 1550 Ferrarii
687 1485 694 1516 ¹
711 1486 952 1565 concionatus,
969 1486 1019 1549 ita
1034 1488 1174 1551 civibus
1188 1488 1331 1568 placuit,
1345 1499 1383 1551 ut
1394 1489 1430 1552 in
1446 1489 1604 1570 Quadra·

374 1597 550 1678 gesimam
565 1596 765 1675 proximam
779 1592 884 1656 fuerit
899 1594 945 1656 ab
959 1594 1148 1674 oppidanis
1161 1596 1373 1676 postulatus.

436 1702 528 1767 2134.
572 1701 667 1766 Idem
683 1702 802 1778 etiam,
819 1718 901 1764 cum
912 1700 1057 1782 jubilaei
1076 1702 1193 1780 gratia
1209 1704 1435 1783 promulgata
1449 1703 1529 1783 luit,
1546 1721 1605 1767 an-

375 1811 489 1876 tidoto
505 1808 739 1873 confessionis
753 1811 944 1872 multorum
959 1809 1092 1872 morbis
1106 1810 1215 1874 etiam
1230 1809 1459 1873 Claromonte
1472 1812 1607 1876 mederi

375 1918 523 1983 studuit.
818 1975 820 1979 .

437 2025 529 2088 2135.
574 2021 631 2087 Sic
647 2023 753 2086 etiam
775 2021 812 2086 P.
831 2021 1018 2101 Robertus,
1036 2022 1120 2086 dum
1131 2024 1248 2087 studia
1263 2025 1490 2105 inchoantur,
1507 2044 1606 2107 prae·

375 2144 432 2197 ter
461 2134 748 2195 claramontanos
777 2148 820 2193 ac
849 2131 1075 2210 bigliomeos,
1111 2132 1386 2213 Aquaesparsae
1413 2141 1449 2196 et
1477 2133 1608 2198 Montis

380 2240 507 2304 Morini
532 2239 669 2302 incolas
692 2237 802 2300 verbo
827 2236 895 2301 Dei
920 2237 1055 2317 reiecit,
1081 2249 1116 2300 et
1141 2238 1382 2302 confessiones
1404 2241 1512 2304 etiam
1532 2242 1609 2322 ipse

377 2350 524 2424 multas,
542 2357 576 2408 et
591 2344 732 2426 quidem
747 2345 950 2422 generales,
968 2343 1150 2422 audiebat;
1168 2347 1331 2426 quamvis
1355 2346 1463 2428 aliqui
1484 2348 1608 2412 adver·

376 2455 478 2532 sarii,
497 2453 590 2534 quod
606 2453 730 2515 attinet
746 2451 791 2514 ad
807 2452 1055 2515 auctoritatem
1075 2453 1389 2518 ministrandorum
1407 2471 1607 2520 sacramen-

377 2575 494 2627 torum
510 2559 746 2642 poenitentiae
758 2567 793 2622 et
807 2558 1065 2637 Eucharistiae,
1080 2556 1251 2623 Societati
1264 2579 1284 2624 a
1296 2559 1386 2625 Sede
1397 2560 1607 2642 Apostolica

374 2687 601 2745 concessam,
623 2665 891 2747 obstrepebant;
912 2684 977 2729 nec
997 2667 1091 2731 enim
1109 2668 1284 2731 avaritiae
1304 2679 1365 2734 aut
1387 2669 1494 2734 etiam
1516 2670 1607 2734 invi-

375 2779 457 2842 diae
484 2776 615 2840 stimuli
645 2774 689 2837 ad
718 2772 773 2855 [id
800 2772 1054 2854 ministerium]
1084 2773 1096 2805 ¹
1123 2776 1361 2840 exercendum
1394 2778 1606 2857 quibusdam

376 2884 543 2961 deerant;
567 2892 601 2945 et
625 2880 703 2944 ideo
727 2880 929 2974 diplomatis
950 2881 1120 2961 pontificii
1140 2884 1340 2964 exemplum
1361 2884 1607 2965 subsignatum

377 2991 491 3056 Roma
506 2989 597 3053 mitti
611 2987 815 3069 postularia
832 2990 1009 3067 quamviS,
1027 2988 1238 3054 adveniente
1254 3000 1377 3071 postea
1394 2990 1431 3054 P.
1445 2990 1608 3072 Baptista

379 3099 549 3173 Violaeo,
579 3095 684 3158 facile
712 3094 777 3158 fuit
802 3095 1028 3175 exigentibus
1054 3097 1296 3161 testimonium
1324 3096 1526 3177 hujusmodi
1554 3116 1609 3162 sa·

377 3204 556 3269 tissacere.

436 3310 527 3375 2136.
571 3308 917 3374 Precibusofficiarii
936 3312 1233 3375 claramontensis
1256 3314 1459 3394 praedictus
1473 3313 1511 3377 P.
1529 3313 1609 3377 Hie-

376 3435 549 3500 ronymus
564 3417 762 3481 orationem
777 3418 925 3481 latinam
939 3418 976 3481 in
990 3418 1129 3498 synodo
1149 3420 1375 3484 sacerdotum
1395 3423 1610 3485 luculentam

378 3526 512 3589 habuit.
546 3524 713 3605 Bigliomi
745 3532 863 3587 autem
898 3524 936 3588 Ρ.
972 3523 1166 3605 RobertuS,
1201 3536 1390 3607 postquam
1424 3528 1608 3608 epistolam

377 3633 417 3698 B.
442 3631 543 3695 Pauli
565 3630 611 3695 ad
631 3630 812 3695 Romanos
832 3631 1051 3711 absolverat,
1073 3632 1228 3712 priorem
1248 3633 1288 3696 B.
1309 3633 1405 3698 Petri
1422 3636 1608 3716 epistolam

375 3741 589 3805 canonicam
602 3748 682 3820 post
697 3737 836 3802 Pas'cha
851 3739 1057 3819 auspicatus
1071 3750 1140 3819 est,
1157 3749 1192 3803 et
1211 3742 1260 3805 ita
1280 3741 1519 3821 theologicam
1533 3741 1606 3805 fun·

376 3848 532 3911 ctionem
551 3857 634 3911 ante
649 3844 686 3909 P.
709 3846 890 3926 Baptistae
911 3854 945 3909 et
970 3846 1148 3912 sociorum
1169 3847 1362 3912 adventum
1385 3859 1607 3925 exercuerat;

375 3956 541 4035 quamvis
566 3971 638 4018 non
662 3953 846 4017 omittebat
871 3969 1044 4017 excursus
1069 3955 1106 4018 in
1131 3958 1234 4019 varia
1257 3958 1350 4034 loca,
1380 3957 1611 4038 praedicandi

375 4062 506 4141 gratia,
524 4079 589 4125 nec
604 4072 912 4125 sacramentorum
926 4062 1135 4125 ministeria.
1157 4062 1278 4143 ltaque
1299 4064 1531 4130 advenientes
1551 4064 1612 4128 alii

376 4168 616 4232 introductam
635 4176 942 4231 sacramentorum
959 4166 1193 4248 frequentiam
1216 4170 1291 4250 ejus
1316 4189 1424 4253 opera
1447 4171 1612 4252 Bigliomi

375 4277 606 4355 invenerunt,
622 4292 713 4355 quae
729 4292 788 4339 res
802 4291 950 4355 prorsus
964 4285 1042 4339 erat
1056 4276 1124 4340 illis
1139 4278 1175 4341 in
1190 4280 1278 4343 iocis
1289 4289 1373 4343 ante
1387 4280 1456 4344 hoc
1471 4285 1614 4360 tempus

377 4380 554 4461 inaudita,
570 4397 662 4462 quae
677 4392 796 4445 tamen
812 4382 929 4461 magis
944 4400 986 4446 ac
1001 4384 1118 4464 magis
1133 4385 1260 4449 indies
1276 4388 1538 4452 crebrescebat.

419 4555 428 4585 ¹
456 4550 643 4596 Montlerrand.
654 4550 775 4595 Litterae
785 4550 1016 4607 Quadrimestres,
1030 4562 1050 4598 t.
1061 4564 1096 4608 iv,
1106 4566 1166 4609 pag.
1177 4554 1223 4599 53⁹,

420 4622 432 4654 ¹
459 4622 506 4669 Mu.
516 4634 588 4667 eum.
