3642 5350
336 402 389 468 'tot
790 409 918 470 Canon.
938 404 1016 468 Soc'.
1035 411 1105 481 jus.

336 564 417 620 octo
432 554 554 619 diebus
569 553 698 619 ibidem
712 554 853 631 mansit,
871 572 929 619 res
942 564 1063 619 tamen
1078 555 1124 618 ad
1141 550 1393 635 perfectionem
1407 553 1561 619 adducta

335 678 407 727 non
421 671 475 727 est
480 662 594 744 ,quod
608 662 772 727 abessent
786 663 886 727 multi
900 681 945 726 ex
956 664 1013 726 his
1023 666 1112 737 (erat
1124 663 1219 726 enirn
1228 662 1368 726 initium
1380 661 1559 790 Augusti),

338 771 383 834 ad
398 788 487 851 quos
501 769 698 850 pertinebat
713 788 755 834 ea
770 770 814 833 de
825 787 863 834 re
879 768 1110 834 decernere&

397 878 467 941 362.
511 876 683 957 Quamvis
701 886 819 942 autem
839 879 1072 957 magistratus
1092 886 1127 941 et
1146 877 1283 958 priores
1301 878 1429 942 urbis
1419 889 1509 940 mter
1523 894 1563 940 se

339 985 571 1051 convenirent
585 983 747 1049 dedomo
761 984 945 1066 praedicta
956 982 1125 1048 Societati
1139 984 1325 1059 tradenda,
1341 981 1451 1064 plebs,
1471 981 1563 1064 quae

339 1094 489 1174 singulis
500 1092 603 1156 annis
617 1092 666 1157 ibi
679 1092 795 1173 excipi
809 1092 977 1156 convivio
991 1092 1139 1169 solebat,
1156 1108 1227 1154 non
1241 1092 1345 1154 facile
1364 1107 1466 1155 suum
1481 1109 1563 1154 conr

340 1218 483 1265 sensum
496 1209 721 1280 praestatura
735 1198 936 1263 videbatur.
955 1198 1102 1262 Reditus
1127 1199 1235 1261 etiam
1257 1199 1490 1262 ducentorum
1505 1195 1565 1261 du·

339 1300 501 1372 'catorum
529 1306 644 1371 media
670 1324 714 1370 ex
739 1316 840 1387 parte
867 1306 1054 1369 constabat
1078 1324 1123 1367 ex
1148 1304 1333 1385 stipendio,
1356 1304 1450 1386 quod
1477 1304 1562 1368 ludi·

340 1414 513 1495 magistro
530 1414 608 1477 dari
623 1414 769 1477 solebat.

400 1520 471 1585 363.
514 1520 630 1585 Semel
653 1529 789 1584 tantum
809 1519 857 1583 ibi
876 1520 1109 1584 concionatus
1129 1528 1192 1599 est,
1215 1520 1309 1601 quod
1329 1520 1437 1582 alium
1457 1519 1561 1582 habe:

341 1638 420 1693 rent
434 1628 732 1707 concionatorem,
748 1644 819 1691 non
842 1638 963 1691 tamen
975 1628 1051 1691 sine
1066 1628 1195 1691 fructu.
1209 1626 1264 1690 De
1274 1628 1428 1707 quodam
1441 1644 1486 1689 ex
1497 1627 1564 1706 pri:

339 1736 498 1801 moribus
520 1745 670 1813 constat,
692 1736 752 1816 qui
771 1736 908 1816 publice
931 1736 1166 1799 concubinam
1187 1734 1350 1813 habebat,
1371 1744 1406 1795 et
1423 1734 1565 1797 omnino

342 1844 505 1926 promisit
520 1861 558 1907 se
574 1844 692 1906 statim
708 1861 787 1907 eam
802 1843 1020 1907 relicturum.

402 1950 473 2014 364.
518 1949 670 2029 Quidam
692 1951 799 2014 etiarn
821 1948 990 2014 Societati
1006 1968 1044 2014 se
1059 1950 1232 2030 adjunxit,
1253 1966 1358 2029 quem
1372 1949 1564 2013 Lauretum

340 2057 500 2146 deduxit,
517 2065 552 2119 et
566 2074 689 2121 curam
711 2057 844 2137 negotii
858 2058 975 2138 coepti
990 2057 1200 2121 conficiendi
1216 2057 1416 2134 cingulanis
1428 2055 1567 2136 quibus·

343 2166 424 2229 dam
440 2165 591 2244 reliquit.
608 2162 703 2228 Nihil
718 2176 834 2229 tamen
851 2165 1051 2229 consectum
1065 2176 1130 2245 est,
1147 2176 1181 2229 et
1195 2164 1385 2244 seminavit
1399 2165 1563 2241 daemon,

342 2280 422 2353 post
436 2271 475 2335 P.
492 2270 639 2335 Oliverii
654 2288 844 2351 recessum,
862 2291 1042 2337 rumorem
1057 2274 1245 2354 quemdam
1256 2272 1350 2354 quod
1363 2271 1567 2335 Florentiae
1678 2284 1684 2295 ·

343 2378 427 2443 Dux
442 2372 523 2443 octo
540 2398 585 2443 ex
600 2380 733 2443 nostris
748 2381 791 2443 ad
808 2382 970 2445 triremes
982 2382 1138 2445 miserat.

402 2487 474 2551 365.
517 2487 607 2567 Quia
622 2496 739 2551 tamen
754 2489 971 2553 commodius
987 2489 1172 2553 videbatur
1184 2488 1221 2553 P.
1236 2489 1393 2554 Oliverio
1405 2488 1569 2553 Recinati

344 2596 528 2677 collegium
556 2595 699 2676 habere,
726 2597 842 2678 coepit
867 2614 948 2660 cum
973 2598 1110 2661 civibus
1132 2614 1240 2678 agere
1268 2596 1311 2659 de
1332 2597 1464 2678 palatio
1486 2592 1569 2677 quo

342 2704 425 2768 dam
450 2703 618 2768 Societati
644 2704 868 2784 applicando,
892 2705 987 2786 quod
1012 2705 1199 2785 collegium
1224 2707 1446 2768 lauretanum
1477 2721 1570 2767 anno

342 2811 534 2893 praeterito
558 2811 594 2874 in
620 2820 755 2875 aestate
781 2811 1015 2890 habitaverat;
1037 2823 1126 2875 ‘nam
1145 2814 1302 2894 amplum
1326 2821 1361 2875 et
1386 2813 1569 2892 pulchrum

344 2919 541 2983 aediticium
557 2928 645 2997 erat,
672 2930 706 2982 et
722 2919 948 2982 commodum
972 2921 1174 2983 Lauretano
1195 2913 1366 2999 collegio,
1388 2919 1482 2998 quod
1496 2927 1571 2982 tatt-

344 3037 419 3090 tum
436 3027 548 3090 tribus
560 3027 712 3090 millibus
724 3043 891 3106 passuum
904 3025 1066 3090 Recinati
1078 3027 1195 3104 distat;
1209 3036 1244 3090 et
1259 3027 1439 3106 suggessit
1450 3024 1489 3088 P.
1503 3025 1571 3088 Oli-

345 3135 465 3196 verius
492 3133 660 3197 Generali
685 3132 830 3197 Vicario
855 3133 898 3197 de
923 3134 1028 3197 domo
1051 3135 1271 3214 probationis
1295 3133 1456 3197 Recinati
1478 3132 1572 3196 insti·

343 3241 488 3319 tuenda,
505 3250 543 3303 ut
559 3240 767 3304 confessarii
778 3241 919 3321 quidem
930 3241 1074 3304 Laureti
1087 3251 1281 3319 manerent,
1295 3241 1358 3304 sed
1368 3241 1463 3321 quod
1474 3241 1574 3303 scho-

346 3347 462 3411 lastici
482 3346 646 3411 Recinati
667 3347 792 3412 litteris
818 3349 943 3412 darent
970 3366 1126 3429 operam,
1148 3344 1435 3429 quandoquidem
1455 3342 1575 3411 clerici

348 3472 473 3536 parum
488 3465 612 3519 nostra
627 3472 735 3536 opera
751 3457 787 3520 in
801 3457 929 3520 litteris
952 3457 1155 3535 utebantur;
1174 3467 1208 3519 et
1228 3457 1377 3537 perutile
1398 3455 1465 3519 hoc
1485 3455 1574 3518 sutu-

346 3581 425 3627 rum
451 3562 638 3626 videbatur
666 3563 857 3626 valetudini
879 3573 1097 3638 nostrorum,
1119 3574 1153 3627 et
1169 3581 1226 3626 res
1246 3573 1416 3644 pergrata
1438 3561 1572 3626 accide-

346 3671 407 3734 bat
423 3669 713 3748 recinatensibuS,
731 3671 790 3750 qui
810 3681 1021 3752 receperunt
1035 3689 1073 3734 se
1089 3664 1305 3735 tractaturos
1321 3671 1356 3732 in
1375 3687 1440 3733 suo
1460 3668 1573 3732 co'nsi·

347 3779 394 3841 lio
410 3777 516 3859 quid
507 3778 574 3857 tpsi
590 3776 751 3842 conferre
771 3789 915 3860 possent
931 3779 976 3842 ad
995 3779 1135 3858 collegii
1155 3778 1383 3856 dotationem,
1401 3771 1483 3840 nasu
1506 3778 1576 3884 col·

349 3886 543 3965 legiuium
534 3903 601 3966 tpsr
593 3886 893 3966 postulaverant
1561 3897 1564 3904 '

393 3991 480 4054 366.
525 3991 728 4055 Offerebant
761 3994 903 4074 quidem
943 3995 1128 4075 pulchrum
1162 3946 1442 4071 monasterium,-
1474 4001 1576 4055 extra

349 4099 471 4162 urbem
485 4099 650 4180 positum,
668 4101 749 4164 licet
764 4101 874 4165 muris
891 4100 1131 4182 conjunctum;
1153 4101 1215 4163 sed
1230 4101 1266 4164 P
1289 4100 1465 4163 Oliverius
1484 4095 1578 4162 intra

350 4207 473 4271 urbem
488 4207 678 4271 convenire
695 4209 808 4288 magis
824 4208 976 4288 dicebat,
993 4225 1059 4271 nec
1073 4207 1261 4272 Societatis
1276 4206 1475 4289 praefectos
1497 4223 1578 4269 con·

350 4332 516 4380 sensuros
532 4333 609 4379 esse
624 4324 663 4380 ut
678 4316 736 4379 alii
751 4318 908 4398 religiosi
925 4335 970 4381 ex
984 4335 1048 4380 suo
1064 4317 1280 4380 monasterio
1305 4317 1577 4396 expellerentur,

352 4433 390 4489 ut
404 4441 538 4505 paucos
554 4423 727 4504 quosdam
742 4425 918 4505 expellere
932 4425 1109 4487 volebant.

394 4667 402 4701 ¹
430 4666 497 4714 Vide
507 4679 593 4724 sopra,
604 4679 665 4726 pag.
675 4667 709 4722 79,
721 4680 745 4712 n.
757 4668 804 4716 255.
885 4689 887 4696 ·
