3642 5350
800 415 863 474 Au.
886 416 956 475 1556
1436 419 1489 478 ’001

256 569 448 624 sexcentos
463 559 608 624 francos
625 559 734 654 annui
753 560 889 625 reditus
903 571 986 625 ante
1004 577 1137 626 annum
1157 579 1196 626 se
1218 561 1384 626 daturum
1405 580 1490 644 pro·

256 667 367 732 misit.

318 773 410 839 2166.
455 774 612 840 Calicem
627 785 836 856 argenteum
856 793 938 840 curn
958 777 1086 840 ceteris
1106 778 1341 853 ornamentis,
1358 775 1491 842 sacrifi·

257 883 317 946 cio
332 880 463 946 Missae
478 883 706 962 necessariis,
723 883 855 947 nostris
870 884 1008 962 obtulit,
1024 901 1090 947 nee
1105 885 1219 948 solum
1234 895 1412 963 amanter,
1429 885 1493 948 sed

258 990 452 1053 liberaliter
467 990 577 1054 etiam
590 1007 628 1053 se
643 1007 769 1070 gerere
783 991 983 1055 videbatur.

319 1095 411 1160 2167.
454 1094 614 1160 Venerat
639 1098 669 1160 is
690 1097 832 1160 ineunte
857 1095 1052 1162 Novembri
1075 1097 1306 1178 Bigliomum,
1330 1107 1365 1161 et
1387 1098 1495 1162 situm

258 1201 421 1282 Collegio
436 1220 479 1266 ac
494 1204 624 1283 templo
640 1203 810 1284 erigendo
825 1203 1028 1284 designavit
1043 1203 1131 1285 (qua
1146 1205 1190 1268 de
1204 1223 1245 1268 re
1266 1205 1362 1268 haud
1379 1204 1388 1236 ¹
1403 1205 1496 1268 levis

260 1309 379 1374 iuerat
403 1310 496 1374 inter
520 1310 618 1373 cives
642 1311 889 1374 controversia
918 1311 955 1374 in
982 1311 1122 1392 publico
1151 1311 1382 1390 magistratus
1412 1329 1494 1375 con-

258 1445 386 1522 sessu);
408 1443 617 1524 promittens
632 1443 774 1508 interim
788 1460 869 1506 cum
884 1445 1041 1538 maxima
1056 1445 1214 1508 omnium
1228 1444 1364 1509 laetitia
1378 1461 1418 1507 se
1440 1428 1496 1540 {-

262 1578 470 1641 francorum
496 1577 579 1641 huic
605 1577 704 1658 operi
724 1577 783 1658 pio
805 1595 843 1640 se
867 1578 1125 1658 impensurum,
1154 1596 1262 1658 quam
1291 1577 1494 1659 promissio·

217 1767 219 1772 Ι
265 1701 358 1760 nem,
382 1685 519 1749 civibus
538 1679 758 1766 praestitam,
776 1685 914 1748 litterae
934 1684 1009 1764 eius
1029 1685 1075 1748 ad
1095 1685 1420 1764 Congregationem
1435 1701 1495 1760 ge·
1604 1706 1607 1711 <

262 1793 422 1856 neralem
435 1809 499 1873 per
514 1791 639 1856 Patres
654 1791 885 1855 Paschasium
899 1801 934 1855 et
950 1791 1147 1872 Baptistam
1161 1790 1351 1856 Violaeum
1362 1792 1496 1855 missae

264 1899 498 1963 testabantur.

231 1987 237 1999 ’
323 2005 415 2071 2168.
458 2007 597 2071 Interea
616 2007 767 2086 victum,
788 2007 957 2070 vestitum
975 2015 1010 2070 et
1030 2007 1098 2069 alia
1121 2008 1323 2070 necessaria
1344 2005 1497 2086 benigne

260 2114 565 2179 subministrabat.
582 2111 679 2177 Situs
693 2122 812 2177 autem
827 2113 968 2194 publica
987 2114 1143 2177 civitatis
1158 2115 1311 2194 pecunia
1331 2124 1497 2177 extruen-

260 2222 319 2286 dis
339 2219 633 2302 [habitationibus
647 2221 704 2284 vel
719 2217 868 2302 scholis]
889 2221 1113 2301 designatus,
1134 2221 1249 2301 pretio
1269 2220 1497 2284 redimendus

262 2329 330 2394 fuit
344 2348 365 2393 a
379 2331 460 2394 viro
476 2328 639 2410 quodam,
656 2328 715 2409 qui
736 2329 973 2408 possessionis
995 2325 1074 2408 jure
1098 2329 1197 2391 illum
1216 2339 1429 2409 occupatum
1450 2338 1497 2391 te·

262 2437 386 2515 uebat;
413 2446 489 2500 erat
514 2445 633 2500 autem
652 2435 837 2515 proximus
858 2437 947 2512 5010,
968 2436 1100 2500 nostris
1126 2434 1272 2499 aedibus
1295 2435 1496 2517 designato,

261 2545 361 2626 quod
375 2543 544 2624 impensis
558 2543 724 2624 Episcopi
740 2543 1009 2607 Claramontani
1022 2543 1073 2606 9.·
1084 2543 1141 2606 die
1152 2542 1338 2606 Februarii
1349 2559 1498 2622 sequen·

264 2653 312 2717 tis
326 2661 588 2733 comparatum,
605 2651 641 2715 in
657 2647 845 2715 Societatis
856 2649 917 2733 jus
928 2651 1140 2716 translatum
1155 2660 1220 2714 est.

325 2758 417 2822 2169.
461 2758 640 2839 Optabant
655 2768 773 2822 autern
795 2759 908 2822 nostri
928 2767 966 2821 ut
986 2760 1102 2840 primo
1121 2775 1260 2840 quoque
1281 2766 1441 2837 tempore
1464 2766 1499 2819 et

262 2866 466 2931 aedificium
480 2875 514 2929 et
528 2864 746 2929 dotationem
760 2866 959 2947 Episcopus
974 2864 1173 2944 conficeret;
1191 2882 1275 2929 nam
1286 2865 1429 2945 saepius
1441 2880 1497 2927 co·

264 2973 537 3038 licisdoloribus
557 2971 603 3036 ad
622 2981 820 3037 extremum
841 2974 938 3036 vitae
952 2973 1148 3054 periculum
1168 2974 1282 3035 bonus
1300 2972 1499 3052 Episcopus

262 3080 522 3160 deducebatur;
538 3088 572 3142 et
587 3080 618 3142 si
633 3080 732 3160 prius
747 3078 959 3143 decessisset
974 3097 1081 3160 quam
1092 3079 1289 3159 Collegium
1301 3076 1499 3158 fundasset,

266 3189 422 3252 humana
437 3190 527 3253 ratio
544 3186 693 3267 Collegii
707 3185 810 3266 huius
825 3186 1026 3251 stabiliendi
1042 3183 1231 3267 [defutura]
1246 3186 1447 3250 videbatur.

327 3294 371 3359 Et
392 3295 482 3359 haec
502 3295 545 3359 de
565 3294 796 3375 Bigliomensi
815 3292 975 3373 Collegio
995 3310 1038 3357 ac
1057 3292 1248 3357 Provincia
1269 3294 1408 3358 Galliae
1430 3294 1501 3357 sint

264 3403 374 3467 dicta.

311 3655 320 3687 ¹
347 3654 393 3699 Mu.
404 3657 461 3699 aut.
