3642 5350
786 415 851 475 AN.
874 415 944 474 1556
1425 416 1482 477 499

243 561 374 626 dorum
389 568 693 624 sacramentorum
706 561 836 640 gratia,
854 559 1097 636 confluebant3
1127 570 1164 624 ut
1180 562 1303 643 aliqui,
1318 561 1479 644 frequen·

243 670 335 734 tiam
358 677 394 731 et
413 667 639 731 devotionem
659 668 997 731 communicantium
1024 677 1242 748 spectantes,
1258 685 1330 732 non
1346 669 1481 750 absque

247 775 418 856 lacrymis
430 789 518 855 prae
528 773 764 837 admiratione
775 783 810 838 et
820 774 965 854 gaudio,
979 773 1063 838 dum
1073 791 1204 838 novam
1217 792 1336 839 rerum
1350 773 1480 840 facient

245 890 421 964 spectant,
439 879 491 944 eis
505 880 714 944 assisterent
728 878 748 942 ¹.
766 878 934 944 Permulti
947 881 1056 945 etiam
1067 881 1103 944 in
1115 882 1189 945 suis
1202 881 1393 962 parochiis,
1407 883 1481 946 ino·

247 991 403 1054 lescente
417 995 542 1051 sancta
557 987 822 1065 cousuetudine,
839 996 921 1067 post
935 987 1127 1051 adventum
1147 998 1368 1069 nostrorum,
1387 1006 1479 1053 com·

247 1095 492 1161 municabant.

308 1201 400 1267 2156.
445 1200 483 1266 P.
498 1200 659 1282 Baptista
674 1200 846 1266 Violaeus
861 1201 930 1266 hoe
945 1213 1129 1282 autumno,
1146 1220 1226 1267 cum
1241 1203 1389 1268 latinam
1403 1221 1481 1268 ora·

245 1312 381 1376 tionem
395 1309 432 1373 in
447 1308 585 1391 synodo
602 1309 870 1373 claramontano
889 1320 969 1390 post
987 1309 1118 1373 festum
1139 1310 1184 1374 D.
1206 1311 1326 1374 Lucae
1341 1310 1481 1374 habuis-

243 1425 312 1497 set,
328 1433 462 1496 magno
477 1416 678 1480 auditorum
690 1416 862 1496 applausu
874 1425 1045 1496 exceptus
1055 1415 1133 1497 fuit,
1147 1426 1182 1482 et
1193 1417 1240 1481 ad
1255 1417 1482 1482 ecclesiastes

244 1542 376 1591 munus
391 1524 485 1605 apud
500 1523 851 1586 claramontanenses
866 1522 1066 1586 obeundum
1083 1524 1118 1586 in
1138 1525 1305 1604 proxima
1321 1522 1482 1604 Quadru-

243 1633 384 1715 gesima
399 1649 421 1694 a
434 1631 683 1712 Pro-episcopo
700 1637 860 1710 rogatus,
877 1629 1037 1693 modeste
1052 1647 1090 1693 se
1106 1631 1303 1695 excusavit.

307 1738 399 1802 2157.
444 1737 535 1803 Cum
549 1737 692 1802 unicam
711 1736 819 1800 etlam
838 1735 1047 1799 concionem
1064 1735 1158 1800 idem
1178 1736 1224 1800 ad
1244 1738 1343 1801 cives
1357 1739 1480 1819 biglio·

245 1861 347 1910 meos
362 1846 554 1920 habuisset,
568 1845 702 1924 aliquot
717 1843 848 1907 civium
862 1851 996 1907 temere
1016 1841 1233 1908 offensorum
1255 1844 1393 1909 animos
1414 1846 1481 1910 sibi

248 1953 512 2032 reconciliavit,
543 1961 649 2033 atque
676 1949 722 2014 ab
750 1949 928 2014 universis
957 1951 1188 2014 concionator
1212 1951 1249 2015 in
1278 1952 1479 2031 proximam

245 2059 569 2143 Quadragesimam
582 2059 783 2140 postulatus
798 2066 862 2121 est.

307 2165 400 2232 2158.
445 2163 643 2263 Occasione
657 2165 727 2228 loci
742 2163 902 2244 Collegio
918 2163 1089 2243 erigendo
1100 2163 1281 2246 destinati,
1295 2167 1481 2231 altercatio

243 2275 364 2340 civilis
379 2281 500 2338 creata
515 2271 643 2352 fuerat,
660 2287 751 2352 quae
764 2270 949 2352 praedicta
963 2271 1076 2352 ipsius
1098 2272 1269 2336 concione
1284 2273 1321 2336 in
1335 2289 1480 2337 concor·

242 2382 343 2446 diam
356 2378 613 2468 propemodum
628 2377 775 2442 redacta
789 2385 854 2441 est.
869 2375 1090 2458 Frequentes
1105 2378 1212 2442 etiam
1226 2377 1295 2443 hoc
1309 2387 1480 2445 autumno

243 2489 438 2553 conciones
452 2485 618 2567 Bigliomi
633 2485 755 2549 habuit
774 2482 811 2547 P.
828 2483 1071 2565 Hieronymus
1091 2485 1239 2549 Bassius
1258 2503 1340 2550 cum
1360 2489 1480 2568 gratia

242 2604 281 2660 et
309 2594 486 2678 spirituali
511 2593 663 2658 utilitate
690 2591 881 2656 multorum
904 2609 976 2656 non
1000 2591 1154 2671 vulgari,
1181 2601 1217 2656 et
1242 2611 1262 2657 a
1287 2595 1417 2676 populo
1442 2594 1482 2659 in

244 2704 447 2785 proximam
462 2701 783 2782 Quadragesimam
798 2698 992 2780 impensius
1006 2708 1041 2763 et
1056 2700 1131 2780 ipse
1146 2702 1379 2781 expetebatur
1392 2701 1415 2766 ⁸.

305 2810 398 2875 2159.
439 2809 518 2890 lpse
533 2817 651 2871 autem
666 2805 704 2872 P.
720 2806 909 2886 Robertus,
926 2806 1141 2887 quotidianis
1156 2808 1192 2870 in
1207 2806 1376 2872 Adventu
1397 2826 1480 2875 con·

242 2917 407 2982 cionibus
420 2932 465 2980 ex
480 2931 579 2980 more
593 2914 735 2994 habitis,
748 2911 822 2995 jam
837 2915 988 2977 alterum
1007 2928 1139 2977 annum
1161 2931 1204 2977 ea
1219 2915 1256 2977 in
1275 2918 1478 2997 occupatio·

243 3043 291 3090 ue
306 3022 472 3103 Bigliomi
487 3030 653 3085 versatus
668 3029 733 3101 est;
749 3020 917 3101 praetulit
937 3019 1032 3084 enim
1051 3019 1250 3101 Episcopus
1269 3022 1479 3102 bigliomeos

244 3132 283 3197 ln
302 3133 371 3196 hac
390 3138 491 3211 parte
514 3128 765 3206 riomensibuS,
792 3127 1015 3207 ambertinis,
1041 3130 1320 3209 curtapetraniS,
1346 3132 1407 3212 qui
1433 3132 1480 3196 ad

242 3256 347 3304 suam
363 3238 546 3302 civitatem
560 3237 596 3299 in
616 3234 783 3299 Adventu
799 3234 916 3315 ipsum
935 3233 1196 3314 invitaverant,
1215 3236 1323 3301 immo
1341 3246 1376 3302 et
1398 3239 1479 3303 isio·

244 3345 476 3423 dorensibus,
502 3344 575 3423 qui,
602 3343 694 3406 male
723 3342 901 3405 intellecta
926 3339 1094 3422 Episcopi
1118 3344 1368 3425 responsione,
1393 3346 1478 3411 dum

241 3456 360 3536 ipsum
385 3460 591 3533 expectant,
619 3450 694 3513 dies
713 3459 793 3513 octo
815 3449 1068 3512 concionatore
1088 3461 1291 3531 caruerunt,
1312 3452 1408 3532 quod
1429 3454 1480 3517 in·

243 3560 470 3627 commodum
490 3556 772 3639 Quadragesima
792 3556 955 3636 sequenti
974 3554 1069 3637 apud
1084 3557 1228 3620 eosdem
1249 3559 1477 3625 concionatu-

244 3684 308 3733 rus
323 3667 498 3731 resarcire
513 3664 705 3729 constituit.

306 3774 397 3841 2160.
441 3772 609 3837 Precibus
624 3780 742 3834 autem
757 3768 795 3833 P.
811 3770 994 3851 Baptistae
1009 3769 1151 3834 Violaei
1165 3769 1270 3850 hujus
1289 3770 1479 3837 Adventus

243 3884 438 3948 conciones
459 3879 658 3960 bigliomeis
677 3879 875 3959 Episcopus
893 3878 1035 3957 tribuit;
1056 3878 1136 3943 aliis
1157 3878 1265 3943 etiam
1284 3888 1387 3944 extra
1407 3880 1478 3944 Ad·

244 3999 403 4069 ventum,
420 3986 609 4069 etquidem
627 3986 870 4067 frequentibus
889 3984 1120 4049 concionibus
1135 3986 1179 4048 ab
1195 3985 1320 4051 eodem
1334 3986 1477 4068 habitis,

242 4098 406 4163 accessio
433 4094 575 4176 pietatis
601 4094 647 4157 ad
671 4093 863 4156 multorum
887 4092 1169 4156 consolationem
1193 4093 1359 4172 Bigliomi
1383 4094 1480 4159 facta

240 4216 308 4285 est;
325 4204 417 4268 sicut
432 4206 540 4266 etiam
554 4202 590 4265 in
606 4199 931 4281 Abbatiaquadam
946 4207 981 4263 et
999 4199 1087 4262 urbe
1102 4199 1236 4263 belensi
1259 4217 1332 4265 non
1352 4203 1481 4282 procul

242 4310 419 4392 Bigliomo
434 4309 570 4388 dissita,
586 4317 622 4371 et
636 4308 672 4371 in'
687 4306 815 4388 oppido
831 4304 892 4370 §.tt
911 4305 1068 4370 Amandi
1082 4315 1117 4370 et
1131 4306 1262 4371 Usonis
1277 4318 1385 4389 atque
1400 4309 1480 4373 aliis

284 4518 293 4553 Ι
322 4516 377 4571 Slc;
388 4516 459 4572 qussi
471 4525 535 4559 vero
545 4514 614 4558 dlcat
625 4512 752 4567 aliquot...
770 4512 835 4555 dum
852 4522 950 4556 novam
967 4522 1059 4556 rerum
1068 4511 1175 4567 faciem
1190 4514 1315 4567 spectant
1335 4516 1484 4558 communi·

244 4590 372 4637 cantibus
379 4589 531 4645 permixtos
541 4586 682 4639 assistere,
693 4587 719 4629 rt
728 4595 824 4629 sacrae
836 4582 976 4639 Synaxeos
983 4584 1137 4639 participes
1147 4594 1250 4639 quoque
1259 4584 1329 4638 sieri.

287 4662 300 4696 ¹
326 4660 552 4707 dehortabatur.
