3642 5350
355 446 410 512 212
812 441 940 510 Cnaort.
960 440 1037 507 Soc.
1056 439 1127 520 Jns.

357 597 507 663 tuissent
521 594 663 676 audire;
684 604 721 661 et
739 594 882 659 devotio
906 591 1028 674 populi
1050 592 1177 657 mirum
1198 591 1234 658 in
1257 590 1399 657 modum
1423 606 1585 671 crescere

356 704 558 784 videbatur;
574 704 693 769 multis
707 702 802 767 enim
816 718 897 765 cum
912 700 1083 781 lacrymis
1096 708 1131 763 et
1156 698 1369 765 contritione
1387 715 1519 779 magna
1538 696 1585 763 ad

355 812 470 877 mum
488 809 715 889 accedebant,
737 819 772 874 et
793 808 949 873 familias
969 806 1129 887 integras
1151 806 1330 886 audiebat,
1353 822 1504 887 quarum
1524 806 1585 871 ali·

354 936 425 1002 qua
438 918 585 999 triginta
600 933 772 999 personas
793 915 927 979 babuit.

413 1023 486 1089 781.
529 1023 680 1105 Quidam
694 1024 814 1101 etiam,
834 1022 948 1103 quise
969 1022 1188 1086 contrarium
1210 1021 1343 1086 nostris
1362 1020 1582 1100 exhibuerat,

355 1131 462 1197 immo
490 1130 778 1196 adversariorum
806 1139 913 1210 caput
941 1140 1034 1207 erat,
1064 1128 1160 1208 Mag.
1191 1128 1398 1193 Albertinus
1426 1129 1582 1207 nomine,

355 1240 470 1305 eidem
483 1238 521 1304 Ρ.
537 1237 705 1303 Andreae
720 1254 801 1302 cum
817 1252 948 1317 magna
963 1236 1176 1300 contritione
1191 1246 1227 1300 et
1247 1236 1386 1301 fletibus
1400 1235 1585 1300 confessus

355 1356 422 1426 est,
444 1346 503 1428 qui
525 1346 617 1411 inter
636 1343 824 1427 primarios
844 1353 921 1408 erat
942 1340 1017 1424 eius
1042 1342 1162 1424 oppidi
1186 1352 1221 1406 ct
1249 1360 1356 1425 saepe
1379 1344 1519 1424 legatus
1540 1342 1585 1407 ad

357 1453 495 1518 Ducem
509 1451 696 1517 Ferrariae
710 1450 802 1516 mitti
816 1451 965 1516 solebat.

416 1558 488 1625 782.
531 1558 712 1641 Optabant
727 1568 846 1622 autem
862 1568 899 1623 ut
915 1559 1033 1623 locum
1047 1556 1220 1623 haberent
1235 1558 1347 1623 nostri
1362 1558 1584 1623 idoneumet

358 1667 530 1748 amplum3
546 1683 628 1731 nam
644 1664 690 1730 ad
704 1665 802 1730 illum
816 1664 922 1729 valde
937 1674 1147 1745 angustum,
1163 1682 1269 1746 quem
1288 1666 1400 1730 nostri
1419 1675 1503 1730 tunc
1524 1666 1585 1729 lra-

283 1845 285 1848 ,
356 1774 498 1853 bebant,
513 1790 586 1837 non
601 1772 699 1837 multi
719 1772 841 1837 venire
861 1782 1043 1853 poterant;
1059 1782 1094 1837 et
1109 1790 1154 1836 ne
1168 1773 1421 1837 contenderent
1441 1772 1485 1838 de
1505 1774 1585 1836 loco

358 1880 408 1947 ibi
422 1880 612 1947 obtinendo
627 1880 717 1945 inter
733 1896 783 1959 se,
799 1878 1086 1961 praecavendum
1101 1889 1191 1944 erat.

417 1987 488 2054 titt.
531 1986 632 2052 Multi
648 1986 789 2051 veniam
803 1985 979 2067 petierunt
992 1986 1086 2067 quod
1103 1985 1235 2049 nostris
1248 1984 1398 2051 luissent
1416 1986 1583 2064 oblocuti,

360 2104 396 2160 et
410 2094 441 2159 si
454 2094 610 2174 egissent
624 2093 736 2158 nostri
750 2091 794 2156 de
808 2108 965 2171 recessu,
980 2109 1061 2156 eum
1075 2091 1242 2157 affectum
1258 2092 1465 2159 ostendebat
1479 2109 1585 2174 popu-

359 2204 426 2281 lus,
442 2212 479 2265 ut
494 2201 679 2264 tumultum
696 2198 939 2263 concitaturus
961 2197 1143 2263 videretur
1163 2208 1198 2263 et
1219 2216 1399 2265 recessum
1418 2217 1489 2263 non
1508 2216 1584 2281 per·

358 2310 542 2374 missurus.
563 2306 648 2371 Dux
666 2307 774 2371 etiam
794 2306 803 2339 ⁸
822 2324 894 2370 non
918 2305 1105 2371 videbatur
1127 2324 1202 2371 rem
1223 2317 1365 2388 gratam
1386 2308 1583 2384 habiturus,

358 2434 425 2481 nec
449 2414 650 2481 Cardinalis
674 2412 735 2479 83¹
764 2413 911 2493 Ange1i;
937 2424 972 2478 et
997 2414 1028 2477 si
1049 2414 1223 2495 patienter
1246 2416 1358 2480 nostri
1381 2414 1586 2496 aliquandiu

359 2524 479 2605 aliqua
500 2524 632 2587 ferrent
654 2521 891 2600 incommoda,
914 2520 1057 2586 tandem
1079 2532 1176 2586 recte
1195 2522 1479 2587 constituendum
1501 2522 1586 2586 illud

359 2630 555 2713 Collegium
570 2629 609 2695 P.
625 2628 810 2695 Pelletario
825 2628 1012 2695 videbatur
1026 2638 1060 2694 et
1072 2628 1213 2696 interim
1225 2629 1429 2695 necessaria
1441 2647 1513 2694 non
1527 2628 1583 2694 de·
1638 2620 1640 2627 ⁴

360 2741 479 2804 sutura
493 2735 515 2803 ⁸.

418 2844 489 2909 784.
531 2843 631 2909 Haec
649 2861 760 2926 usque
779 2842 826 2907 ad
850 2843 987 2909 initium
1009 2842 1144 2925 Aprilis
1164 2845 1215 2910 ita
1240 2863 1278 2910 se
1304 2846 1494 2928 habebant;
1522 2846 1586 2913 sed

357 2963 441 3018 ante
457 2949 534 3033 eius
546 2951 652 3016 finem
665 2953 771 3032 longe
782 2951 853 3016 alia
867 2969 985 3016 rerum
1005 2953 1114 3017 iacies
1134 2952 1317 3032 Argentae
1338 2954 1437 3018 cerni
1456 2954 1584 3035 coepit,

357 3059 457 3142 cuius
479 3059 621 3124 occasio
643 3059 732 3124 baec
757 3059 833 3124 suit:
859 3059 1056 3140 quodcum
1082 3069 1155 3124 tota
1181 3058 1368 3126 multitudo
1393 3063 1584 3126 conciones

356 3167 394 3233 P.
411 3167 577 3232 Andreae
597 3165 721 3230 audire
742 3183 813 3234 non
837 3175 968 3247 posset,
992 3166 1135 3248 saepius
1156 3169 1201 3230 ab
1223 3167 1413 3248 oppidanis
1438 3177 1586 3249 rogatus

354 3274 420 3340 suit
434 3283 469 3338 et
482 3290 505 3336 a
519 3273 671 3356 quodam
686 3273 937 3352 vice-comite,
953 3274 1013 3355 qui
1028 3274 1148 3356 oppidi
1161 3273 1389 3340 Gubernator
1400 3287 1489 3354 erat,
1502 3276 1587 3340 utin

354 3381 550 3463 parochiali
565 3379 720 3462 quadam
735 3381 898 3460 ecclesia,
916 3397 1007 3461 quae
1024 3381 1193 3462 primaria
1209 3391 1263 3446 est
1278 3381 1356 3464 eius
1367 3382 1500 3464 oppidi,
1516 3383 1587 3448 vel·
1616 3465 1619 3472 Ι

354 3491 401 3554 let
415 3488 634 3554 concionari.
650 3487 740 3553 Cum
756 3497 874 3552 autem
889 3486 927 3552 P.
942 3487 1108 3553 Andreas
1119 3499 1302 3553 recusaret
1313 3490 1435 3554 varias
1447 3491 1493 3554 ob
1505 3507 1587 3554 cau·

354 3615 426 3676 sas,
442 3597 557 3660 visum
571 3603 626 3659 est
641 3594 738 3660 Patri
752 3594 955 3675 Pelletario,
970 3594 1292 3676 superintendenti‚
1314 3597 1380 3677 piis
1403 3596 1587 3662 desideriis

355 3719 483 3768 eorum
497 3702 678 3766 hominum
693 3701 984 3766 satisfaciendum
999 3719 1090 3766 esse.

416 3808 487 3874 785.
531 3809 728 3874 Postulavit
742 3826 829 3889 ergo
845 3809 1051 3874 facultatem
1066 3809 1301 3901 concionandi
1316 3811 1352 3875 in
1374 3811 1469 3877 dicta
1485 3829 1586 3893 paro·

359 3917 440 3982 chia
456 3935 477 3981 a
491 3914 661 3981 Vicario³
676 3915 877 3980 Cardinalis
888 3926 922 3981 et
934 3933 1015 3981 eam
1026 3917 1188 3996 obtinuit,
1200 3918 1263 3983 sed
1277 3917 1427 3997 injunxit
1440 3929 1476 3985 ut
1489 3919 1587 4001 prius

358 4025 505 4088 verbum
521 4040 629 4088 unum
644 4023 776 4087 diceret
791 4023 926 4105 pastori
940 4021 1016 4104 ejus
1031 4025 1233 4106 parochiae.
1254 4025 1315 4090 Ille
1330 4035 1449 4090 autem
1474 4027 1587 4109 prima

357 4132 537 4197 dominica
551 4131 768 4210 significavit
782 4148 853 4196 non
868 4131 1153 4197 concionandum
1167 4149 1256 4211 esse,
1268 4143 1302 4198 et
1315 4133 1374 4198 illa
1386 4134 1511 4199 eadem
1526 4134 1582 4199 die

358 4255 444 4303 suae
472 4238 665 4320 parochiae
692 4239 853 4303 homines
877 4239 1113 4320 congregavit
1139 4239 1349 4322 adpulsum
1374 4258 1580 4324 campanae¹

357 4346 451 4426 quod
475 4363 546 4410 non
571 4345 797 4410 mediocriter
821 4345 983 4410 homines
1013 4347 1215 4412 commovit.
1244 4345 1468 4428 Significavit
1496 4365 1582 4430 ergo

398 4549 408 4584 Ι
436 4549 506 4600 Scit..
516 4549 656 4598 Ferrarlae
667 4551 735 4596 Dux.
745 4551 786 4596 eol
797 4551 876 4596 etlam
887 4553 1039 4607 subjacebat
1052 4553 1179 4608 argente.

316 4618 320 4625 ’
399 4620 411 4653 ⁸
438 4618 504 4664 Vide
514 4619 603 4676 supin,
614 4629 633 4666 t.
644 4634 670 4676 v,
682 4633 743 4678 pag.
754 4623 800 4675 155,
812 4635 838 4667 n.
851 4624 899 4668 tta.

398 4692 410 4726 ὃ
438 4689 504 4736 Vide
514 4691 545 4736 dc
556 4692 604 4738 boc
615 4691 755 4740 societatis
769 4695 922 4742 adversario
938 4707 1025 4752 supra,
1037 4701 1055 4741 t.
1068 4709 1093 4750 v.
1103 4709 1164 4754 pap.
1180 4697 1226 4754 153,
1238 4709 1261 4744 n.
1272 4699 1319 4756 tta,
1334 4706 1359 4747 et
1371 4711 1431 4758 pag.
1444 4701 1490 4759 tat,
1503 4711 1527 4748 n.
1538 4699 1586 4750 tta
