3642 5350
319 435 355 514 20
769 434 897 496 Canon.
923 436 1000 495 Soc.
1025 436 1096 510 Jss.

318 582 484 668 cessariis
499 582 545 647 ad
559 579 634 662 ejus
649 599 837 662 expensas
853 580 889 645 id
900 581 1006 645 etiam
1019 581 1164 650 arbitrio
1176 580 1345 646 Doctoris
1357 582 1544 676 Vergarae

317 672 469 771 expendi
484 689 595 754 voluit
610 689 630 752 ¹.
648 687 725 754 Hoc
748 697 866 756 tamen
888 705 960 752 non
979 688 1023 754 de
1037 689 1250 770 patrimonio
1276 689 1543 772 intelligendum

317 807 405 877 erat,
420 814 515 877 uam,
532 796 626 879 quod
640 795 686 859 ad
700 797 789 863 haec
805 795 942 873 attinet,
958 795 1056 860 Patri
1066 794 1186 861 Natali
1201 795 1352 860 facultas
1367 796 1450 862 data
1463 807 1541 862 erat

317 914 354 969 ut
369 903 412 968 de
427 904 481 968 bis
501 903 714 985 disponeret,
735 920 826 984 quae
846 903 954 966 libere
980 903 1016 966 in
1036 901 1223 968 Societatis
1243 920 1347 968 usum
1367 922 1388 968 a
1409 905 1542 968 nostris
1592 961 1596 969 .

318 993 604 1092 relinquebantur
619 1008 642 1069 ¹.

375 1116 426 1182 48.
470 1116 566 1182 Misit
594 1117 662 1182 hoc
687 1135 781 1182 anno
809 1115 1052 1182 Commissarii
1084 1117 1239 1198 amplam
1267 1117 1473 1184 facultatem
1500 1120 1540 1183 P.

314 1224 485 1306 Ignatius,
501 1242 564 1306 per
578 1225 849 1289 instrumentum
864 1241 885 1286 a
900 1223 1041 1286 notario
1057 1224 1274 1306 stipulatum,
1291 1224 1329 1289 P.
1346 1224 1541 1290 Francisco

316 1331 480 1412 Borgiae,
502 1340 536 1395 et
557 1329 602 1394 ad
621 1330 758 1395 Indiam
780 1329 997 1394 Orientalem
1021 1341 1056 1393 et
1082 1328 1358 1410 occidentalem,
1384 1331 1543 1412 Regibus

315 1438 556 1520 Portugalliae
569 1447 603 1502 et
617 1437 811 1518 Hispaniae
827 1437 1014 1515 subditam,
1031 1455 1109 1502 eam
1125 1438 1283 1502 extendit
1297 1437 1321 1497 ³.

374 1546 425 1608 49.
468 1545 668 1626 Acceperat
683 1544 775 1614 dono
791 1542 951 1608 Societas
966 1552 1085 1607 nostra
1100 1543 1235 1607 Romae
1250 1563 1271 1608 a
1286 1545 1441 1625 quodam
1455 1547 1543 1610 ami·

315 1669 357 1715 co
382 1669 550 1732 magnam
579 1652 652 1715 vim
678 1651 897 1715 voluminum
925 1648 1018 1714 Novi
1045 1649 1278 1728 Testamenti,
1312 1651 1347 1715 in
1378 1652 1536 1732 linguam

315 1759 518 1840 aethiopum
539 1759 703 1822 conversi
718 1755 741 1836 ⁴,
758 1775 849 1839 quae
864 1756 998 1820 Romae
1019 1758 1258 1836 superioribus
1278 1758 1381 1821 annis
1404 1776 1536 1823 excusa

314 1865 465 1944 fuerant3
489 1875 523 1928 et
543 1881 681 1928 omnem
707 1881 786 1928 eam
808 1864 978 1928 librorum
997 1864 1254 1930 multitudinem
1280 1865 1418 1930 duabus
1444 1865 1538 1931 arcis

314 1973 487 2036 inclusam
513 1972 550 2035 in
572 1970 828 2049 Portugalliam
852 1970 959 2048 misit,
987 1980 1025 2034 ut
1047 1971 1082 2032 in
1101 1970 1329 2052 Aethiopiam
1347 1972 1439 2036 mitti
1458 1990 1537 2054 pos·

313 2089 407 2157 sent;
423 2089 458 2142 et
472 2087 511 2141 ut
524 2095 588 2142 nos
603 2079 716 2156 gratis
731 2094 982 2158 acceperamus
1002 2076 1146 2157 Romae,
1173 2079 1223 2142 ita
1242 2079 1317 2142 sine
1337 2081 1406 2143 ullo
1421 2081 1537 2161 pretio

313 2185 384 2249 illis
395 2184 516 2249 donati
531 2199 623 2248 sunt.

372 2291 423 2354 50.
467 2290 636 2354 Probavit
654 2289 692 2354 P.
709 2289 868 2371 Ignatius
893 2301 932 2354 ut
957 2289 1178 2354 probationis
1197 2290 1333 2356 Domus
1353 2293 1536 2358 Granatae

312 2398 564 2476 institueretur,
588 2408 622 2461 et
644 2397 751 2462 etiam
765 2397 915 2478 Hispali,
938 2398 969 2460 si
989 2397 1186 2477 Collegium
1205 2398 1254 2461 ibi
1277 2399 1533 2478 institueretur;

310 2521 376 2569 nec
391 2505 484 2568 enim
498 2504 684 2568 videbatur
699 2503 811 2568 eidem
826 2503 922 2567 Patri
939 2501 1077 2582 Ignatio
1097 2506 1209 2568 solam
1226 2503 1448 2570 Probationis
1463 2508 1535 2571 Do·

312 2629 405 2677 mum
421 2611 558 2694 Hispali
570 2611 757 2677 tenendam
772 2628 861 2691 esse;
879 2627 943 2675 nec
960 2611 1167 2692 displicebat
1183 2612 1297 2677 eidem
1312 2624 1350 2678 ut
1364 2613 1400 2678 in
1414 2617 1536 2696 singu-

312 2720 354 2782 lis
369 2720 528 2798 collegiis
542 2717 734 2799 majoribus
748 2717 949 2799 hujusmodi
965 2717 1187 2782 Probationis
1206 2719 1343 2783 Domus
1365 2723 1536 2785 baberen-

313 2836 369 2890 tur
384 2824 406 2889 ³.
434 2826 596 2891 Permisit
622 2826 728 2889 etiam
753 2825 970 2889 Provinciali
994 2823 1189 2898 Baeticae⁶
1216 2836 1253 2888 ut
1276 2826 1462 2892 Cordubae
1491 2830 1538 2893 le·

310 2950 395 3012 gere
410 2943 445 2997 et
459 2934 613 2997 scribere
629 2932 741 2996 nostri
755 2930 935 3010 docerent;
951 2933 1012 2994 sed
1036 2933 1065 2994 si
1086 2929 1185 2994 Patri
1206 2932 1410 3013 Francisco,
1432 2933 1535 2998 Com·

310 3040 465 3120 misario,
482 3040 517 3103 id
533 3057 603 3103 non
616 3040 838 3120 probaretur,
852 3038 1097 3101 executionem
1113 3036 1215 3118 bujus
1229 3041 1473 3105 concessionis
1490 3042 1535 3104 ab

309 3168 351 3213 eo
366 3149 534 3228 suspendi
549 3164 652 3229 posse
666 3147 788 3225 voluit,
806 3147 918 3210 donec
934 3146 1103 3210 scriberet
1114 3145 1265 3209 Romam
1277 3159 1310 3210 et
1323 3165 1534 3230 responsum

309 3256 501 3335 acciperet.

350 3530 358 3564 ¹
386 3528 425 3573 De
435 3530 483 3573 hoc
493 3528 560 3580 viro,
568 3527 679 3573 Doctore
691 3527 798 3571 Allonso
809 3526 928 3571 Rumlrez
941 3527 972 3571 de
982 3526 1112 3583 Vergsrs,
1123 3539 1200 3584 saepe
1216 3530 1288 3574 factu
1298 3536 1338 3575 est
1353 3538 1380 3577 et
1395 3534 1479 3580 adhuc
1490 3534 1535 3579 fiet

308 3601 404 3645 mentio
413 3601 438 3644 ln
450 3600 497 3644 hoc
510 3598 643 3651 Orronr'co,
652 3609 709 3641 cnm
720 3598 750 3641 de
763 3596 878 3651 Colleglo
888 3597 1063 3653 complutensi
1074 3607 1101 3642 er
1113 3599 1256 3645 conchensi
1266 3609 1368 3656 agetur.
1377 3603 1444 3649 Vlde
1454 3607 1535 3651 etiam

308 3672 403 3717 Carras
412 3673 445 3715 de
457 3673 511 3713 San
523 3670 640 3725 igneolo,
649 3678 667 3713 t.
679 3680 714 3719 vr.
725 3680 785 3724 pag.
794 3668 842 3717 8⁴0.
852 3677 941 3713 annot.
950 3670 972 3719 7,
981 3670 1027 3713 sed
1043 3670 1153 3714 maxime
1169 3680 1187 3716 t.
1203 3683 1238 3725 rr,
1249 3684 1310 3727 pag.
1322 3674 1410 3718 191498
1424 3688 1481 3721 cnm
1491 3689 1526 3721 an

306 3750 387 3789 notat.
396 3743 532 3797 adiunctis.
542 3742 615 3786 scitu
625 3741 704 3785 etlam
711 3741 790 3795 dignu
799 3749 857 3785 sunt
866 3752 941 3795 quae,
951 3741 1085 3785 demortuo
1096 3740 1206 3796 ignatio,
1214 3744 1357 3795 scripserat
1369 3744 1476 3792 Ductori
1484 3748 1535 3793 Ru-

306 3817 384 3861 mlrez
396 3816 426 3859 de
437 3814 558 3869 Vergurn
570 3814 624 3868 ipse
634 3812 769 3856 Polancus:
780 3810 894 3856 “Cuantn
903 3819 920 3856 a
929 3813 955 3855 la
965 3824 1076 3867 persona
1091 3814 1123 3857 de
1133 3813 1248 3859 Vnestra
1264 3818 1376 3870 merced,
1392 3830 1420 3863 es
1435 3821 1536 3865 verdrtd

305 3899 354 3942 que
364 3886 398 3929 ba
408 3886 499 3930 mucbo
508 3886 603 3939 tlempo
613 3896 661 3938 que
675 3884 809 3928 deseamos
824 3884 898 3927 verlu
912 3895 945 3927 en
955 3884 981 3927 lu
997 3883 1140 3939 eompaura
1155 3894 1341 3941 entersmente,
1357 3900 1429 3934 como
1440 3891 1466 3935 lo
1476 3894 1535 3937 esta

305 3970 337 4002 no
351 3959 492 4002 solamente
507 3968 538 4000 en
553 3957 579 4001 lu
596 3955 721 4000 bacienda
734 3966 797 4010 pero
811 3966 858 3999 con
874 3957 897 3999 el
913 3957 998 4000 animo
1014 3963 1086 4001 tanto
1101 3957 1197 4012 tiempo
1209 3957 1252 4011 bu,
1267 3960 1471 4012 pareciendonos
1485 3975 1534 4018 qne

304 4032 373 4073 serta
388 4029 419 4073 de
434 4030 483 4073 ello
498 4032 554 4072 mas
568 4027 673 4072 servldo
684 4027 746 4072 Dios
756 4026 868 4072 Nnestro
883 4026 972 4081 Senot,
983 4039 1045 4082 pero
1055 4028 1077 4071 si
1088 4036 1145 4072 otro
1160 4032 1217 4073 mas
1232 4032 1361 4085 agrudare
1372 4036 1389 4077 ι
1402 4036 1427 4079 le
1439 4034 1533 4081 Divina

303 4100 518 4157 Maiestad,todos
528 4101 661 4145 deseumos
669 4100 694 4143 lo
705 4100 817 4153 mismo„
827 4098 865 4154 Op
881 4100 934 4147 cit..
942 4105 961 4142 t.
968 4110 1003 4151 vr,
1015 4110 1076 4153 pag.
1083 4098 1455 4160 aaa-caeterumprtvssegta,
1467 4120 1535 4162 quae

303 4172 344 4216 hic
355 4178 480 4216 memorat
493 4171 627 4219 Polancus.
638 4182 688 4215 non
699 4170 816 4215 omnlbus
826 4182 839 4213 e
851 4170 872 4213 N
876 4170 904 4213 N.
916 4172 1102 4224 probabantur.
1114 4171 1178 4214 Vide
1190 4173 1265 4225 inira,
1277 4184 1302 4217 n.
1311 4174 1373 4217 2758.

342 4245 353 4273 ¹
381 4242 533 4287 continetur
541 4244 605 4287 haec
616 4243 728 4287 facultas
744 4242 767 4285 ln
779 4254 803 4285 n.
817 4241 875 4295 l8.⁰,
888 4242 913 4284 ln
924 4238 1054 4284 Memoria
1066 4242 1099 4285 de
1113 4241 1156 4285 las
1171 4254 1246 4287 cosas
1257 4244 1351 4298 pucha
1367 4248 1399 4292 de
1409 4248 1491 4297 bucer
1501 4262 1536 4295 en

302 4326 335 4357 su
345 4314 417 4369 vraje
427 4315 443 4356 a
454 4312 574 4369 Espultu.
587 4314 652 4358 Vlrle
664 4312 758 4357 Currus
768 4314 802 4356 de
812 4312 867 4355 San
880 4312 997 4365 Ignacio,
1007 4318 1028 4355 t.
1039 4324 1074 4366 vr,
1085 4324 1145 4367 pag.
1153 4312 1188 4358 31.

343 4384 356 4419 ⁸
381 4384 447 4429 Vide
459 4384 553 4429 Carras
564 4385 597 4428 de
608 4384 662 4428 San
674 4384 791 4439 Ignacr'o,
801 4390 822 4427 t.
831 4394 867 4436 ur,
879 4395 938 4438 pag.
951 4384 991 4427 436
1006 4392 1032 4428 et
1042 4384 1077 4439 58,
1092 4392 1118 4429 et
1130 4384 1155 4428 ln
1168 4385 1216 4430 boc
1234 4385 1360 4434 Chronico
1373 4402 1461 4447 supro,
1472 4399 1491 4439 t.
1503 4406 1528 4447 v,

302 4468 362 4511 pag.
373 4456 420 4509 556,
431 4467 455 4500 n.
469 4456 527 4498 1526.

340 4531 353 4561 ⁴
380 4526 673 4572 llunabetconversts.

340 4598 351 4631 ὅ
379 4596 445 4641 Vide
454 4609 542 4652 supra,
554 4604 572 4641 t.
583 4608 610 4652 v,
620 4610 679 4653 pag.
690 4598 737 4649 537,
748 4610 771 4643 n.
783 4598 843 4642 1469.

339 4668 351 4702 ⁸
379 4670 614 4715 P.Bertholomueo
627 4670 804 4715 Bustsmnnte.
