3642 5350
322 332 377 396 808
781 329 909 392 Canon.
929 329 1006 391 Soc.
1025 330 1095 405 Jss.

323 481 440 546 tilicos
459 498 576 545 mores
600 498 681 546 cum
705 498 837 563 magno
863 480 1062 545 animarum
1087 478 1297 543 detrimento
1321 476 1548 542 imbibebant.

323 587 406 669 Egit
420 588 489 653 hac
508 577 551 654 de
571 605 611 653 re
629 588 666 652 in
685 587 839 670 quadam
859 587 1030 651 concione
1049 585 1087 650 P.
1112 585 1312 664 Baithasar,
1335 593 1371 648 et
1389 585 1551 649 hortatus

323 704 387 777 est,
409 705 448 761 ut
467 712 590 760 omnes
610 693 812 778 hujusmodi
830 711 960 775 pueros
981 702 1257 774 congregarent,
1276 699 1312 757 et
1330 694 1465 773 recepit
1486 709 1550 774 per

322 805 510 887 quemdam
533 804 680 868 fratrem
699 811 861 867 nostrum
876 820 915 866 se
928 811 1146 882 curaturum,
1171 810 1210 865 ut
1234 802 1365 881 legere,
1391 801 1549 865 scribere

321 922 357 976 et
372 912 522 976 virtutes
536 910 692 992 reliquas
705 909 900 975 christiana
916 910 1135 974 institutione
1154 909 1285 989 dignas
1302 907 1547 972 edocerentur.

381 1018 472 1083 3462.
516 1018 699 1083 Dederunt
713 1035 800 1098 ergo
817 1017 948 1099 singuli
962 1033 1086 1081 eorum
1100 1016 1256 1096 nomina,
1273 1015 1416 1098 quaein
1431 1016 1550 1079 album

320 1128 531 1205 retulerunt,
548 1136 587 1190 ut
601 1126 800 1190 absentium
815 1125 907 1190 ratio
926 1133 1047 1206 posset
1066 1124 1205 1204 haberi,
1221 1123 1413 1188 veniebant
1431 1132 1550 1188 autem

321 1233 477 1317 quotidie
492 1233 539 1298 ad
553 1235 696 1298 domum
710 1242 881 1312 nostram,
898 1232 1130 1298 christianam
1149 1231 1348 1296 doctrinam
1369 1248 1433 1313 per
1452 1231 1549 1295 viam

321 1342 491 1422 dicenteS,
507 1350 542 1405 et
555 1359 660 1406 mane
674 1340 713 1405 P.
730 1341 952 1405 Baithasaris
964 1340 1112 1404 Missam
1126 1339 1254 1403 devote
1268 1335 1496 1421 [audiebant],
1513 1347 1548 1401 et

322 1450 474 1513 orationi
490 1458 660 1513 vacantes
675 1448 770 1528 (nam
785 1450 843 1512 vel
857 1464 1012 1512 coronas
1026 1448 1084 1511 vel
1099 1464 1224 1528 preces
1241 1446 1405 1511 horarias
1422 1446 1459 1509 in
1477 1464 1547 1511 ma·

301 1557 424 1640 ,nibus
438 1555 640 1636 habebant),
659 1556 830 1620 lectiones
847 1573 932 1620 suas
951 1554 1186 1636 excipiebant,
1209 1562 1245 1619 et
1266 1554 1320 1620 sic
1341 1554 1484 1619 demum
1503 1553 1547 1618 ad

321 1664 446 1729 domos
460 1681 545 1728 suas
559 1663 733 1728 redibant.

379 1770 470 1835 3463.
514 1770 612 1852 Quae
627 1780 746 1835 autem
760 1772 812 1835 eis
826 1770 1050 1836 observanda
1064 1769 1103 1834 P.
1120 1770 1309 1834 Baithasar
1323 1768 1443 1849 dabat,
1458 1770 1547 1833 haec

320 1887 433 1943 erant:
449 1885 488 1942 ut
502 1878 652 1958 singulis
666 1878 845 1943 mensibus
860 1877 1124 1958 confiterentur,
1140 1885 1175 1941 et
1190 1877 1338 1957 siquem
1349 1875 1472 1957 jurare
1489 1894 1549 1940 au·

320 1985 466 2067 dissent,
487 1997 525 2050 ut
547 2002 628 2050 eum
649 1995 820 2067 rogarent
841 2005 884 2051 ne
903 1986 1141 2051 irreverenter
1160 2003 1289 2050 nomen
1308 1984 1377 2048 Dei
1395 2001 1548 2049 assume-

321 2103 376 2157 ret
391 2094 412 2173 ¹;
429 2100 465 2157 et
480 2094 629 2175 siquem
644 2093 806 2158 viderent
819 2094 856 2157 in
870 2094 1034 2173 ecclesia,
1056 2094 1207 2157 alterum
1226 2101 1364 2157 tantum
1377 2108 1473 2171 genu
1486 2092 1548 2173 pli·

322 2209 473 2281 cantem,
489 2208 660 2280 rogarent
675 2209 713 2265 ut
732 2202 839 2264 etiam
859 2202 1009 2265 alterum
1023 2201 1068 2265 ob
1082 2200 1254 2264 honorem
1267 2198 1336 2264 Dei
1353 2200 1510 2264 flecteret
1523 2197 1546 2279 ’ς

321 2316 355 2372 et
370 2316 409 2372 ut
422 2317 530 2373 noctu
545 2308 619 2372 suis
633 2308 671 2372 in
684 2307 847 2372 domibus
861 2308 1094 2372 christianam
1108 2307 1320 2387 doctrinam,
1333 2324 1440 2387 quam
1454 2323 1475 2369 a
1488 2324 1547 2371 no·

319 2416 403 2480 stris
427 2413 439 2445 ⁸
463 2414 672 2495 didicerant,
698 2432 782 2479 suos
805 2414 1020 2479 domesticos
1043 2414 1224 2479 docerent.
1250 2414 1296 2479 Et
1315 2415 1404 2479 haec
1428 2414 1546 2478 omnia

320 2523 420 2603 pueri
439 2540 521 2587 cum
540 2539 673 2603 magna
695 2523 804 2587 animi
823 2522 958 2587 laetitia
979 2523 1257 2604 exequebantur,
1283 2531 1319 2587 et
1338 2539 1462 2587 eorum
1484 2538 1546 2586 nu·

319 2647 437 2695 merus
452 2630 497 2694 ad
513 2638 653 2695 centum
667 2631 797 2711 viginti
811 2639 847 2696 et
859 2648 904 2694 eo
916 2630 1067 2712 amplius
1078 2630 1303 2695 ascendebat.

377 2737 469 2804 3464.
513 2738 616 2803 Alius
635 2740 742 2804 etiam
763 2740 894 2804 abusus
914 2740 960 2803 ad
978 2756 1146 2820 magnam
1170 2739 1238 2803 Dei
1256 2738 1429 2803 offensam
1446 2754 1489 2802 ea
1507 2738 1544 2802 in

253 2907 256 2914 .
321 2847 467 2926 regione
481 2846 693 2924 inoleverat;
709 2848 814 2927 quod,
830 2847 977 2927 scilicet,
990 2847 1154 2911 saraceni
1164 2847 1200 2911 in
1213 2841 1298 2928 ipsis'
1309 2847 1544 2911 lusitanorum

318 2953 469 3017 navibus
483 2962 706 3017 mercaturae
722 2962 908 3034 praetextu
923 2955 970 3018 ad
984 2955 1087 3018 varia
1100 2956 1180 3018 loca
1197 2954 1383 3035 gentilium
1397 2954 1542 3033 naviga-

318 3061 414 3139 bant,
437 3070 470 3125 et
490 3061 581 3124 inter
603 3077 667 3123 eos
687 3070 965 3140 commoranteS,
986 3063 1032 3125 ad
1051 3061 1245 3126 Mahometi
1257 3071 1394 3126 sectam
1415 3062 1543 3125 multos

318 3167 517 3247 trahebant,
534 3177 569 3231 et
582 3185 730 3248 prorsus
744 3169 781 3231 in
795 3169 894 3234 India
909 3170 1092 3250 complura
1106 3186 1220 3250 regna
1231 3169 1300 3233 hac
1314 3169 1453 3233 ratione
1466 3185 1543 3250 per·

321 3283 514 3353 verterant;
531 3283 566 3338 et
580 3275 624 3338 ab
639 3275 725 3338 urbe
740 3293 851 3356 usque
866 3274 992 3339 Mecha
1008 3284 1043 3339 et
1058 3274 1165 3340 Cairo
1186 3285 1221 3340 et
1235 3274 1562 3356 Constantinopoli

318 3397 399 3446 cum
411 3397 542 3460 magna
554 3380 789 3446 sollicitudine
801 3391 835 3446 et
847 3382 1022 3446 industria
1038 3379 1253 3465 [veniebant]
1269 3392 1308 3447 ut
1322 3383 1543 3463 pestilentem

319 3504 421 3553 suam
442 3496 576 3552 sectam
595 3497 836 3569 propagarent
857 3487 917 3570 [et]
940 3490 986 3552 ad
1007 3491 1264 3554 remotissimas
1289 3507 1401 3572 usque
1424 3490 1544 3555 Indiae

318 3605 440 3677 partes
454 3604 692 3675 penetrarent.
940 3595 943 3598 ’

378 3701 469 3766 3465.
513 3702 551 3765 In
566 3703 644 3783 ipsa
660 3703 768 3766 etiam
783 3703 878 3782 navi,
894 3721 964 3785 qua
977 3721 1023 3766 ex
1033 3703 1133 3767 India
1145 3704 1339 3785 navigabat
1351 3704 1389 3769 P.
1403 3705 1541 3770 Baitha-

317 3828 392 3890 sar,
409 3826 602 3874 saracenus
618 3808 761 3890 quidam
776 3810 958 3891 veniebat,
981 3812 1100 3875 multis
1121 3812 1201 3875 aliis
1214 3812 1384 3876 ministris
1399 3812 1543 3876 comita·

318 3926 385 3996 tus,
402 3919 462 3998 qui
477 3935 514 3980 se
530 3916 574 3980 de
588 3917 762 3996 sanguine
782 3916 974 3982 Mahometi
996 3936 1074 3982 esse
1094 3918 1248 3998 dicebat,
1269 3928 1305 3983 et
1320 3919 1370 3984 ita
1391 3936 1543 4001 magnae

317 4024 539 4088 venerationi
564 4024 746 4088 saracenis
771 4025 934 4089 omnibus
953 4034 1041 4089 erat.
1062 4025 1277 4106 Trajiciebat
1296 4036 1414 4092 autem
1434 4029 1471 4092 in
1490 4047 1543 4092 re·

316 4148 426 4213 gnum
438 4130 650 4212 Boruci,ubi
661 4131 804 4213 quidam
816 4130 890 4212 ejus
902 4135 1021 4198 socius
1032 4150 1173 4198 ornnem
1186 4134 1261 4198 fere
1272 4135 1456 4216 gentilium
1468 4134 1544 4216 ejus

359 4445 366 4477 ¹
395 4445 442 4490 his.
453 4448 634 4491 assumerent.

359 4518 370 4547 ¹
397 4516 601 4572 Msflecterent.

357 4587 369 4620 ⁸
395 4585 442 4632 lde.
452 4597 533 4642 quam
545 4588 632 4632 nostri
641 4588 802 4634 didicerant.
