3642 5350
346 392 402 455 79⁴
803 393 934 455 Canos.
952 393 1031 454 Soc.
1049 392 1122 468 Jrs

406 540 499 607 3409.
542 540 1582 609 ttecuuecamcuuctsnrtumaeseiul’atriarchens-

347 648 449 715 sione
462 647 715 734 [oenaebaturl.

406 756 532 839 Ennio,
548 758 633 841 quia
646 757 815 841 expedire
828 759 1033 839 videbamr,
1046 768 1239 823 camma
1251 761 1359 841 longe
1371 760 1579 823 aliarum

347 864 1577 949 abpodmmaeruiopiaquamSummusPonutemRexPorm·

345 972 478 1055 guttim
492 974 752 1055 intellexerant;
766 984 993 1056 praesentem
1010 984 1144 1039 satum
1162 976 1414 1058 iutcffigffeut,
1434 986 1476 1040 ut
1491 976 1578 1057 qnid

348 1080 446 1147 iacto
459 1098 551 1163 opus
563 1090 670 1163 eam,
684 1082 930 1147 decernerent.

407 1184 1577 1273 Damna,quiasicumuriliubuseomissusinisset.pe·icuhrm

348 1296 430 1363 belli
443 1296 561 1363 timeri
574 1306 728 1379 poterat:
743 1296 821 1363 sine
833 1296 1004 1363 militibus
1017 1308 1139 1363 autem
1150 1296 1579 1365 uoumsumiueudum

348 1404 550 1471 constabat.

407 1508 557 1589 Tnario,
571 1512 656 1595 quia
670 1512 765 1595 apud
779 1511 915 1594 Regem
929 1512 1142 1595 Aethiopiae
1154 1515 1411 1579 irreverentiae
1423 1514 1579 1578 adscribi

348 1620 451 1701 solet,
466 1618 575 1685 immo
592 1628 628 1685 et
645 1618 775 1703 puniri,
790 1620 821 1685 si
839 1622 922 1703 quis
941 1620 988 1685 ad
1007 1622 1146 1686 curiam
1162 1620 1251 1703 ejus,
1266 1640 1339 1687 non
1357 1622 1581 1703 praemonito

347 1724 459 1809 aege,
475 1726 637 1807 accedat,
651 1728 763 1791 multo
776 1728 894 1809 magis
911 1744 1001 1809 ergo
1017 1728 1165 1810 indigne
1182 1730 1320 1793 laturus
1332 1696 1534 1808 videbatur,
1548 1728 1581 1791 si

348 1850 392 1901 eo
405 1850 445 1899 se
458 1834 670 1901 l'atriarcha
684 1832 875 1913 conferret,
890 1850 975 1900 cum
991 1833 1070 1901 Rex
1082 1836 1232 1901 dixisset
1245 1854 1318 1902 non
1330 1854 1423 1918 opus
1434 1854 1526 1915 esse,
1540 1846 1582 1900 ut

349 1942 407 2008 vel
421 1940 480 2007 ille
493 1942 551 2007 vel
566 1942 627 2007 alii
641 1942 847 2007 sacerdotes
857 1942 904 2008 ad
915 1960 955 2008 se
964 1944 1201 2024 mitterentur,
1213 1954 1250 2009 et
1259 1942 1378 2009 Deum
1391 1943 1487 2027 apud
1499 1945 1582 2008 illos

348 2056 383 2115 et
397 2050 537 2115 coelum
551 2066 642 2115 csse.

409 2156 571 2239 Quaero,
593 2158 678 2239 quia
699 2158 731 2223 si
753 2156 967 2223 Patriarcha
986 2158 1226 2240 rejiciebatur,
1248 2159 1363 2241 maior
1382 2159 1512 2241 iniuria
1533 2176 1582 2224 ex

349 2264 412 2331 tall
427 2266 567 2347 repulsa
583 2264 765 2331 Ecclesiae
784 2282 954 2331 romanae
968 2264 1087 2345 tiebat,
1102 2266 1199 2331 etad
1217 2267 1295 2349 eius
1313 2268 1484 2333 ultionem
1502 2265 1581 2331 Rex

350 2370 591 2455 Portugalliae
605 2373 722 2455 magis
736 2372 934 2439 tenebatur.

408 2480 557 2563 Qumro,
573 2479 699 2561 maiori
713 2496 795 2545 cum
809 2482 1023 2547 auctoritate
1033 2498 1246 2547 accessurus
1261 2480 1471 2547 Patriarcha
1485 2481 1581 2546 vide

348 2590 466 2669 batur,
486 2588 518 2654 si
541 2596 660 2653 tamen
678 2588 920 2654 accedendum
940 2600 1047 2669 esset,
1069 2589 1305 2672 praecedente
1325 2588 1516 2671 Episcopo,
1542 2600 1583 2654 ut

348 2695 423 2780 ejus
447 2698 578 2778 legato,
599 2697 660 2780 qui
678 2697 774 2764 vitae
794 2713 881 2762 suae
900 2699 1139 2764 sanctimonia
1163 2709 1199 2763 et
1221 2698 1421 2764 eruditione
1443 2698 1584 2764 animos

349 2805 490 2872 illorum
511 2803 693 2871 hominum
717 2805 921 2888 disponeret
942 2806 989 2871 ad
1009 2807 1127 2888 ipsum
1147 2805 1407 2889 excipiendum.
1423 2804 1583 2870 Accede·

348 2913 408 2980 bat
423 2911 531 2978 etlam
544 2913 639 2996 quod
654 2913 806 2994 interim,
832 2914 917 2979 dum
936 2916 1027 2980 haec
1046 2915 1255 2995 agebantur,
1280 2914 1413 2979 utiliter
1426 2914 1582 2979 Patriar·

349 3019 417 3086 cha
431 3029 467 3086 et
482 3021 571 3086 socii
586 3037 688 3088 suam
702 3039 848 3104 operam
869 3023 905 3087 in
925 3022 1145 3104 amplissima
1163 3021 1284 3087 Indiae
1298 3023 1405 3088 vinea
1430 3024 1580 3088 colloca·

349 3129 447 3196 bant.

407 3235 500 3303 3410.
542 3235 632 3304 Cum
652 3233 771 3302 aut’em
790 3235 1025 3303 Prouincialis
1044 3255 1066 3302 a
1087 3236 1258 3319 Pro-rege
1277 3238 1442 3304 discessit
1459 3247 1498 3303 ut
1516 3237 1583 3304 Co·

350 3345 493 3412 chinum
520 3344 667 3424 veniret,
691 3341 765 3426 jam
789 3342 940 3410 Pro-rex
957 3345 1163 3427 expedierat
1187 3362 1279 3427 quae
1302 3345 1350 3411 ad
1376 3346 1583 3410 missionem

347 3451 584 3536 aethiopicam
603 3459 706 3519 erant
726 3451 945 3529 necessaria,
962 3462 998 3518 et
1016 3452 1144 3518 ducem
1162 3453 1353 3535 quemdam
1372 3453 1581 3534 designave-

348 3569 419 3640 rat,
445 3559 505 3642 qui
528 3575 607 3624 eam
626 3558 673 3624 ad
691 3567 833 3640 portum
854 3558 1045 3624 deduceret
1064 3560 1165 3625 initio
1190 3557 1371 3643 sequentis
1392 3562 1478 3625 anni
1500 3578 1581 3626 cum

348 3677 501 3751 quatuor
517 3667 573 3732 vel
588 3667 742 3749 quinque
761 3665 919 3747 navigiis
932 3667 1074 3746 (fustus
1088 3667 1244 3747 vocant).
1264 3667 1321 3732 Ex
1338 3678 1444 3749 portu
1458 3677 1578 3733 autem

348 3791 412 3860 per
433 3774 694 3842 mediterranea
715 3790 827 3857 usque
850 3773 895 3839 ad
918 3776 1054 3840 curiam
1076 3773 1186 3856 Regis
1207 3774 1420 3858 Aethiopiae
1442 3776 1584 3857 legatus

347 3881 528 3965 Protegis
543 3898 606 3947 seu
626 3879 885 3947 Gubernatoris
904 3898 988 3947 cum
1002 3891 1154 3963 quatuor
1167 3884 1225 3946 vel
1241 3882 1399 3965 quinque
1412 3883 1493 3948 aliis
1506 3899 1582 3962 sae·

349 3989 528 4056 cularlbus
542 3989 757 4072 Episcopum
771 3989 1007 4054 comitaturus
1021 3985 1135 4072 [eratl.
1148 3987 1276 4055 Omnia
1289 3998 1409 4055 autem
1420 4006 1583 4056 necessa·

349 4099 402 4164 ria
415 4097 608 4164 liberaliter
618 4095 779 4178 Pro-rex,
792 4113 866 4162 non
876 4097 990 4163 solum
1001 4098 1048 4161 ad
1058 4097 1125 4162 iter
1137 4106 1382 4179 prospexerat,
1395 4097 1458 4163 sed
1472 4097 1582 4163 etiam

350 4214 389 4270 ut
403 4203 493 4270 duos
507 4221 621 4270 annos
635 4205 671 4270 in
686 4205 786 4271 curia
806 4204 915 4287 Regis
937 4204 1159 4286 Aethiopiae,
1181 4203 1268 4269 nihil
1288 4206 1333 4269 ab
1354 4223 1397 4270 eo
1416 4205 1582 4288 petendo,

351 4329 495 4380 manere
511 4321 644 4394 posset.

410 4419 502 4488 3411.
545 4420 695 4487 Curavit
711 4421 819 4486 etiam
833 4428 870 4485 ut
885 4419 1030 4507 quidam
1044 4420 1221 4500 saraceni,
1234 4421 1295 4503 qui
1307 4420 1530 4487 familiariter
1547 4421 1584 4485 in

349 4537 454 4612 portu
464 4527 676 4611 Aethiopiae
685 4528 824 4593 versari
835 4528 1008 4608 solebant,
1019 4527 1218 4594 litterarum
1228 4529 1322 4594 ultra
1331 4527 1583 4594 mittendarum

348 4635 569 4724 provinciam
596 4635 829 4720 susciperent,
856 4644 892 4701 et
916 4652 981 4720 per
1006 4634 1150 4702 eosdem
1175 4651 1368 4704 saracenos
1391 4636 1583 4720 pecuniam

1810 467 1814 564 l
