3642 5350
770 412 829 480 Aa.
852 411 922 482 1556
1405 412 1460 487 369

226 562 282 631 nis
297 559 453 646 Domini,
475 582 557 631 curn
577 562 615 630 P.
637 565 825 631 Cornelius
839 564 1074 645 Brogelmans
1088 566 1234 633 Missam
1248 571 1458 647 celebraret,

225 673 369 756 quidam
384 674 556 739 bohemus
567 683 647 756 post
659 673 967 737 consecrationem
978 675 1024 738 ad
1035 692 1115 739 eum
1126 678 1289 757 accessit,
1303 687 1338 741 et
1353 679 1456 743 malis

228 781 348 845 verbis
362 799 442 846 eum
462 781 676 863 compellare
692 778 700 813 ¹
717 781 832 862 coepit
852 789 886 845 et
908 790 1078 863 tanquam
1096 771 1330 849 idololatram*
1342 802 1458 867 repre·

228 888 395 953 bendere.
418 888 461 953 Et
482 905 564 953 cum
582 897 729 967 taceret,
746 897 781 951 et
799 886 947 952 Missam
966 900 1241 970 prosequeretur
1255 893 1459 972 praedictus

227 993 344 1059 Pater:
359 993 438 1060 Non
453 994 539 1059 mihi
553 995 763 1077 respondes?
778 996 890 1076 inquit
901 995 971 1069 ille,
985 996 1105 1076 lingua
1119 998 1318 1080 bohemica3
1335 1012 1370 1063 et
1384 1018 1459 1064 ma-

226 1118 311 1166 num
326 1103 363 1166 in
377 1103 488 1167 altum
505 1104 631 1183 erexit,
648 1111 687 1167 ut
707 1119 788 1166 eum
807 1119 929 1184 pugno
949 1113 1161 1184 percuteret;
1178 1104 1241 1174 sed
1260 1106 1356 1170 dedit
1376 1124 1458 1187 gra·

227 1209 313 1274 tiam
333 1208 508 1274 Dominus
527 1211 587 1274 uni
607 1226 652 1273 ex
671 1210 814 1295 nostris,
836 1210 896 1291 qui
915 1209 1046 1274 Missae
1067 1210 1294 1293 inserviebat,
1315 1214 1458 1277 nomine

225 1315 390 1399 Gaspari,
408 1326 442 1381 et
462 1318 522 1381 alii
541 1318 683 1381 cuidam
702 1318 779 1381 seni
805 1319 868 1398 qui
888 1316 1023 1398 aderat,
1041 1326 1078 1382 ut
1099 1318 1279 1384 hominem
1300 1320 1398 1384 illum
1413 1320 1457 1384 ab

226 1424 331 1487 altari
350 1424 551 1501 deductum,
569 1423 651 1488 licet
670 1424 1007 1502 obmurmurantem,
1024 1433 1127 1489 extra
1147 1427 1335 1491 ecclesiam
1351 1427 1457 1491 dedu·

225 1541 358 1595 cerent.

286 1636 376 1703 1550.
419 1638 475 1703 Ex
500 1639 627 1721 quibus
651 1638 756 1704 facile
784 1650 901 1720 potest
926 1639 1076 1719 intelligi
1101 1641 1136 1703 in
1163 1641 1223 1704 illa
1247 1641 1455 1706 confusione

224 1745 425 1809 babilonica
443 1747 653 1827 husitarum,
669 1746 935 1828 pichardorum,
949 1746 1267 1829 anabaptistarum,
1285 1750 1455 1829 zuinglia·

226 1869 363 1931 norum,
390 1852 657 1919 lutheranorum
684 1871 726 1918 ac
749 1852 961 1933 judaeorum
989 1872 1070 1918 curn
1098 1871 1229 1935 magna
1256 1858 1395 1920 cautela
1421 1867 1456 1921 et

224 1958 436 2024 dexteritate
452 1960 713 2041 procedendum
725 1978 814 2025 esse.
827 1960 908 2025 Fuit
920 1970 1038 2025 autern
1050 1962 1293 2043 constitutum,
1306 1974 1344 2027 ut
1357 1964 1454 2027 circa

224 2078 391 2131 octavam
405 2065 501 2133 ΒΜ
522 2066 706 2132 Trinitatis
721 2068 865 2133 scholae
884 2068 1024 2131 initium
1037 2080 1248 2145 sumeretur,
1264 2082 1298 2134 et
1321 2071 1452 2152 profes·

228 2192 328 2239 sores
342 2192 426 2239 suas
441 2177 619 2240 orationes
635 2176 794 2256 publicas
808 2174 992 2240 haberent.

286 2281 373 2346 1551.
418 2282 703 2363 Praescripserat
718 2292 835 2347 autem
850 2282 928 2346 Rex
943 2282 981 2346 P.
998 2282 1141 2348 Canisio
1156 2302 1201 2347 ne
1219 2284 1337 2364 Praga
1356 2302 1452 2349 rece-

223 2388 335 2470 deret,
361 2390 474 2454 donec
495 2390 733 2455 habitationes
754 2400 789 2454 et
810 2392 954 2453 scholae
975 2391 1208 2455 concinnatae
1229 2389 1389 2470 fuissent,
1416 2402 1450 2455 et

222 2514 285 2561 aes
299 2497 452 2562 alienum
468 2497 659 2561 conflatum
674 2496 885 2561 dissolutum
900 2506 1004 2561 esset.
1022 2498 1066 2561 Et
1085 2500 1249 2579 quamvis
1265 2499 1308 2563 de
1327 2516 1450 2579 perpe·

220 2612 281 2667 tua
292 2604 498 2669 fundatione
509 2604 668 2669 curanda
680 2614 714 2667 et
726 2604 802 2686 ejus
810 2604 937 2669 litteris
949 2606 1148 2669 obtinendis
1159 2603 1449 2688 agere¹[animus

220 2710 322 2794 erat],
340 2712 456 2793 (prout
471 2712 584 2777 Roma
599 2723 810 2794 suggestum
823 2713 965 2792 fuerat),
986 2713 1161 2777 Dominus
1182 2713 1450 2778 Vicecancella·

220 2820 294 2884 rius
307 2819 429 2903 Jonas,
446 2819 673 2885 fidelissimus
687 2821 836 2900 amicuS,
852 2822 964 2885 suasit
979 2833 1017 2884 ut
1032 2822 1100 2886 hoc
1115 2822 1296 2901 negotium
1311 2840 1381 2886 non
1392 2840 1449 2886 ur·

219 2939 378 3005 geretur;
396 2927 459 2991 sed
474 2928 771 3008 quemadmodum
791 2929 1005 2991 viennenses
1020 2929 1191 3009 paulatim
1205 2946 1248 2991 eo
1268 2929 1447 3009 pervenis·

219 3043 309 3113 sent,
330 3045 368 3098 ut
391 3035 528 3099 litteras
543 3035 664 3116 regias
682 3046 875 3116 perpetuae
894 3036 1096 3098 donationis
1116 3035 1327 3116 obtinerent,
1350 3036 1399 3100 ita
1414 3047 1449 3101 et

220 3141 289 3221 ipsi
310 3159 376 3205 suo
399 3143 479 3206 loco
504 3151 539 3206 et
564 3152 721 3224 tempore
743 3142 961 3206 dotationem
978 3152 1185 3223 perpetuam
1207 3153 1446 3224 expectarent.

220 3246 294 3311 Nec
315 3266 443 3329 parum
464 3249 606 3313 interim
626 3251 814 3314 videbatur
836 3251 930 3313 mille
953 3260 986 3314 et
1008 3249 1287 3331 quadringentos
1309 3251 1450 3316 daleros

225 3354 366 3436 (singuli
381 3366 500 3421 autem
520 3368 600 3428 octo
614 3357 727 3440 Julios
748 3359 887 3422 italicos
902 3359 960 3422 vel
979 3359 1085 3438 paulo
1104 3359 1255 3439 amplius
1270 3360 1448 3438 valebant)

221 3463 432 3544 obtinuisse,
463 3465 627 3545 quamvis
655 3465 788 3546 aliquid
815 3464 896 3529 inde
925 3465 1203 3529 subtrahendum
1232 3476 1308 3529 erat
1337 3475 1375 3531 ut
1399 3468 1463 3530 illi·

218 3579 515 3652 sustentarentur,
532 3571 643 3654 quiin
661 3573 878 3636 monasterio
900 3571 1094 3652 Oybinensi
1116 3573 1225 3636 cultui
1240 3573 1360 3636 divino
1376 3592 1449 3638 ma·

219 3678 421 3744 nutenendo
437 3697 582 3760 operam
596 3690 697 3744 erant
713 3678 841 3744 daturi.

282 3786 369 3851 1552.
412 3787 450 3850 Ρ.
472 3786 647 3852 Henricus
662 3788 873 3868 BlysemiuS,
889 3787 977 3869 ipsis
991 3788 1092 3852 festis
1105 3789 1344 3870 Pentecostes,
1366 3807 1447 3854 con·

219 3895 379 3958 cionibus
393 3895 611 3975 germanicis
626 3895 662 3958 in
677 3897 806 3975 templo
825 3905 948 3958 nostro
963 3896 1174 3976 principium
1195 3896 1342 3960 daturus
1357 3905 1445 3977 erat;

218 4004 383 4085 quamvis
397 4003 491 4067 enim
505 4002 692 4067 bohemica
705 4003 827 4082 lingua
843 4002 948 4066 valde
966 4004 1011 4066 sit
1033 4003 1176 4067 diversa
1191 4023 1211 4067 a
1226 4006 1445 4084 germanica,

255 4249 265 4284 Ι
294 4247 340 4295 Me.
349 4249 518 4306 compellere.
556 4255 559 4260 '

255 4321 267 4354 ¹
293 4321 340 4367 Ma.
351 4321 386 4366 Er
400 4325 527 4377 quamvls
537 4322 570 4367 de
586 4324 721 4379 perpetua
737 4321 901 4376 fundatione
918 4322 1042 4368 curanda
1057 4325 1083 4367 et
1101 4322 1160 4377 esus
1175 4323 1277 4366 litteris
1293 4323 1449 4367 obtinendis

217 4403 296 4446 agere
307 4394 397 4448 (prout
407 4393 493 4438 Roma
503 4396 661 4448 suggestum
666 4392 785 4449 suerat),
801 4391 936 4438 Dominus
952 4392 1221 4442 Vlcecancellarius...
1235 4401 1288 4438 etc.
1301 4393 1352 4437 Sed
1361 4393 1387 4438 ln
1397 4395 1447 4438 hac

216 4464 326 4510 lectione
335 4466 434 4523 aliquid
444 4467 588 4512 desiderari
600 4468 713 4519 videtur,
724 4467 833 4511 verbum
847 4466 914 4516 scil..
929 4467 996 4522 quod
1012 4477 1116 4510 sensum
1130 4466 1230 4521 primae
1244 4467 1371 4512 orationts
1380 4478 1449 4512 com·

216 4538 293 4593 pleat
303 4551 363 4594 ng.
378 4550 458 4594 agere
473 4539 610 4590 volebant,
624 4545 671 4584 aut
684 4538 756 4584 allud
771 4539 863 4583 almlle:
881 4539 930 4583 nisi
945 4539 1031 4582 mavis
1044 4549 1092 4594 pro
1108 4549 1189 4593 agere
1198 4541 1285 4583 dicere
1300 4544 1449 4592 agerent.-

217 4609 354 4656 Caeterum
371 4611 413 4656 adi
431 4611 646 4667 Banunssaaona,
656 4612 674 4654 l.
685 4623 716 4665 c..
733 4617 754 4656 t.
765 4622 783 4666 1,
794 4622 853 4666 pag.
866 4610 915 4664 620,
927 4612 971 4655 nbi
986 4611 1067 4656 habea
1077 4611 1175 4656 Canisil
1191 4612 1338 4667 epistolam,
1353 4623 1405 4678 qna
1415 4612 1448 4658 ad

216 4683 283 4730 hunc
295 4685 377 4730 locum
387 4695 449 4730 usus
459 4684 587 4730 Polancns
596 4689 645 4730 est.

378 4773 416 4836 T.
431 4793 472 4844 vl.
1039 4825 1044 4834 .
1241 4793 1276 4846 ²4
