3642 5350
316 410 370 469 tto
775 411 901 471 Cuaou.
923 411 1000 471 Soc.
1020 412 1090 485 Jss.

316 572 422 637 quem
436 573 558 620 secum
572 574 614 620 eo
630 557 822 632 deducere,
839 565 877 620 ut
891 557 1022 637 gallica
1039 557 1159 638 lingua
1182 558 1477 637 concionaretur,
1494 575 1548 622 co·

316 664 515 744 gitaverat,
529 680 596 727 nec
611 664 720 728 alium
735 662 900 727 idoneum
915 663 1052 727 socium
1066 673 1102 727 et
1120 665 1171 729 illi
1186 665 1345 729 missioni
1360 664 1483 729 utilem
1496 667 1548 729 vi·

318 771 434 851 deret;
455 770 559 833 valde
575 770 758 835 dubitabat
773 788 831 849 an,
848 771 954 834 etiam
972 769 1069 850 Rege
1083 780 1290 835 transeunte
1309 773 1345 835 in
1365 772 1547 852 Angliam.

315 896 358 943 eo
375 878 553 959 proficisci
568 878 762 960 expediret;
779 887 813 941 et
829 878 972 958 alioqui,
986 878 1016 941 si
1034 878 1236 943 Cardinalis
1250 878 1468 958 Reginaldus
1483 878 1547 943 Po·

315 986 370 1049 lus
385 986 420 1049 id
435 1003 506 1049 non
520 986 751 1066 postulasset,
771 984 859 1048 nihil
878 984 968 1048 effici
988 1002 1093 1067 posse
1113 986 1355 1050 existimabat:
1377 986 1423 1049 ad
1442 1003 1546 1067 quem

313 1092 514 1158 Cardinalis
528 1090 697 1157 Moronus
712 1092 848 1155 litteras
870 1108 914 1155 ea
935 1093 979 1155 de
998 1110 1037 1156 re
1056 1093 1221 1172 dederat,
1243 1093 1306 1157 sed
1323 1102 1466 1157 nostros
1487 1093 1545 1157 illc

314 1216 494 1280 nunquam
509 1199 737 1262 invitaverat.
1192 1279 1194 1282 Ι

377 1306 463 1371 1911.
509 1304 587 1385 Quo
599 1306 715 1385 magis
726 1304 1158 1387 perspectamhabebatP.
1169 1304 1547 1387 Ribadeneyracurian

315 1406 407 1477 illius
422 1414 542 1492 regiae
557 1413 836 1493 dispositionem,
853 1430 894 1476 eo
910 1412 1027 1492 magis
1042 1413 1271 1476 existimabat
1285 1412 1545 1477 incommodam

313 1520 423 1585 fuisse
439 1520 635 1584 absentiam
650 1519 735 1584 D.ris
751 1519 871 1584 Araoz
886 1520 932 1583 ab
947 1538 988 1582 ea
1005 1520 1117 1599 curia,
1130 1521 1226 1599 quod
1240 1521 1366 1584 attinet
1381 1519 1426 1582 ad
1438 1518 1547 1599 Regis

313 1638 349 1693 et
368 1644 556 1709 procerum
578 1624 887 1709 [benevolentiam]
910 1643 997 1706 erga
1019 1626 1232 1691 Societatem
1247 1626 1545 1705 conservandam

313 1744 468 1799 nectam
487 1744 705 1798 momentum
719 1735 959 1813 negotiorum,
976 1752 1067 1814 quae
1081 1734 1128 1797 ibi
1144 1734 1331 1798 tractanda
1346 1742 1448 1797 erant
1462 1734 1484 1812 ¹,
1500 1735 1546 1798 ad

314 1843 349 1906 id
369 1842 584 1906 movendum
603 1842 794 1921 sentiebat,
815 1858 922 1923 quam
941 1842 1138 1905 necessitas
1152 1841 1402 1922 respondendi,
1424 1842 1481 1904 vel
1502 1842 1545 1906 de

313 1950 466 2013 veritate
491 1949 616 2012 melius
641 1948 870 2027 informandi,
892 1966 973 2012 cum
993 1949 1191 2013 calumniae
1206 1958 1267 2012 aut
1289 1965 1449 2013 rumores
1462 1948 1545 2013 falsi

312 2066 437 2121 contra
450 2054 665 2119 Societatem
678 2056 715 2119 in
730 2056 829 2118 curia
844 2056 1122 2119 seminabantur.

376 2162 464 2227 1912.
507 2163 561 2227 De
576 2180 641 2226 suo
657 2173 775 2227 autem
791 2164 906 2226 reditu
925 2162 963 2227 P.
984 2162 1124 2243 ignatio
1145 2166 1254 2227 semel
1275 2172 1381 2243 atque
1401 2164 1542 2236 iterum,

311 2290 403 2354 quae
418 2270 639 2350 videbantur,
656 2272 846 2351 suggessit.
863 2270 1026 2351 Negotiis
1040 2272 1134 2334 enim
1154 2270 1345 2351 expeditis,
1358 2268 1434 2349 jam
1448 2272 1543 2334 nulla

312 2380 414 2457 ratio,
432 2396 494 2442 cur
510 2379 545 2441 in
561 2378 660 2442 curia
675 2386 891 2457 versaretur,
908 2377 1009 2441 reddi
1023 2395 1129 2459 posse
1144 2376 1344 2441 videbatur.
1365 2378 1409 2441 Et
1423 2394 1544 2458 quam·

312 2487 367 2549 vis
382 2486 508 2549 studiis
523 2486 671 2549 libenter
688 2502 835 2565 operam
848 2485 1017 2564 dedisset,
1040 2485 1204 2563 (necdum
1229 2486 1323 2547 enim
1342 2485 1544 2563 theologica

310 2592 539 2673 absolverat);
554 2592 589 2656 id
601 2592 754 2657 Lovanii
766 2593 951 2656 commode
961 2592 1038 2655 fieri
1052 2610 1124 2656 non
1138 2608 1243 2672 posse
1256 2589 1448 2671 judicabat,
1464 2610 1542 2673 par·

310 2703 374 2766 tim
395 2711 541 2782 propter
563 2700 792 2782 praedicandi
816 2709 851 2764 et
869 2710 1100 2764 externorum
1120 2700 1385 2780 occupationes,
1412 2699 1541 2779 partim

310 2810 393 2889 quia
420 2817 610 2890 paupertas
632 2806 779 2886 Collegii
804 2805 1040 2871 Lovaniensis
1059 2825 1102 2870 ea
1124 2816 1212 2882 erat,
1235 2817 1275 2870 ut
1296 2806 1334 2869 P.
1360 2803 1542 2870 Adrianus

311 2915 501 2996 aliquando
523 2914 652 2978 dixerit
672 2912 709 2977 P.
731 2913 916 2978 Bernardo
941 2911 1111 3002 Oliverio,
1131 2913 1236 2976 malle
1255 2929 1294 2976 se
1314 2929 1457 2977 cessare
1470 2913 1541 2976 sru-

309 3032 408 3087 ctum
421 3023 529 3101 illum,
541 3022 606 3102 qui
621 3039 666 3084 ex
681 3021 718 3084 P.
740 3021 837 3084 Petri
861 3021 1052 3084 residentia
1072 3019 1224 3083 Lovanii
1245 3021 1540 3101 consequebatur,

309 3147 416 3210 quant
444 3146 525 3192 eum
551 3128 679 3192 ibidem
707 3128 815 3207 alere;
838 3140 873 3190 et
894 3144 978 3190 ¹cum
998 3125 1072 3206 jam
1093 3127 1239 3190 obiisset
1253 3125 1291 3191 P.
1315 3125 1503 3206 Quintinus
1516 3130 1540 3205 ¹,

308 3235 410 3316 cuius
428 3235 599 3298 reditibus
625 3235 805 3298 sublevari
830 3243 1013 3314 poterant,
1041 3232 1182 3297 aliunde
1208 3233 1407 3313 Collegium
1428 3234 1541 3298 Lova-

308 3345 442 3422 niense,
458 3343 551 3406 unde
566 3342 749 3406 fulciretur
765 3342 811 3405 ad
825 3340 1026 3420 hujusmodi
1041 3358 1233 3421 expensas,
1250 3350 1334 3404 tunc
1353 3340 1543 3405 nonhabe.

306 3453 379 3530 bnt;
396 3460 430 3514 et
444 3451 527 3532 quia
543 3451 675 3530 alioqui
686 3449 953 3513 distractionem
966 3450 1191 3528 negotiorum
1203 3450 1454 3528 permolestam
1467 3467 1542 3514 sen·

308 3559 437 3638 tiebat,
453 3551 518 3621 'ad
553 3557 705 3621 reditum
745 3557 780 3620 in
815 3555 955 3619 Italiam
996 3573 1194 3636 propensus
1227 3573 1306 3620 esse
1342 3557 1539 3635 videbatur,

306 3665 471 3746 quamvis
486 3664 604 3728 omnia
620 3663 768 3727 arbitrio
782 3663 820 3726 P.
842 3661 972 3741 Ignatii
992 3662 1103 3725 libere
1123 3662 1362 3727 submittebat.
1384 3663 1430 3730 Et
1447 3674 1539 3744 post·

306 3789 413 3851 quam
442 3771 615 3841 intellexit
643 3771 680 3834 P.
712 3770 888 3849 Ignatium
916 3768 962 3831 ad
992 3766 1183 3832 Dominum
1213 3770 1409 3850 migrasse,
1446 3772 1539 3852 apud

307 3877 345 3942 P.
362 3879 549 3943 Vicarium
565 3878 671 3940 aliam
685 3876 821 3962 addidit
836 3892 983 3940 causam
1005 3876 1061 3939 sui
1075 3876 1268 3940 adventus:
1284 3878 1438 3954 scilicet,
1455 3881 1538 3944 mul-

306 3988 352 4050 tis
377 3986 556 4065 derebus,
581 3985 625 4048 ad
645 3984 940 4064 gubernationem
955 3983 1195 4047 universalem
1209 3985 1476 4066 pertinentibus
1501 4003 1540 4049 se

305 4094 480 4175 quaedam
495 4092 662 4156 Generali
683 4089 908 4172 suggerenda
925 4089 1068 4165 habere,
1090 4097 1182 4172 quae
1202 4092 1346 4172 scriptis
1366 4091 1541 4158 committi

306 4217 378 4264 non
392 4209 567 4282 poterant.

348 4443 355 4476 Ι
424 4476 429 4488 .
456 4454 471 4485 r
503 4474 508 4486 .

345 4514 356 4546 ¹
383 4442 519 4567 gzlrretlgns
530 4513 647 4563 Charlat.
655 4515 722 4559 allas
733 4514 830 4568 Sarlat,
841 4515 902 4558 ollm
913 4513 1231 4564 canonieustornacensls,
1243 4514 1307 4558 obiit
1317 4513 1345 4556 ‘28
1354 4513 1417 4566 Julil
1430 4511 1490 4558 1555.
1500 4512 1539 4558 De

305 4597 335 4628 co
350 4585 406 4630 vide
417 4585 493 4640 intra,
503 4597 551 4630 an.
562 4585 624 4636 2015.
634 4592 661 4630 et
672 4585 794 4630 Litterae
808 4585 1040 4638 Quadrimestres,
1054 4593 1074 4628 t.
1089 4597 1128 4637 tv,
1139 4597 1197 4638 pag.
1212 4586 1247 4636 ol,
1261 4585 1296 4636 ot.
1312 4586 1346 4639 5⁶,
1362 4585 1410 4640 200,
1426 4583 1475 4640 201,
1489 4583 1538 4632 404.

304 4655 387 4712 Hujus
402 4658 453 4701 viri
468 4659 558 4702 laudes
567 4659 732 4713 prosequltur
742 4657 916 4711 Oritanorum,
931 4656 1002 4701 Hirr.
1014 4657 1070 4702 Soc.
1081 4655 1148 4712 jes,
1157 4658 1202 4702 ltb.
1213 4668 1267 4706 ενι,
1280 4669 1303 4700 n.
1314 4657 1348 4700 04.
