3642 5350
359 443 414 506 050
817 443 945 507 Caaon.
967 443 1043 507 Soc.
1064 446 1132 522 Jas.

418 592 508 657 2792.
552 593 592 657 In
605 594 755 658 ecclesia
768 609 855 674 ergo
870 603 1006 672 nostra,
1019 605 1206 674 praesente
1218 593 1354 658 Nuncio
1366 593 1583 676 Apostolico,

359 701 524 783 quamvis
542 719 614 765 non
633 701 722 765 bene
741 701 902 780 valebat,
924 711 959 764 et
981 717 1061 765 cum
1082 701 1143 765 alii
1161 700 1323 782 primarii
1337 701 1407 765 viri
1426 719 1469 766 eo
1489 701 1584 766 veui·

359 818 452 886 rent,
468 807 639 890 Princeps
653 808 803 873 Carolus
825 809 937 873 voluit
958 817 993 874 et
1013 809 1089 889 ipse
1108 809 1298 888 interesse,
1320 817 1449 873 utrem
1468 807 1586 889 hujus·

358 915 454 980 modi
467 929 541 980 tam
554 933 686 982 novam
700 916 854 993 videret;
870 915 1127 998 professionem
1142 916 1294 995 scilicet,
1310 925 1453 982 nostrae
1467 914 1584 980 Socie-

358 1022 453 1086 tatis.

417 1130 508 1194 2793.
551 1132 631 1213 Ipso
646 1150 733 1213 ergo
749 1132 806 1197 die
825 1130 884 1196 St*
905 1131 1092 1197 Barnabae
1112 1131 1209 1196 venit
1225 1129 1393 1211 Princeps
1411 1141 1447 1195 et
1468 1129 1584 1196 adsue·

358 1249 440 1302 runt
454 1237 531 1319 ejus
545 1241 702 1319 capellae
722 1250 903 1318 cantores;
920 1239 1004 1302 Dux
1019 1236 1146 1304 Sessae
1168 1237 1190 1318 ¹,
1206 1237 1367 1302 Marchio
1383 1238 1426 1302 de
1445 1237 1586 1302 Monda-

355 1345 412 1426 Jar
426 1346 449 1422 ⁸,
465 1355 499 1410 et
514 1347 573 1410 alii
588 1347 748 1428 primarii
762 1348 831 1411 viri
846 1348 953 1411 etiam
968 1347 1115 1412 Consilii
1128 1347 1229 1427 regib
1245 1347 1452 1411 concionem
1468 1355 1586 1410 autem

358 1454 479 1517 habuit
493 1453 530 1516 Ρ.
547 1452 780 1519 Prouincialis
795 1454 933 1532 Araoz,
950 1465 984 1518 et
1000 1464 1198 1536 opportune
1214 1454 1404 1518 occasione
1424 1463 1585 1535 accepta,

358 1561 442 1640 quia
466 1561 702 1626 concurrebat
727 1571 857 1626 octava
877 1561 1049 1643 Corporis
1065 1559 1198 1626 Christi
1212 1578 1294 1626 cum
1311 1560 1403 1626 sesto
1424 1561 1585 1643 Apostoll

357 1668 554 1748 Barnabae,
568 1668 764 1734 declaravit
778 1670 1035 1751 professionem
1051 1668 1240 1734 Societatis
1255 1679 1290 1732 et
1304 1669 1374 1733 alia
1386 1678 1470 1734 vota
1482 1678 1517 1732 et
1527 1685 1586 1732 res

359 1779 404 1842 ad
423 1777 499 1858 ejus
517 1777 718 1843 Institutum
739 1779 971 1859 pertinentes,
993 1778 1038 1842 ab
1059 1775 1216 1858 ejusdem
1230 1777 1450 1842 institutione
1471 1785 1507 1840 et
1525 1793 1584 1856 ap-

359 1885 566 1966 probatione
591 1886 809 1964 inchoando,
830 1897 865 1950 et
886 1887 985 1950 visus
1004 1896 1058 1949 est
1077 1884 1228 1966 Spiritus
1247 1883 1401 1948 Sanctus
1425 1881 1501 1965 ejus
1525 1883 1585 1948 lin·

356 2009 449 2072 guae
463 1995 568 2058 valde
581 1993 725 2074 favisse,
742 2004 874 2059 etcum
888 2009 1020 2074 magua
1034 1993 1281 2058 satisfactione
1299 1992 1364 2058 suit
1385 1994 1528 2057 auditus
1548 2005 1584 2056 et

357 2100 393 2164 in
414 2101 620 2165 universum
645 2102 792 2167 affectus
812 2101 1004 2183 peculiaris
1026 2115 1113 2181 erga
1133 2098 1348 2165 Societatem
1367 2100 1404 2164 in
1423 2100 1587 2164 omnibus

357 2207 501 2272 relictus
514 2225 594 2272 esse
608 2209 807 2274 videbatur.
1658 2204 1660 2212 ’

416 2315 506 2379 2794.
550 2315 660 2380 Missa
675 2334 762 2396 ergo
776 2317 953 2394 absoluta,
969 2331 1137 2397 egressus
1157 2325 1210 2380 est
1225 2315 1271 2380 ad
1287 2317 1400 2380 altare
1415 2315 1454 2380 Ρ.
1475 2315 1584 2380 Fran-

354 2423 471 2487 ciscus
486 2423 628 2504 Borgia,
645 2426 810 2505 quamvis
822 2425 984 2506 podagra
995 2442 1038 2488 eo
1049 2426 1127 2507 ipso
1138 2424 1195 2490 die
1207 2425 1358 2488 alterum
1369 2422 1445 2506 ejus
1457 2423 1582 2504 pedem

354 2532 548 2596 invaserat.
563 2531 664 2597 Tunc
679 2533 830 2597 accessit
850 2532 888 2597 P.
911 2532 1071 2613 Baptista
1092 2533 1136 2596 de
1155 2533 1297 2610 Barma,
1318 2541 1353 2622 et
1369 2531 1472 2613 juxta
1491 2529 1582 2596 Con·

354 2640 567 2721 stitutiones‚
580 2650 733 2722 quatuor
745 2641 837 2705 votis
845 2641 997 2720 emissis,
1009 2640 1296 2719 communicavit;
1306 2639 1433 2705 deinde
1445 2638 1483 2704 Ρ.
1500 2638 1583 2704 Por-

356 2749 442 2829 tiglo
460 2746 483 2827 ³,
504 2746 636 2813 Rector
660 2750 786 2813 domus
813 2750 1035 2830 probationis
1061 2749 1155 2829 apud
1180 2747 1377 2827 Simancas,
1402 2747 1471 2812 tria
1495 2756 1580 2811 vota

354 2853 570 2935 coadjutoris
585 2856 779 2937 spiritualis
793 2858 922 2921 emisit.
939 2856 1060 2921 Tertio
1075 2858 1153 2920 loco
1168 2828 1311 2938 quidam
1331 2874 1377 2919 ex
1395 2854 1581 2919 Fratribus

353 2972 438 3026 vota
452 2963 669 3044 coadJutoris
683 2965 900 3045 temporalis;
924 2964 1060 3044 ultimo,
1077 2963 1313 3027 scholasticus
1331 2961 1475 3044 quidam
1496 2970 1578 3026 vota

352 3070 658 3136 scholasticorum:
675 3090 798 3136 omnes
813 3074 885 3136 alta
900 3088 990 3137 voce
1005 3072 1209 3135 emiserunt.

412 3178 503 3243 2795.
546 3179 675 3244 Postea
694 3180 849 3261 quinque
869 3180 997 3244 novitii
1019 3190 1264 3255 accesserunt,
1285 3178 1376 3242 inter
1396 3194 1483 3259 quos
1501 3189 1580 3243 erat

354 3286 488 3351 Doctor
505 3287 687 3368 utriusque
699 3284 790 3367 juris
804 3285 918 3352 Solier
933 3286 957 3367 ⁴,
974 3296 1009 3351 et
1024 3287 1084 3350 alii
1099 3286 1170 3351 duo
1187 3286 1343 3367 theologi
1355 3295 1390 3350 et
1400 3286 1470 3350 duo
1483 3286 1580 3349 nobi·

354 3394 405 3457 les
427 3393 590 3474 juvenes,
612 3405 647 3458 et
667 3396 891 3475 postularunt
910 3412 950 3459 se
970 3393 1016 3459 ad
1035 3392 1226 3459 Societatis
1250 3393 1496 3475 probationem
1521 3394 1578 3457 ad·

354 3503 454 3566 mitti.

412 3609 502 3674 2796.
546 3611 634 3676 Cum
650 3612 694 3676 ad
710 3610 776 3675 hos
791 3628 914 3676 omnes
928 3610 1062 3692 gradus
1075 3610 1112 3675 bi
1128 3612 1409 3687 admitterentur,
1428 3626 1580 3691 surgens

352 3716 523 3800 Princeps
536 3720 643 3797 stetit,
660 3732 698 3783 ut
712 3719 838 3783 melius
859 3719 1010 3793 videret,
1034 3729 1068 3783 et
1091 3719 1265 3797 omnibuS,
1288 3719 1349 3801 qui
1371 3730 1578 3799 expectave-

352 3837 444 3905 rant,
466 3843 524 3890 res
544 3836 712 3907 pergrata
731 3828 840 3891 fuisse
860 3828 941 3890 visa
962 3837 1028 3890 est.
1045 3825 1128 3890 Fuit
1147 3828 1239 3891 inter
1254 3828 1319 3891 hos
1341 3826 1580 3891 confessarius

353 3931 527 4014 Principis
539 3933 711 4017 Joannae,
728 3934 864 3999 ordinis
878 3934 939 3998 S.u
957 3934 1179 4015 Hieronymi,
1196 3943 1230 3998 et
1245 3934 1390 4015 quidam
1401 3933 1476 4015 ejus
1489 3935 1580 3998 ordi·

352 4040 408 4103 nis
422 4040 535 4121 Prior,
551 4052 585 4106 et
601 4062 645 4106 ex
660 4042 896 4107 dominicanis
910 4041 1043 4107 Rector
1063 4041 1212 4122 Collegii
1224 4039 1282 4105 Sl*
1303 4041 1521 4123 Hieronymi,
1545 4054 1580 4107 et

351 4148 495 4228 quidam
514 4152 756 4223 concionator;
784 4168 829 4214 ex
857 4149 1120 4230 augustinianis
1145 4150 1251 4214 etiarn
1277 4149 1379 4213 Prior
1403 4166 1483 4214 curn
1508 4151 1578 4214 alio

352 4258 604 4322 concionatore
628 4257 803 4349 Principis
826 4257 1000 4339 Joannae;
1024 4274 1070 4321 ex
1094 4256 1328 4322 franciscanis
1352 4256 1580 4322 Guardianus

394 4502 402 4535 ¹
431 4501 607 4547 Gundisalvus
616 4502 768 4547 Feruoudez
778 4503 810 4547 de
818 4502 947 4548 cordoba.

393 4576 404 4607 ³
430 4574 533 4618 Enecas
540 4574 625 4628 Lopez
636 4574 666 4617 de
677 4573 809 4628 Mendoza.
820 4574 913 4619 Comes
924 4576 955 4619 de
968 4575 1095 4629 Tendilla,
1108 4573 1223 4619 marchio
1234 4574 1265 4618 de
1275 4573 1418 4630 llloudejur.

392 4646 403 4675 ³
432 4645 458 4688 P.
470 4644 643 4699 Hieronymus
653 4644 716 4689 Rulz
727 4646 768 4690 dcl
778 4645 897 4690 Portillo.

392 4719 403 4751 ⁴
430 4716 770 4763 DnFerdluaudusSolier.
