3642 5350
315 395 372 458 510
777 397 905 460 Canon.
924 395 1001 458 Soc.
1020 396 1091 471 Jns.

317 541 368 606 sis
382 554 417 606 et
437 542 638 608 Cardinalis
658 542 747 623 fuit),
770 552 804 607 et
823 560 933 607 unum
953 560 999 606 ex
1017 543 1150 606 nostris
1164 541 1424 606 confessarium
1441 541 1547 606 habe·

316 649 390 728 bat;
406 651 443 714 in
457 650 580 715 eodem
595 667 741 715 munere
756 649 927 715 visitandi
941 649 1143 730 neophytos
1154 649 1320 713 comitem
1331 648 1399 713 sibi
1410 649 1489 713 dari
1504 649 1547 713 de

316 758 450 820 nostris
464 758 679 838 postulabat,
696 766 732 820 et
750 757 835 821 huic
856 757 965 820 etiam
984 755 1021 819 in
1040 755 1165 820 eodem
1184 771 1330 820 munere
1345 773 1448 819 suam
1469 773 1547 837 ope·

318 879 396 926 ram
410 863 449 926 Ρ.
465 862 666 929 Santander
680 864 841 942 navavit,
864 873 899 928 et
919 880 991 926 non
1009 863 1172 942 vulgaris
1192 862 1330 926 fructus
1343 881 1388 926 ex
1406 879 1450 926 ea
1469 879 1550 926 con·

317 980 463 1034 secutus
483 979 548 1047 est,
570 980 606 1034 et
624 969 740 1052 major
759 971 795 1034 in
815 969 891 1034 dies
914 969 1137 1052 sperabatur,
1156 972 1223 1033 n'ec
1244 970 1320 1032 sine
1338 969 1551 1034 auctoritate

320 1093 363 1139 ac
383 1077 476 1141 bono
501 1078 611 1142 odore
633 1074 843 1157 Societatis;
864 1094 931 1141 nec
952 1076 1046 1141 enim
1066 1076 1188 1156 exigui
1208 1075 1378 1141 momenti
1395 1092 1474 1139 esse
1488 1076 1552 1139 ho-

318 1183 433 1247 mines
454 1184 726 1264 existimabant,
749 1184 845 1265 quod
863 1183 1095 1264 Inquisitores
1113 1181 1310 1246 ministeria
1328 1191 1472 1246 nostrae
1491 1180 1552 1246 So·

317 1289 461 1354 cieratis
485 1291 575 1355 tanti
598 1291 773 1371 facerent,
795 1299 1008 1371 nostrosque
1028 1291 1117 1355 adeo
1141 1298 1292 1371 paterno
1311 1288 1439 1352 aflectu
1459 1305 1553 1353 com·

319 1397 568 1476 plecterentur,
586 1414 628 1460 eo
651 1407 810 1478 tempore
832 1414 902 1478 quo
924 1397 1069 1478 plurimi
1087 1396 1226 1460 infestis
1248 1395 1378 1460 animis
1391 1405 1552 1460 nostrum

318 1502 517 1583 Collegium
532 1511 710 1584 evertere,
727 1513 778 1584 et,
794 1504 825 1568 si
839 1503 916 1568 fieri
930 1503 1120 1585 potuisset,
1136 1520 1265 1568 nomen
1287 1502 1404 1566 delere
1424 1502 1551 1566 voluis·

320 1617 409 1674 sent.

380 1715 472 1780 2334.
516 1717 607 1782 Nam
622 1719 789 1782 monachi
805 1727 839 1782 et
853 1717 1004 1800 parochi
1024 1727 1149 1782 contra
1169 1727 1312 1784 nostros
1330 1717 1552 1782 sacerdotem

319 1826 512 1904 quemdam
526 1825 709 1905 miserant,
726 1826 786 1907 qui
806 1826 899 1890 inter
918 1833 1073 1903 ceteroS,
1094 1826 1154 1906 qui
1169 1825 1349 1907 parochiis
1363 1835 1552 1906 praeerant

321 1931 357 1994 in
372 1931 574 2011 praeteritis
588 1933 855 2012 controversiis,
872 1932 1100 1996 durissimum
1114 1933 1244 1996 nostris
1256 1931 1502 1996 adversarium
1513 1950 1552 1994 se

320 2040 565 2118 praestiterat;
582 2048 618 2103 et
630 2039 711 2104 ideo
727 2041 818 2104 inter
833 2040 923 2103 alios
938 2040 983 2103 ad
998 2040 1142 2120 negotia
1157 2039 1244 2121 ipsis
1258 2041 1460 2103 communia
1470 2056 1552 2103 con-

320 2155 378 2208 tra
393 2154 536 2211 nostros
551 2145 739 2210 tractanda
755 2149 887 2210 electus
898 2145 1027 2210 fuerat.

382 2251 474 2316 2335.
518 2252 636 2317 Amici
657 2265 776 2317 autem
797 2252 941 2335 quidam
960 2253 1093 2317 nostris
1115 2251 1316 2317 referebant
1341 2253 1376 2316 in
1392 2269 1453 2316 ore
1468 2252 1554 2316 mul·

321 2369 440 2423 torum
452 2377 542 2438 esse,
557 2361 650 2440 quod
666 2361 781 2423 nostri
795 2362 832 2424 in
844 2372 963 2440 empta
975 2361 1079 2425 domo
1094 2361 1132 2424 vi
1147 2361 1265 2440 potius
1276 2377 1384 2441 quam
1392 2359 1471 2440 J'ure
1481 2376 1553 2423 ma·

321 2466 474 2542 nebant;
506 2475 545 2541 et,
565 2468 633 2530 hoc
659 2467 791 2530 dabant
813 2465 966 2545 consilii,
990 2476 1029 2530 ut
1051 2485 1096 2548 ex
1117 2467 1217 2530 curia
1242 2483 1390 2530 romana
1416 2467 1554 2529 clarum

318 2572 377 2653 jus
393 2583 554 2637 nostrum
579 2573 711 2636 adferri
727 2583 909 2650 curarent,
932 2582 982 2652 ut,
1006 2574 1160 2650 scilicet,
1177 2582 1357 2638 constaret
1378 2573 1551 2650 omnibus

321 2682 417 2761 quod
432 2680 620 2745 aedificare
636 2682 825 2761 collegium
840 2691 874 2746 et
889 2682 1090 2761 ecclesiam,
1106 2682 1288 2763 derogatis
1304 2682 1553 2762 religiosorum

321 2796 357 2851 et
377 2789 528 2851 aliarum
547 2789 778 2852 ecclesiarum
805 2788 1014 2868 privilegiis,
1031 2805 1237 2869 possemus;
1259 2801 1294 2853 et
1314 2806 1396 2853 cum
1409 2788 1481 2852 28.a
1495 2787 1552 2872 Ju-

324 2895 373 2958 nii
382 2895 621 2974 significatum
628 2895 761 2958 nostris
772 2905 877 2973 esset,
887 2895 1029 2959 nomine
1040 2895 1208 2959 Fratrum
1220 2904 1254 2958 et
1267 2896 1417 2959 aliorum
1429 2896 1553 2959 adver·

322 3000 502 3065 sariorum
521 3002 643 3064 nescio
662 3001 746 3080 quid
766 2998 899 3064 Romae
921 3002 1164 3082 impetratum,
1186 3020 1255 3083 quo
1267 3004 1379 3065 nostri
1399 3002 1553 3065 citaban-

323 3116 402 3186 tur;
424 3109 544 3172 statim
559 3109 683 3188 spargi
698 3126 820 3172 rumor
835 3108 969 3189 coepit,
990 3108 1085 3189 quod
1105 3107 1240 3172 Romae
1266 3118 1392 3173 contra
1413 3119 1554 3174 nostros

321 3216 500 3279 sententia
529 3215 601 3279 lata
622 3224 731 3291 esset,
752 3215 917 3296 quodque
936 3216 1037 3279 brevi
1059 3224 1096 3279 ut
1121 3216 1418 3279 excommunicati
1442 3217 1554 3279 nostri

321 3322 561 3385 denunciandi
576 3332 712 3402 essent;
730 3332 764 3385 et
779 3321 900 3385 addito
922 3321 1121 3402 interdicto,
1149 3334 1293 3385 nostros
1312 3323 1413 3386 brevi
1427 3322 1471 3385 de
1490 3340 1553 3386 sua

323 3428 429 3491 domo
445 3429 674 3508 expellendos
684 3416 741 3508 ,'et
762 3430 889 3492 saltem
904 3429 1092 3493 videbatur
1108 3428 1214 3495 alicui
1234 3430 1361 3508 amico,
1383 3429 1477 3509 quod
1492 3446 1555 3509 per

322 3536 528 3599 citationem
553 3536 660 3613 illam,
689 3536 898 3599 aedificandi
924 3536 1076 3599 facultas
1090 3536 1363 3616 impediebatur,
1390 3536 1554 3617 quamvis

325 3642 524 3707 aedificatio
547 3642 654 3706 etiam
674 3660 736 3723 per
757 3642 1092 3723 apprehensionem,
1113 3658 1219 3722 quam
1239 3651 1371 3704 vocant
1389 3641 1554 3724 Justitiae
1610 3632 1622 3655 '

323 3749 544 3829 Aragoniae,
560 3750 728 3829 impedita
744 3750 967 3813 censebatur.

385 3855 476 3921 2336.
520 3855 579 3920 Sic
599 3866 717 3920 autem
739 3855 873 3919 Romae
898 3854 1059 3920 Societas
1084 3873 1164 3919 cum
1189 3854 1357 3919 Pontifice
1378 3854 1488 3919 Paulo
1502 3854 1553 3919 IV

324 3982 363 4026 se
377 3962 530 4027 habebat
547 3964 725 4044 (quamvis
740 3963 833 4026 illius
845 3980 954 4045 opera
966 3965 1024 4028 ille
1037 3965 1184 4027 multum
1197 3962 1378 4041 uteretur),
1392 3972 1430 4025 ut
1444 3979 1554 4027 reme·

322 4070 420 4134 dium
441 4070 567 4134 efficax
587 4089 633 4134 ne
655 4072 852 4135 curandum
879 4071 1020 4151 quidem
1041 4070 1079 4133 P.
1105 4070 1257 4148 ignatio,
1280 4080 1342 4133 aut
1364 4070 1409 4133 ab
1430 4069 1555 4133 eodem

324 4177 493 4241 Pontifice
507 4179 757 4259 postulandum
774 4178 973 4256 videretur,
991 4178 1202 4257 praesertim
1221 4177 1267 4252 si,
1284 4178 1398 4240 nostri
1413 4178 1555 4255 privile·

322 4284 376 4363 gii
390 4284 642 4363 declaratione,
660 4285 794 4366 aliquid
809 4285 917 4348 etiam
931 4284 1071 4363 gratiae
1086 4282 1212 4345 fuisset
1226 4282 1487 4362 postulandum.

384 4389 476 4453 2337.
522 4390 781 4471 Affligebantur
792 4392 899 4453 etiam
914 4402 998 4453 tunc
1010 4407 1031 4451 a
1044 4387 1132 4452 viris
1143 4389 1320 4467 religiosis
1335 4386 1410 4471 [illi]
1428 4390 1486 4470 qui
1501 4406 1554 4452 sa·

324 4508 508 4562 eramenta
533 4498 816 4577 frequentabant,
843 4510 877 4561 et
903 4498 1085 4560 decretum
1110 4496 1196 4559 illud
1220 4494 1400 4559 facultatis
1422 4496 1554 4560 theolo-

322 4603 427 4682 gicae
452 4606 658 4685 parisiensis
682 4605 728 4669 ad
748 4605 818 4667 alia
844 4622 944 4667 arma
966 4603 1256 4667 adversariorum
1282 4604 1449 4682 accessit,
1470 4621 1553 4668 nam
