3642 5350
807 427 870 487 An.
893 428 963 546 lbbb
1443 421 1501 480 505

326 573 416 638 2184.
460 572 563 638 Alius
577 573 721 655 quidam
736 564 854 637 animo
870 574 1080 637 decreverat
1094 571 1218 635 eodem
1233 569 1294 633 illo
1310 568 1367 632 die
1385 567 1499 630 inimi·

266 699 348 747 cum
363 698 467 746 suum
481 681 696 760 interficere;
712 688 757 759 et,
774 679 896 743 audito
911 679 950 743 P.
972 679 1154 757 Ramirez,
1177 696 1198 741 a
1212 675 1351 740 nefario
1370 691 1497 755 propo·

268 790 338 853 sito
354 789 501 853 destitit.

323 894 416 960 2185.
460 895 612 976 Quidam
627 895 734 959 etiam
747 895 955 974 monachus,
969 892 1285 958 innumerabilibus
1296 906 1498 954 excommu-

188 1028 190 1032 ·
263 1003 483 1069 nicationum
505 1013 540 1066 et
561 1003 868 1082 irregularitatum
888 1003 1042 1066 vinculis
1068 1001 1211 1081 ligatus,
1236 997 1421 1062 abeodem
1444 997 1498 1060 sic

264 1111 328 1176 suit
343 1111 446 1175 verbi
460 1108 527 1174 Dei
541 1109 660 1190 gladio
676 1126 882 1190 percussuS,
905 1118 942 1173 ut
962 1109 1077 1173 eidem
1092 1107 1253 1173 confiteri
1266 1115 1416 1187 peccata
1431 1121 1497 1166 sua

264 1217 428 1294 voluerit,
445 1227 480 1280 et
499 1216 716 1296 facultatem,
739 1228 777 1280 ut
796 1217 841 1280 ab
857 1233 898 1280 eo
914 1227 1034 1296 posset
1054 1215 1202 1293 absolvi,
1220 1215 1369 1295 ipsemet
1393 1228 1496 1291 quae·

261 1324 357 1390 sivit.

322 1430 414 1495 2186.
459 1421 643 1512 Quaedam
664 1432 834 1513 primaria
856 1433 1023 1510 foemina,
1045 1448 1147 1494 asuo
1165 1429 1294 1494 marito
1314 1439 1494 1508 separata,

262 1541 395 1603 nostris
410 1539 446 1604 id
461 1540 684 1619 conantibuS,
702 1539 817 1603 eidem
830 1540 1061 1604 reconciliata
1072 1549 1107 1602 et
1119 1539 1282 1602 restituta
1298 1545 1364 1601 est.
1380 1533 1495 1614 Quae-

262 1645 344 1710 dam
373 1647 443 1710 alia
472 1646 641 1727 religiosa
665 1647 837 1725 foemina,
867 1664 977 1727 quae,
1005 1647 1130 1710 relicto
1155 1643 1384 1721 monasterio,
1412 1658 1495 1704 cum

263 1770 394 1833 magna
410 1753 556 1818 infamia
575 1755 688 1818 vitam
709 1755 872 1834 degebat;
893 1763 1097 1818 nostrorum
1116 1752 1266 1816 consilio
1288 1751 1326 1813 in
1340 1748 1426 1813 illud
1442 1765 1494 1810 re·

261 1858 337 1924 diit.

321 1966 412 2032 2187.
456 1967 587 2032 Multae
603 1969 693 2032 aliae
709 1969 884 2048 mulieres,
910 1970 1041 2051 partim
1059 1968 1288 2049 conjugatae,
1310 1965 1439 2048 partim
1456 1965 1493 2027 li·

262 2075 380 2154 berae,
397 2092 488 2156 quae
504 2075 622 2139 carnis
637 2076 811 2140 illecebris
836 2076 976 2141 deditae
991 2075 1146 2155 fuerant,
1172 2084 1376 2139 nostrorum
1395 2071 1493 2136 mini·

259 2183 369 2245 sterio
384 2183 436 2246 sic
452 2201 473 2244 a
488 2181 565 2246 Deo
581 2193 662 2247 sunt
678 2182 830 2265 adjutae,
848 2193 885 2246 ut
900 2185 1008 2247 etiam
1023 2183 1102 2247 aliis
1123 2184 1285 2263 exemplo
1305 2196 1494 2260 suoprae·

260 2291 418 2353 lucerent
433 2307 440 2369 3
467 2290 575 2353 immo
587 2299 621 2354 et
641 2292 677 2354 in
693 2290 966 2355 admirationem
976 2308 1093 2354 novae
1105 2308 1191 2355 suae
1206 2290 1301 2353 vitae
1312 2298 1493 2369 raperent.

318 2395 410 2460 2188.
455 2396 536 2460 Fuit
550 2399 642 2461 inter
657 2398 747 2478 alios
761 2398 817 2461 vir
831 2397 977 2478 quidam
997 2396 1240 2476 facinorosuS,
1264 2395 1325 2476 qui
1345 2403 1442 2458 totus
1457 2394 1494 2457 in

259 2504 464 2567 vulneribus
480 2513 515 2567 et
529 2504 729 2568 homicidiis
744 2506 913 2569 curandis
927 2514 1015 2584 erat,
1031 2515 1066 2568 et
1080 2505 1187 2569 etiam
1199 2520 1280 2567 cum
1295 2503 1391 2564 vitae
1406 2517 1493 2563 suae

259 2611 416 2691 periculo
432 2629 476 2675 ex
491 2611 580 2675 locis
596 2611 807 2693 quibusdam
822 2612 926 2677 editis
945 2613 1076 2677 herbas
1095 2611 1268 2693 quasdam
1288 2607 1491 2689 colligebat,

258 2718 397 2798 quibus,
414 2719 510 2782 ensis
524 2718 637 2782 aciem
653 2719 829 2799 ungend0,
845 2720 991 2784 lethalia
1002 2722 1151 2783 vulnera
1165 2718 1311 2782 inferret
1324 2735 1332 2796 ;
1349 2727 1384 2780 et
1398 2732 1494 2780 mor-

258 2827 366 2889 talem
381 2826 561 2889 hominem
576 2826 682 2890 morti
696 2826 839 2891 tradere
854 2844 980 2907 parum
995 2844 1074 2890 esse
1093 2825 1275 2905 censebat,
1292 2834 1328 2888 et
1349 2842 1430 2889 cum
1446 2826 1491 2889 ad

259 2933 354 2995 mala
371 2943 532 2997 versatus
547 2942 652 3009 esset,
667 2942 739 2997 tam
755 2942 832 2997 erat
848 2951 967 2997 rerum
983 2933 1194 2998 adsalutem
1205 2932 1490 2996 necessariarum

259 3038 421 3119 ignaruS,
440 3048 535 3103 utne
550 3041 747 3105 orationem
762 3041 904 3122 quidem
920 3040 1135 3105 dominicam
1150 3050 1297 3104 teneret.

319 3144 412 3213 2189.
456 3146 523 3210 Vir
538 3146 682 3228 quidam
697 3149 788 3211 alius
803 3148 932 3211 nobilis
943 3148 989 3210 ad
999 3148 1090 3212 duos
1101 3149 1263 3211 homines
1277 3146 1490 3211 occidendos

260 3253 469 3334 quibusdam
485 3271 609 3317 curam
624 3254 781 3334 dederat,
799 3255 906 3318 immo
923 3268 957 3318 et
973 3256 1189 3333 mercedem,
1207 3264 1245 3318 ut
1259 3256 1378 3335 colligi
1393 3265 1490 3337 pote·

256 3369 314 3424 rat
328 3378 335 3441 ;
356 3360 419 3424 sed
434 3378 515 3425 cum
532 3360 568 3424 id
582 3362 713 3425 nostris
728 3362 952 3440 innotuisset,
969 3363 1146 3426 hominem
1163 3364 1208 3426 ab
1223 3363 1291 3425 hoc
1306 3362 1490 3444 proposito

257 3476 496 3547 retraxerunt,
513 3477 548 3532 et
562 3478 600 3531 ut
615 3470 758 3532 veniam
773 3470 824 3533 eis
840 3467 953 3547 daret,
969 3486 1058 3549 quos
1074 3468 1188 3533 occidi
1200 3467 1367 3549 jusserat,
1384 3470 1491 3551 impe·

260 3582 411 3638 trarunt.

317 3680 408 3745 2190.
452 3682 567 3745 Tanta
583 3692 660 3746 erat
676 3683 928 3748 confluentium
943 3685 988 3748 ad
1000 3694 1226 3748 sacramenta
1237 3684 1436 3764 multitudo,
1450 3695 1489 3749 ut

259 3807 329 3853 non
343 3798 481 3852 tantum
497 3789 684 3853 dominicis
708 3790 847 3870 diebus,
868 3791 931 3855 sed
951 3792 1058 3855 etiam
1079 3791 1158 3854 aliis
1177 3790 1345 3871 profestis
1364 3804 1489 3856 nostro

260 3894 296 3959 in
312 3898 442 3977 templo
459 3895 764 3976 Quadragesimae
785 3908 923 3979 tempus
939 3916 1078 3979 semper
1094 3898 1219 3962 adesse
1238 3899 1438 3980 videretur;
1454 3909 1490 3963 et

256 4003 422 4083 quamvis
446 4004 600 4084 quinque
625 4004 831 4068 sacerdotes
856 4005 1042 4069 audiendis
1069 4006 1354 4069 confessionibus
1382 4023 1489 4071 vaca·

255 4120 355 4189 rent,
372 4109 432 4190 qui
447 4127 579 4191 magno
594 4111 630 4174 in
645 4113 759 4192 pretio
774 4111 963 4176 Valentiae
978 4113 1212 4191 habebantur,
1229 4114 1346 4192 multi,
1367 4114 1427 4194 qui
1441 4115 1488 4178 ad

256 4216 438 4280 meridiem
454 4234 566 4298 usque
581 4228 875 4299 expectaverant,
903 4220 980 4283 sine
1000 4220 1225 4283 confessione
1245 4220 1414 4285 recedere
1429 4238 1487 4284 co·

254 4324 443 4403 gebantur.

314 4429 406 4494 2191.
450 4430 591 4513 Optime
606 4431 772 4497 audiebat
792 4432 951 4498 Societas
973 4436 1041 4498 hoc
1061 4446 1221 4515 tempore
1235 4435 1435 4515 Valentiae,
1453 4446 1488 4499 et

255 4539 457 4618 complures
476 4557 521 4602 ex
543 4540 820 4619 aegrotantibus,
835 4542 968 4605 nostris
982 4560 1067 4606 suas
1088 4543 1326 4606 conscientias
1348 4544 1488 4625 aperire

255 4644 456 4724 cupiebant.
469 4645 541 4709 Alii
553 4647 659 4710 etiam
671 4648 941 4714 concionatores
951 4650 1089 4730 publice
1100 4661 1135 4713 et
1145 4650 1315 4730 privatim
1325 4660 1488 4715 nostram
