3642 5350
777 412 840 472 An.
862 411 933 473 1556
1415 408 1467 471 123

239 555 346 619 etiam
361 564 399 619 ut
414 557 531 620 multis
547 558 750 622 mulieribus
769 567 803 621 et
822 558 1032 639 quibusdam
1050 558 1138 622 viris
1157 558 1299 621 occasio
1319 556 1464 621 daretur

239 661 275 725 in
290 663 376 726 urbe
389 663 524 727 victum
538 666 699 745 parandi3
716 684 798 729 nam
813 666 882 729 viri
896 665 942 728 ad
963 667 1102 729 labores
1120 664 1238 729 idonei
1257 683 1342 728 suos
1356 681 1465 744 agros

240 769 414 849 colebant,
430 771 520 833 adeo
541 781 578 834 ut
598 772 642 834 ad
662 789 782 835 arcem
801 772 1028 836 reficiendam
1047 772 1146 850 (nam
1165 772 1466 836 consentientibus

240 874 454 941 Senensibus
468 877 692 943 reficiebatur
709 878 729 957 ¹)
745 881 955 943 mercenarii
967 880 1108 944 aliunde
1119 889 1238 943 essent
1252 879 1464 943 adducendi.

299 983 370 1048 452.
412 984 501 1048 Cum
526 996 645 1049 autem
670 988 830 1067 corporis
850 987 1066 1066 indigentiae
1085 987 1153 1051 hac
1172 987 1311 1050 ratione
1330 997 1466 1050 utcum-

240 1108 307 1171 que
321 1093 582 1171 subveniretur,
599 1094 762 1174 cupiebat
776 1094 977 1159 Cardinalis
992 1104 1030 1157 ut
1044 1096 1242 1158 animarum
1261 1094 1465 1158 necessitati

239 1198 370 1289 aliquid
385 1200 531 1265 subsidii
551 1202 714 1280 daretur,
735 1219 819 1265 nam
834 1202 1050 1287 monasteria
1069 1202 1286 1280 monialium,
1303 1202 1465 1281 publicae

239 1307 421 1371 custodiae
436 1318 470 1373 et
487 1310 690 1390 hospitalia,
712 1310 819 1373 immo
840 1319 875 1373 et
895 1309 986 1373 aliae
1006 1309 1161 1373 familiae
1181 1309 1313 1372 civium
1335 1310 1466 1371 multae

238 1414 305 1478 hoc
320 1416 493 1495 spirituali
508 1418 639 1481 auxilio
653 1434 872 1498 magnopere
886 1418 1111 1499 indigebant,
1128 1428 1163 1481 et
1178 1417 1224 1481 ad
1238 1416 1293 1494 id,
1305 1426 1344 1480 ut
1364 1432 1463 1496 supe·

240 1522 313 1585 rius
328 1523 481 1588 diximus
495 1523 517 1603 ¹,
536 1526 692 1588 animum
706 1522 836 1605 adjecit
850 1525 897 1589 ad
910 1524 1136 1589 Societatem.

299 1629 370 1693 453.
412 1631 613 1696 Cardinalis
638 1632 745 1696 etiam
769 1634 913 1713 saepius
937 1632 974 1697 P.
1001 1633 1142 1713 ignatio
1167 1632 1310 1711 scripsit
1332 1639 1367 1693 et
1391 1639 1466 1693 tum

240 1738 393 1801 maxime
417 1756 498 1801 cum
523 1740 614 1803 inter
638 1738 774 1819 Regem
798 1740 998 1821 Philippum
1023 1749 1058 1803 et
1082 1740 1276 1803 Henricum
1304 1738 1466 1801 induciae

240 1844 363 1924 primis
383 1846 562 1910 mensibus
576 1846 680 1927 hujus
694 1850 779 1912 anni
794 1849 912 1913 sactae
931 1858 1050 1911 essent
1073 1846 1100 1926 ³,
1118 1856 1152 1911 et
1170 1846 1240 1910 duo
1261 1846 1466 1909 sacerdotes

240 1968 321 2015 cum
336 1952 471 2016 duobus
491 1964 550 2017 aut
569 1954 682 2019 tribus
703 1956 782 2019 aliis
801 1956 1009 2037 postulavit,
1031 1955 1157 2036 quibus
1177 1955 1336 2033 domum,
1357 1954 1465 2017 eccle·

240 2060 330 2123 siam
345 2071 380 2125 et
395 2060 464 2124 alia
479 2063 683 2125 necessaria
695 2063 856 2143 promisit
871 2061 894 2123 ⁴.

298 2166 369 2233 454.
412 2166 654 2232 Pervenerunt
667 2186 753 2249 ergo
768 2170 891 2249 nostri,
909 2170 967 2250 qui
982 2170 1095 2233 Roma
1115 2179 1303 2247 venerant,
1320 2168 1464 2245 scilicet,

240 2276 480 2355 Hieronymus
494 2275 643 2340 Rubiola
659 2293 740 2339 cum
759 2278 912 2342 Hectore
927 2276 1093 2340 Leonello
1108 2286 1143 2339 et
1160 2276 1265 2339 Petro
1280 2275 1410 2355 Regio,
1433 2284 1468 2337 et

238 2382 418 2448 Florentia
433 2383 471 2449 P.
489 2384 649 2467 Baptista
664 2388 870 2451 Firmiensis
885 2387 907 2467 ⁵,
925 2386 1021 2450 circa
1036 2386 1247 2466 vigesimum
1259 2384 1351 2447 diem
1364 2382 1465 2462 Apri·

280 2590 288 2623 ¹
318 2589 468 2645 Congruuut
479 2592 544 2637 haec
555 2594 587 2637 lis
597 2605 663 2648 quae
673 2594 753 2638 habet
765 2594 865 2637 Sozzrnr
875 2600 901 2637 et
912 2594 957 2638 alii
968 2604 1055 2637 rerum
1063 2592 1195 2636 Senesium
1205 2590 1355 2644 scriptores.

282 2664 294 2696 ²
321 2661 618 2721 Pag.at,nn.6aetseq.

279 2736 291 2768 ³
318 2735 467 2782 “Cameraci
486 2738 555 2782 inter
571 2738 719 2792 Caesarem,
734 2739 881 2795 Philippum
895 2739 975 2783 tilium
992 2745 1017 2782 et
1035 2738 1184 2788 Henrlcum,
1199 2735 1300 2779 Galliae
1319 2733 1425 2787 Regem,
1442 2733 1468 2776 in

240 2809 440 2862 quinquennium
451 2809 568 2853 induciae
578 2817 671 2865 pactae
682 2811 795 2865 suerunt,
806 2813 897 2866 quibus
911 2813 945 2855 ad
959 2821 1049 2866 pacem
1060 2809 1213 2854 firmandam
1225 2806 1305 2850 sterni
1323 2806 1374 2850 lter
1393 2815 1468 2859 posse

239 2878 387 2932 videbatur,
405 2881 453 2924 nisi
467 2881 634 2935 gravioribus
654 2884 722 2926 inter
738 2883 868 2928 Summum
889 2883 1041 2927 Pontilicem
1057 2893 1088 2926 ac
1106 2881 1253 2935 Philippum
1270 2878 1397 2930 dlssldils,
1416 2887 1469 2920 am·

238 2950 448 3005 pliorsaevlendi
466 2963 542 3006 seges
557 2954 733 3009 increatam,
744 2954 902 3006 Mauaocanr,
923 2955 1109 2998 Historiarum
1126 2950 1303 3000 Venetorum,
1319 2950 1362 2994 lib.
1379 2959 1423 3000 vn,
1435 2948 1468 2992 ad

239 3033 333 3068 aunum
344 3023 405 3068 1556.

279 3094 291 3126 Ι
318 3093 414 3148 ignatii
425 3107 575 3151 responsum
585 3097 667 3141 habes
677 3099 702 3142 in
714 3097 809 3142 Carras
819 3099 852 3142 de
863 3096 1076 3150 Sanianum.
1084 3108 1120 3149 vr,
1131 3107 1191 3150 pag.
1201 3095 1247 3139 197.

279 3166 291 3199 ³
318 3168 380 3220 “que
390 3179 419 3210 es
428 3169 564 3213 sacerdote
580 3170 707 3224 italiana„
722 3171 840 3224 ignatius
855 3171 988 3215 cardinali
1004 3169 1128 3214 Mendota
1141 3168 1246 3219 litteris,
1258 3177 1367 3222 quarum
1383 3165 1469 3209 memi·

240 3239 323 3283 nimus
338 3251 425 3294 supra,
441 3247 528 3284 annot.
545 3242 577 3286 ad
593 3255 617 3286 n.
633 3241 681 3286 too.
693 3242 791 3286 Verum
807 3244 873 3296 quod
890 3243 994 3286 tandem
1009 3248 1048 3285 est
1059 3242 1136 3296 hujus
1146 3240 1203 3284 itali
1213 3239 1358 3283 sacerdotis
1368 3237 1469 3281 comen?

240 3309 333 3366 Supra,
345 3323 404 3366 pag.
416 3311 450 3362 25.
462 3325 487 3356 n.
496 3312 531 3366 64,
543 3315 690 3368 appellatus
698 3321 737 3358 est
745 3316 778 3358 ab
789 3313 844 3369 ipso
855 3315 967 3359 Polanco
976 3314 1138 3376 “Domlnlcua
1146 3312 1374 3363 Palancha,;nunc
1382 3314 1470 3352 autem

240 3391 266 3425 et
276 3384 380 3437 saepius
390 3383 458 3428 inira
468 3383 592 3436 “Joannea
602 3385 745 3440 Baptista..
756 3387 907 3434 Oatauorur.
918 3389 933 3430 l.
945 3399 959 3430 c
971 3419 977 3440 ,
987 3388 1031 3430 lib.
1042 3398 1095 3439 xvr,
1106 3383 1160 3439 hs,
1171 3388 1204 3428 ab
1214 3385 1264 3428 hac
1278 3383 1430 3426 difficultate
1440 3390 1469 3422 se

239 3455 353 3499 extricat
369 3457 485 3500 scrlbens
501 3457 633 3512 “alterque
650 3459 773 3502 sacerdos
790 3460 901 3503 accesslt
919 3459 1054 3502 Florentia
1066 3491 1077 3509 „
1099 3457 1153 3502 Nec
1175 3468 1220 3500 nos
1239 3456 1342 3510 quidem
1361 3452 1467 3497 definire

239 3527 337 3581 aliquid
352 3535 425 3572 certo
437 3530 714 3584 valemus-Aliquam
730 3537 818 3574 tamen
833 3531 908 3586 huius
923 3531 1082 3574 difficultatis
1097 3537 1124 3573 et
1139 3527 1295 3572 confusionis
1308 3524 1469 3570 occasionem

240 3601 383 3653 reperimus
400 3600 426 3643 in
445 3601 552 3654 lltterls,
570 3613 634 3655 quaa
651 3601 786 3650 Polancus,
802 3613 836 3646 ex
857 3615 932 3653 com„
946 3603 1017 3646 dedit
1028 3602 1101 3646 Patri
1125 3600 1259 3644 Ludos-ico
1276 3599 1307 3641 de
1326 3596 1469 3640 Condretto

240 3673 290 3716 21.Ι
306 3671 401 3724 Martii,
417 3673 442 3716 in
458 3673 549 3726 quihus
568 3673 598 3726 is,
619 3673 662 3727 qui
680 3673 823 3728 Florentia,
837 3683 865 3717 ut
881 3674 961 3717 Senas
976 3675 1133 3724 mitteretur,
1149 3671 1294 3717 educendus
1309 3675 1376 3716 erat.
1391 3667 1468 3720 Joan·

242 3756 286 3788 nes
296 3744 417 3799 Baptista
431 3745 586 3798 appellatur.
598 3745 644 3789 “Di
661 3745 738 3790 Siena
749 3747 772 3790 cl
787 3747 808 3790 sl
823 3747 849 3790 ia
861 3746 986 3790 instantia
1001 3747 1026 3789 di
1041 3747 1150 3789 mandor
1163 3757 1196 3788 un
1209 3743 1334 3799 principio
1351 3743 1376 3786 dl
1387 3741 1470 3785 Colle·

240 3817 293 3870 gio,
303 3828 317 3860 e
328 3815 423 3860 Nostro
434 3817 519 3860 Padre
532 3818 609 3860 vuele
626 3819 786 3872 compiacere
801 3820 827 3862 al
843 3819 989 3871 cardinale,
1005 3820 1053 3861 che
1067 3819 1085 3861 li
1099 3818 1134 3861 ha
1148 3817 1249 3868 scritto,
1264 3822 1290 3859 et
1305 3817 1358 3858 alla
1373 3816 1468 3865 cltta;e

242 3889 308 3932 latta
320 3888 421 3943 Pasqua
437 3890 514 3932 credo
529 3890 656 3934 mandata
670 3891 746 3934 alcun
761 3901 874 3936 numero.
888 3903 902 3933 e
917 3891 938 3933 si
955 3895 969 3934 e
986 3898 1094 3943 pensato
1109 3891 1156 3933 che
1172 3889 1279 3933 sarebbe
1297 3890 1321 3932 al
1336 3889 1470 3944 proposito

240 3960 316 4005 Mtro.
328 3961 430 4005 Gloran
440 3961 556 4005 Battlata
565 3973 611 4016 per
622 3973 671 4006 uno
684 3963 724 4004 de·
732 3963 791 4006 dnol
802 3963 940 4017 sacerdoti;
952 3974 1001 4005 ese
1011 3974 1059 4006 non
1069 3962 1192 4004 ritenesse
1203 3963 1228 4004 la
1237 3962 1366 4004 necessita
1376 3961 1422 4003 che
1434 3961 1469 4003 lul

240 4039 339 4076 mostra
349 4033 374 4076 di
386 4033 448 4076 darc
458 4044 510 4076 una
518 4035 591 4077 volta
600 4035 627 4076 al
637 4045 723 4087 paese,
735 4046 784 4078 non
795 4035 816 4077 sl
827 4035 935 4078 dubbita
945 4035 984 4077 sla
995 4035 1067 4089 quasi
1078 4035 1103 4077 di
1114 4034 1163 4077 che
1173 4035 1232 4086 (stc)
1242 4034 1264 4076 sl
1274 4033 1384 4076 dovesse
1401 4045 1471 4076 man·

240 4104 311 4148 dare.
319 4103 351 4148 V.
363 4105 392 4148 R.
405 4105 427 4148 ci
438 4105 505 4148 arisi
516 4105 541 4147 di
552 4107 637 4159 quello
647 4106 696 4148 che
705 4107 739 4150 lui
750 4115 831 4158 senam
840 4107 933 4160 prima,
941 4117 969 4149 se
979 4108 1041 4149 sara
1052 4105 1199 4148 necessaria
1209 4105 1227 4148 l'
1237 4105 1334 4148 andala
1344 4115 1391 4147 sua
1402 4116 1418 4147 o
1428 4115 1469 4158 no;

239 4177 360 4228 secondo,
371 4177 473 4230 quando
484 4177 593 4220 doverae
604 4177 696 4224 undar.
706 4179 731 4220 in
742 4179 831 4231 quanti
842 4178 927 4231 giornl
937 4178 959 4221 sl
971 4178 1126 4221 trovarebbe
1136 4178 1237 4230 spedito
1248 4179 1273 4219 al
1283 4187 1329 4219 suo
1339 4187 1433 4230 parere
1443 4185 1469 4220 et

239 4250 259 4292 il
268 4249 368 4293 ritoruo
378 4247 404 4292 ln
416 4247 501 4292 Stena.
514 4248 536 4292 E
547 4249 636 4292 riceva
648 4259 738 4304 questo
749 4251 862 4303 capitolo
873 4261 920 4303 per
930 4261 988 4302 auo,
1005 4261 1054 4292 non
1070 4249 1180 4304 potendo
1195 4249 1220 4292 io
1235 4250 1352 4292 scrivere
1369 4250 1394 4291 in
1410 4260 1472 4302 par·

239 4321 348 4365 ticolare
360 4332 406 4374 per
415 4321 433 4364 ll
444 4325 530 4375 tempo
540 4331 652 4372 scarso,
664 4321 706 4364 Sic
718 4327 743 4365 et
755 4323 780 4364 in
791 4323 850 4364 aliis
861 4321 976 4375 ejusdem
990 4322 1114 4376 temporis
1124 4323 1220 4366 litteris
1236 4321 1384 4376 appellatur
1394 4320 1471 4373 Joan·

240 4405 286 4437 nes
296 4391 533 4446 Baptista-Juvat
543 4399 629 4436 autem
642 4393 684 4436 hic
695 4394 822 4448 subjicere
838 4393 1053 4444 informationem,
1067 4405 1144 4448 quam
1158 4394 1188 4436 de
1204 4394 1242 4445 ils,
1259 4393 1302 4447 qul
1318 4392 1399 4436 Senas
1414 4394 1472 4436 mit·

242 4467 373 4516 tebantur,
389 4463 459 4507 dedit
475 4464 501 4508 in
515 4464 620 4519 scriptis
633 4464 762 4509 Polancus
771 4465 921 4510 Licentiato
936 4466 1077 4510 Mercante.
1093 4467 1172 4509 “Esto
1183 4467 1252 4515 (vide
1263 4466 1359 4509 Carras
1370 4467 1403 4507 de
1414 4465 1469 4507 San

242 4535 360 4588 Igrract'o,
370 4541 389 4579 t.
400 4547 435 4586 vr,
447 4547 507 4590 pag.
517 4535 566 4586 232)
576 4538 646 4580 llcva
655 4538 679 4579 el
689 4537 717 4580 P.
729 4537 885 4594 Hieronymo
897 4538 1019 4582 Rubioles
1033 4549 1081 4581 con
1096 4545 1168 4581 utros
1183 4539 1236 4588 dos,
1253 4549 1302 4592 que
1317 4538 1348 4580 de
1365 4538 1425 4590 aqui
1441 4547 1469 4579 se

242 4607 356 4664 ymbian,
366 4619 385 4662 y
394 4607 426 4650 de
437 4605 573 4651 Florencla
583 4607 683 4651 vendrd
692 4609 768 4662 luego
779 4615 836 4652 otro
846 4609 992 4663 sacerdote,
1006 4621 1071 4664 para
1081 4611 1106 4653 lo
1117 4610 1174 4652 cual
1185 4621 1220 4652 va
1231 4611 1292 4663 oqui
1306 4620 1357 4652 una
1373 4610 1441 4651 letra
1452 4619 1468 4662 y

244 4685 303 4722 otra
312 4691 340 4723 ae
351 4680 375 4723 le
385 4681 485 4724 eacrlbe
494 4691 543 4736 por
552 4680 768 4735 extraordinaria
780 4682 872 4736 podria
884 4693 927 4725 scr
938 4693 986 4736 que
997 4691 1042 4725 ran
1057 4689 1144 4737 presto
1160 4693 1232 4727 como
1247 4688 1316 4726 catos
1332 4689 1387 4724 tres
1398 4681 1470 4727 mese
