3642 5350
351 382 405 441 tlt
552 332 556 341 ι
810 382 938 445 Canon.
958 381 1036 445 Soc.
1057 383 1128 458 Jns.

352 530 411 611 qui
432 546 477 594 ex
496 530 725 613 primoribus,
748 530 807 613 qui
825 528 900 612 jam
918 530 993 596 lere
1013 530 1176 596 subversi
1194 538 1312 610 erant,
1334 528 1381 593 ad
1399 526 1580 593 meliorem

350 647 503 703 mentem
517 640 679 703 revocati
693 648 775 704 sunt
790 644 812 699 ¹.

413 744 502 810 1778.
546 745 697 827 Quidam
718 747 1005 825 sacramentarii,
1026 747 1063 811 in
1082 763 1265 812 carcerem
1282 730 1472 828 aliquando
1497 763 1578 811 con·

345 852 449 935 jecti,
473 871 554 919 cum
572 854 609 919 in
625 853 797 935 judicium
818 858 1030 923 auctoritate
1049 852 1203 918 Senatus
1217 854 1449 931 ducerentur,
1469 854 1576 919 exilio

350 972 520 1043 perpetuo
536 980 556 1027 a
572 962 726 1027 dioecesi
742 962 937 1027 coloniensi
950 962 1161 1041 mulctandi,
1184 961 1355 1026 seditione
1369 969 1459 1041 orta,
1481 981 1503 1026 a
1524 980 1575 1027 se·

349 1070 471 1134 ctariis
490 1070 534 1133 de
553 1086 660 1135 manu
682 1070 873 1134 satellitum
894 1070 1007 1151 erepti
1029 1069 1182 1149 luerunt;
1208 1086 1301 1151 quae
1325 1086 1383 1134 res
1407 1068 1577 1135 Senatum

349 1177 466 1259 magis
479 1178 688 1259 vigilantem
702 1176 828 1256 effecit,
845 1186 879 1242 et
893 1176 1100 1258 diligentius
1119 1177 1165 1241 ad
1179 1176 1438 1242 multitudinem
1456 1178 1576 1242 haere·

347 1286 500 1351 ticorum
514 1286 776 1368 reprimendam
790 1286 965 1365 incubuit,
980 1298 1015 1350 et
1029 1303 1073 1349 ne
1085 1285 1283 1349 cantilenae
1297 1284 1505 1350 lutheranae
1515 1303 1576 1367 pu·

349 1393 439 1458 blice
453 1400 695 1473 cantarentur,
708 1395 775 1457 sub
785 1392 891 1473 gravi
901 1410 1017 1475 poena
1033 1390 1249 1475 [prohibuit],
1262 1401 1297 1458 et
1308 1411 1380 1474 eos,
1394 1393 1453 1474 qui
1465 1395 1577 1475 erepti

348 1502 500 1581 fuerant,
516 1502 633 1567 denuo
647 1510 783 1583 captos,
798 1501 836 1565 in
851 1502 1041 1573 arctiorem
1054 1518 1238 1565 carcerem
1249 1500 1411 1565 detrusit.

411 1608 498 1674 1779.
543 1608 661 1674 Amici
675 1608 866 1674 Societatis
878 1626 1097 1691 magnopere
1111 1609 1282 1691 optabant
1295 1609 1436 1691 aliquos
1450 1623 1497 1675 ex
1514 1628 1575 1675 no·

349 1718 432 1781 stris
447 1716 617 1781 Coloniae
632 1726 667 1781 et
680 1717 870 1798 praecipue
884 1717 1171 1782 concionatorem
1190 1718 1387 1798 egregium,
1402 1727 1437 1782 et
1456 1733 1573 1781 sacra·

348 1841 428 1889 rum
441 1825 549 1889 etiam
563 1824 761 1889 litterarum
776 1826 958 1905 lectorem,
971 1833 1006 1889 et
1017 1825 1171 1906 aliquem
1183 1835 1380 1906 praeterea,
1394 1825 1500 1906 quiin
1511 1826 1572 1889 hu·
1676 1830 1680 1835 ’

348 1932 565 1997 manioribus
579 1932 706 1996 litteris
720 1942 755 1996 et
764 1931 906 2013 graecis
918 1930 1139 2013 juventutem
1151 1932 1352 2007 instrueret.

404 2038 492 2105 1780.
536 2038 581 2103 Et
596 2038 641 2104 D.
658 2039 842 2104 Gerardus
856 2037 879 2119 ¹,
897 2039 999 2105 Prior
1010 2039 1233 2121 Carthusiae‚
1246 2040 1293 2104 ad
1304 2057 1428 2106 eorum
1438 2054 1571 2108 susten·

349 2148 521 2213 tationem
531 2145 728 2233 juvandam
742 2157 884 2213 centum
904 2164 1033 2212 aurcos
1052 2149 1162 2214 annui
1180 2150 1315 2215 reditus
1329 2150 1571 2233 comparabat,

348 2267 488 2338 praeter
502 2256 782 2339 quadringentos
792 2273 932 2336 aureos,
947 2272 1038 2338 quos
1047 2256 1199 2323 Romam
1209 2259 1245 2322 in
1256 2257 1453 2323 subsidium
1464 2258 1574 2323 Colle·

347 2365 397 2445 gii
412 2364 561 2430 Romani
576 2365 688 2445 dedit;
704 2374 738 2429 et
756 2365 793 2429 in
812 2365 953 2444 siguum
975 2365 1253 2445 benevolentiae,
1273 2384 1355 2431 cum
1373 2366 1573 2449 imprimen-

346 2472 429 2539 dam
444 2482 610 2537 curarent
624 2473 813 2555 mysticam
827 2472 1044 2553 theologiam
1057 2474 1203 2538 Henrici
1219 2474 1352 2555 Herch,
1373 2472 1412 2539 P.
1434 2474 1573 2555 Ignatio

347 2599 389 2645 ac
409 2579 578 2646 Societati
595 2590 750 2659 nostrae,
767 2580 803 2644 in
817 2581 1057 2645 testimonium
1071 2598 1157 2645 suae
1170 2580 1381 2661 devotionis,
1397 2584 1571 2663 praelato·

346 2690 437 2754 riam
451 2690 649 2771 epistolam,
664 2689 754 2753 libro
767 2689 1014 2770 praemissam,
1029 2689 1250 2754 dedicarunt.

408 2795 496 2860 1781.
539 2796 676 2861 Doctor
697 2797 804 2861 etiam
823 2795 1032 2878 Gropperus
1050 2795 1062 2828 ³
1082 2796 1152 2876 (cui
1172 2797 1395 2864 cardinalitia
1416 2799 1573 2880 dignitas

346 2907 415 2970 hoc
429 2915 588 2985 ternpore
603 2923 624 2969 a
638 2903 783 2968 Summo
798 2903 970 2969 Pontifice
984 2906 1104 2970 oblata
1123 2914 1192 2985 est,
1214 2907 1297 2970 licet
1314 2924 1393 2972 eam
1408 2925 1480 2973 non
1503 2916 1570 2972 sta·

346 3013 409 3092 ¹tim
424 3011 678 3077 admittendam
689 3011 853 3090 duxerit),
867 3013 1005 3092 aliquos
1014 3013 1058 3077 de
1069 3011 1259 3093 Societate,
1271 3015 1394 3096 quales
1404 3015 1570 3095 diximus,

345 3119 516 3184 Coloniae
529 3118 768 3200 percupiebat.

409 3225 497 3292 1782.
539 3225 627 3292 Erat
651 3236 770 3292 autem
783 3227 815 3292 is
835 3228 904 3291 hoc
923 3237 1092 3310 tempore,
1113 3245 1218 3310 quem
1237 3230 1408 3296 haeretici
1427 3248 1572 3313 magno·

345 3352 429 3419 pere
452 3333 701 3416 formidabant,
727 3352 809 3400 cum
833 3353 872 3400 se
895 3334 964 3399 illis
988 3345 1131 3401 strenue
1155 3348 1360 3419 opponeret,
1390 3339 1510 3404 verbis
1538 3349 1572 3405 et

345 3443 499 3526 scriptis.
525 3442 615 3508 Cum
630 3450 749 3507 autem
768 3444 837 3508 hac
856 3452 992 3509 aestate
1006 3443 1239 3525 Suffraganeo
1254 3455 1290 3511 et
1304 3447 1411 3512 etiam
1425 3447 1572 3512 Archie·

343 3551 489 3633 piscopo
504 3549 652 3616 Colonia
667 3551 808 3634 privata
823 3561 917 3616 esset
931 3549 960 3631 ⁴,
980 3569 1052 3617 non
1070 3567 1197 3633 parurn
1211 3554 1382 3619 sollicitus
1396 3572 1475 3619 esse
1494 3573 1570 3620 coe-

344 3659 395 3740 pit
414 3657 580 3739 Senatus,
602 3658 645 3723 de
664 3658 818 3739 civibuS,
839 3658 935 3742 quod
953 3659 999 3724 ad
1016 3660 1225 3740 religionem
1243 3662 1381 3740 attinet,
1401 3663 1438 3726 in
1457 3663 1570 3727 officio

344 3766 579 3847 continendis,
595 3784 661 3831 nec
674 3767 862 3848 quisquam
873 3767 993 3849 palam
1004 3767 1156 3832 audebat
1167 3778 1383 3851 perpetrare,
1396 3770 1479 3835 licet
1490 3771 1569 3835 hae·

344 3927 556 3941 *-

384 4011 393 4044 l
421 4009 488 4055 Vide
497 4007 619 4054 Litterae
629 4007 858 4062 Quadrimestree,
867 4013 886 4054 t.
898 4019 935 4062 ιιι,
945 4019 1006 4064 pag.
1016 4009 1113 4055 manes.

383 4083 395 4116 ¹
421 4081 519 4128 Nomen
529 4081 578 4127 hoc
589 4081 621 4126 ad
631 4090 704 4126 orem
714 4080 825 4136 pagluee
835 4081 953 4126 additum
963 4088 1011 4126 eet.
1019 4082 1102 4127 Porro
1110 4083 1140 4126 de
1149 4081 1180 4126 D.
1189 4083 1306 4128 Gerardo
1317 4083 1457 4129 Hammont
1466 4084 1571 4137 (Kelet-

343 4156 473 4210 brenner),
487 4164 564 4208 saepe
580 4153 667 4208 egitur
682 4152 708 4197 lu
724 4151 819 4197 cartas
833 4152 867 4196 de
881 4151 938 4196 San
955 4151 1074 4207 ignaria·
1089 4153 1210 4198 Litterae
1225 4155 1454 4208 Quaeremestres,
1467 4162 1486 4201 t.
1497 4167 1535 4210 ιιι,
1545 4162 1571 4199 et

342 4237 430 4282 eupre,
442 4233 461 4270 t.
471 4237 498 4279 v,
509 4237 568 4280 pag.
579 4223 628 4279 288,
639 4236 663 4269 n.
673 4223 721 4278 786,
732 4223 817 4279 quoin
827 4229 960 4280 postremo
969 4225 1026 4269 loco
1040 4235 1182 4280 cognomen
1200 4226 1316 4272 doctorle
1330 4226 1436 4272 llenrlcl
1451 4228 1573 4272 emende-

343 4297 521 4343 tur:eetenlm
531 4295 658 4342 Henrlcue
669 4295 749 4352 Herp.
1158 4317 1161 4322 -

382 4369 394 4402 ⁸
420 4369 531 4423 Joennee
541 4368 698 4424 Gropperus.
709 4366 776 4412 Vide
786 4378 874 4424 supra,
885 4373 904 4412 t.
915 4379 952 4422 rr,
967 4379 1027 4423 pag.
1041 4367 1082 4413 270
1091 4374 1117 4413 et
1126 4380 1180 4424 eeq.
1195 4380 1220 4414 n.
1232 4369 1281 4422 5⁸2,
1292 4377 1311 4413 t.
1321 4382 1349 4425 v,
1359 4381 1419 4425 pag.
1430 4369 1478 4425 287,
1489 4381 1514 4416 n.
1523 4369 1572 4424 785,

341 4446 368 4486 et
378 4452 456 4497 saepe
465 4441 492 4486 ln
502 4441 551 4486 boc
561 4451 647 4496 opere.
733 4457 738 4464 ·

382 4516 394 4548 ⁴
419 4512 545 4568 “Joennee
561 4513 644 4569 Nopel
661 4523 713 4557 von
726 4511 874 4569 Llppstedt,
890 4511 1079 4565 suffraganeus,
1097 4512 1188 4556 vivere
1201 4512 1279 4557 desllt
1293 4513 1330 4557 6.·
1343 4511 1406 4566 Julil
1421 4514 1481 4566 tubo:
1492 4515 1570 4559 Adol-

340 4587 406 4644 ellae
416 4591 504 4632 entem
513 4597 565 4632 von
576 4583 771 4640 Schauenburg,
782 4583 1008 4640 Arcblepiecopue,
1018 4582 1047 4628 ab
1060 4583 1220 4639 septenbris
1228 4585 1343 4641 ejusden
1354 4588 1438 4640 anni„
1447 4586 1570 4632 Litterae

320 4687 327 4704 .
340 4659 569 4713 Quadrimestree,
577 4662 596 4702 t.
604 4669 640 4712 tv,
650 4669 711 4714 pag.
721 4657 769 4702 bas.
