<?xml version="1.0" encoding="UTF-8"?>
<!DOCTYPE html PUBLIC "-//W3C//DTD XHTML 1.0 Transitional//EN"
    "http://www.w3.org/TR/xhtml1/DTD/xhtml1-transitional.dtd">
<html xmlns="http://www.w3.org/1999/xhtml" xml:lang="en" lang="en">
 <head>
  <title>
</title>
<meta http-equiv="Content-Type" content="text/html;charset=utf-8" />
  <meta name='ocr-system' content='tesseract 3.04.00' />
  <meta name='ocr-capabilities' content='ocr_page ocr_carea ocr_par ocr_line ocrx_word'/>
</head>
<body>
  <div class='ocr_page' id='page_1' title='image "./vitaignatiiloio00polagoog_0547.png"; bbox 0 0 3642 5350; ppageno 0'>
   <div class='ocr_carea' id='block_1_1' title="bbox 778 344 1472 456">
    <p class='ocr_par' dir='ltr' id='par_1_1' title="bbox 778 344 1472 456">
     <span class='ocr_line' id='line_1_1' title="bbox 778 344 1472 456; baseline 0.003 -4"><span class='ocrx_word' id='word_1_1' title='bbox 778 391 842 452; x_wconf 60' lang='lat' dir='ltr'><strong>Aa.</strong></span> <span class='ocrx_word' id='word_1_2' title='bbox 865 394 935 456; x_wconf 70' lang='lat' dir='ltr'><strong>rra</strong></span> <span class='ocrx_word' id='word_1_3' title='bbox 1133 344 1137 352; x_wconf 40' lang='lat'>⁵</span> <span class='ocrx_word' id='word_1_4' title='bbox 1416 393 1472 454; x_wconf 79' lang='lat'><strong>527</strong></span> 
     </span>
    </p>
   </div>
   <div class='ocr_carea' id='block_1_2' title="bbox 236 537 1477 4151">
    <p class='ocr_par' dir='ltr' id='par_1_2' title="bbox 236 537 1470 725">
     <span class='ocr_line' id='line_1_2' title="bbox 236 537 1470 619; baseline 0.002 -19"><span class='ocrx_word' id='word_1_5' title='bbox 236 537 296 616; x_wconf 89' lang='lat' dir='ltr'><strong>da,</strong></span> <span class='ocrx_word' id='word_1_6' title='bbox 313 539 372 619; x_wconf 90' lang='lat' dir='ltr'><strong>qui</strong></span> <span class='ocrx_word' id='word_1_7' title='bbox 387 537 619 604; x_wconf 82' lang='lat' dir='ltr'><strong>christianam</strong></span> <span class='ocrx_word' id='word_1_8' title='bbox 634 537 834 602; x_wconf 88' lang='lat' dir='ltr'><strong>doctrinam</strong></span> <span class='ocrx_word' id='word_1_9' title='bbox 850 539 1061 618; x_wconf 84' lang='lat' dir='ltr'><strong>explicaret,</strong></span> <span class='ocrx_word' id='word_1_10' title='bbox 1084 548 1226 619; x_wconf 87' lang='lat' dir='ltr'><strong>praeter</strong></span> <span class='ocrx_word' id='word_1_11' title='bbox 1242 539 1470 603; x_wconf 88' lang='lat' dir='ltr'><strong>concionato-</strong></span> 
     </span>
     <span class='ocr_line' id='line_1_3' title="bbox 237 646 563 725; baseline 0.003 -18"><span class='ocrx_word' id='word_1_12' title='bbox 237 661 315 708; x_wconf 86' lang='lat' dir='ltr'><strong>rem</strong></span> <span class='ocrx_word' id='word_1_13' title='bbox 329 646 563 725; x_wconf 90' lang='lat' dir='ltr'><strong>praedictum.</strong></span> 
     </span>
    </p>

    <p class='ocr_par' dir='ltr' id='par_1_3' title="bbox 237 751 1473 1565">
     <span class='ocr_line' id='line_1_4' title="bbox 299 751 1468 836; baseline 0.003 -21"><span class='ocrx_word' id='word_1_14' title='bbox 299 751 391 815; x_wconf 84' lang='lat'>2281.</span> <span class='ocrx_word' id='word_1_15' title='bbox 435 751 591 830; x_wconf 87' lang='lat' dir='ltr'><strong>Quartus</strong></span> <span class='ocrx_word' id='word_1_16' title='bbox 616 751 786 816; x_wconf 82' lang='lat' dir='ltr'><strong>sacerdos</strong></span> <span class='ocrx_word' id='word_1_17' title='bbox 811 762 889 817; x_wconf 91' lang='lat' dir='ltr'><strong>erat</strong></span> <span class='ocrx_word' id='word_1_18' title='bbox 909 751 945 815; x_wconf 88' lang='lat' dir='ltr'><strong>P.</strong></span> <span class='ocrx_word' id='word_1_19' title='bbox 965 753 1171 817; x_wconf 88' lang='lat' dir='ltr'><strong>Ludovicus</strong></span> <span class='ocrx_word' id='word_1_20' title='bbox 1193 753 1379 834; x_wconf 90' lang='lat' dir='ltr'><strong>Cysteron,</strong></span> <span class='ocrx_word' id='word_1_21' title='bbox 1396 755 1468 836; x_wconf 91' lang='lat' dir='ltr'><strong>qui,</strong></span> 
     </span>
     <span class='ocr_line' id='line_1_5' title="bbox 237 859 1470 940; baseline 0.002 -17"><span class='ocrx_word' id='word_1_22' title='bbox 237 859 404 940; x_wconf 90' lang='lat' dir='ltr'><strong>quamvis</strong></span> <span class='ocrx_word' id='word_1_23' title='bbox 418 860 578 924; x_wconf 88' lang='lat' dir='ltr'><strong>minister</strong></span> <span class='ocrx_word' id='word_1_24' title='bbox 593 869 671 922; x_wconf 86' lang='lat' dir='ltr'><strong>erat</strong></span> <span class='ocrx_word' id='word_1_25' title='bbox 686 859 845 938; x_wconf 90' lang='lat' dir='ltr'><strong>Collegii,</strong></span> <span class='ocrx_word' id='word_1_26' title='bbox 863 860 968 923; x_wconf 88' lang='lat' dir='ltr'><strong>simul</strong></span> <span class='ocrx_word' id='word_1_27' title='bbox 988 876 1068 923; x_wconf 90' lang='lat' dir='ltr'><strong>cum</strong></span> <span class='ocrx_word' id='word_1_28' title='bbox 1089 861 1169 925; x_wconf 89' lang='lat' dir='ltr'><strong>aliis</strong></span> <span class='ocrx_word' id='word_1_29' title='bbox 1188 861 1470 925; x_wconf 84' lang='lat' dir='ltr'><strong>confessionibus</strong></span> 
     </span>
     <span class='ocr_line' id='line_1_6' title="bbox 237 965 1471 1046; baseline 0 -16"><span class='ocrx_word' id='word_1_30' title='bbox 237 965 348 1030; x_wconf 89' lang='lat' dir='ltr'><strong>dabat</strong></span> <span class='ocrx_word' id='word_1_31' title='bbox 374 983 530 1046; x_wconf 88' lang='lat' dir='ltr'><strong>operam.</strong></span> <span class='ocrx_word' id='word_1_32' title='bbox 557 965 667 1029; x_wconf 89' lang='lat' dir='ltr'><strong>Sedes</strong></span> <span class='ocrx_word' id='word_1_33' title='bbox 686 975 805 1030; x_wconf 89' lang='lat' dir='ltr'><strong>autem</strong></span> <span class='ocrx_word' id='word_1_34' title='bbox 826 966 871 1029; x_wconf 93' lang='lat' dir='ltr'><strong>ad</strong></span> <span class='ocrx_word' id='word_1_35' title='bbox 892 966 1134 1030; x_wconf 78' lang='lat' dir='ltr'><strong>confessiones</strong></span> <span class='ocrx_word' id='word_1_36' title='bbox 1153 966 1346 1030; x_wconf 88' lang='lat' dir='ltr'><strong>audiendas</strong></span> <span class='ocrx_word' id='word_1_37' title='bbox 1364 967 1471 1031; x_wconf 90' lang='lat' dir='ltr'><strong>valde</strong></span> 
     </span>
     <span class='ocr_line' id='line_1_7' title="bbox 239 1072 1469 1154; baseline 0 -18"><span class='ocrx_word' id='word_1_38' title='bbox 239 1073 446 1136; x_wconf 90' lang='lat' dir='ltr'><strong>commodas</strong></span> <span class='ocrx_word' id='word_1_39' title='bbox 471 1072 623 1153; x_wconf 87' lang='lat' dir='ltr'><strong>reliquit;</strong></span> <span class='ocrx_word' id='word_1_40' title='bbox 645 1073 696 1136; x_wconf 91' lang='lat' dir='ltr'><strong>illi</strong></span> <span class='ocrx_word' id='word_1_41' title='bbox 707 1073 802 1136; x_wconf 88' lang='lat' dir='ltr'><strong>enim</strong></span> <span class='ocrx_word' id='word_1_42' title='bbox 817 1091 862 1136; x_wconf 83' lang='lat' dir='ltr'><strong>ex</strong></span> <span class='ocrx_word' id='word_1_43' title='bbox 875 1072 1036 1154; x_wconf 91' lang='lat' dir='ltr'><strong>Collegio</strong></span> <span class='ocrx_word' id='word_1_44' title='bbox 1047 1074 1093 1136; x_wconf 92' lang='lat' dir='ltr'><strong>ad</strong></span> <span class='ocrx_word' id='word_1_45' title='bbox 1103 1073 1306 1153; x_wconf 91' lang='lat' dir='ltr'><strong>praedictas</strong></span> <span class='ocrx_word' id='word_1_46' title='bbox 1317 1074 1431 1153; x_wconf 90' lang='lat' dir='ltr'><strong>sedes,</strong></span> <span class='ocrx_word' id='word_1_47' title='bbox 1448 1091 1469 1136; x_wconf 90' lang='lat' dir='ltr'><strong>a</strong></span> 
     </span>
     <span class='ocr_line' id='line_1_8' title="bbox 239 1179 1471 1263; baseline 0.002 -21"><span class='ocrx_word' id='word_1_48' title='bbox 239 1179 379 1243; x_wconf 89' lang='lat' dir='ltr'><strong>nemine</strong></span> <span class='ocrx_word' id='word_1_49' title='bbox 394 1179 586 1260; x_wconf 89' lang='lat' dir='ltr'><strong>conspecti,</strong></span> <span class='ocrx_word' id='word_1_50' title='bbox 602 1181 726 1244; x_wconf 87' lang='lat' dir='ltr'><strong>venire</strong></span> <span class='ocrx_word' id='word_1_51' title='bbox 741 1188 919 1261; x_wconf 85' lang='lat' dir='ltr'><strong>poterant:</strong></span> <span class='ocrx_word' id='word_1_52' title='bbox 936 1181 1160 1263; x_wconf 87' lang='lat' dir='ltr'><strong>poenitentes</strong></span> <span class='ocrx_word' id='word_1_53' title='bbox 1175 1188 1294 1245; x_wconf 89' lang='lat' dir='ltr'><strong>autem</strong></span> <span class='ocrx_word' id='word_1_54' title='bbox 1308 1182 1344 1244; x_wconf 92' lang='lat' dir='ltr'><strong>in</strong></span> <span class='ocrx_word' id='word_1_55' title='bbox 1360 1184 1471 1245; x_wconf 91' lang='lat' dir='ltr'><strong>eccle·</strong></span> 
     </span>
     <span class='ocr_line' id='line_1_9' title="bbox 238 1285 1473 1368; baseline 0.003 -19"><span class='ocrx_word' id='word_1_56' title='bbox 238 1287 305 1365; x_wconf 86' lang='lat' dir='ltr'><strong>sia,</strong></span> <span class='ocrx_word' id='word_1_57' title='bbox 322 1285 441 1367; x_wconf 88' lang='lat' dir='ltr'><strong>palam</strong></span> <span class='ocrx_word' id='word_1_58' title='bbox 455 1288 650 1364; x_wconf 88' lang='lat' dir='ltr'><strong>constituti,</strong></span> <span class='ocrx_word' id='word_1_59' title='bbox 672 1287 832 1352; x_wconf 90' lang='lat' dir='ltr'><strong>confiteri</strong></span> <span class='ocrx_word' id='word_1_60' title='bbox 853 1297 1021 1368; x_wconf 87' lang='lat' dir='ltr'><strong>poterant</strong></span> <span class='ocrx_word' id='word_1_61' title='bbox 1039 1286 1250 1351; x_wconf 88' lang='lat' dir='ltr'><strong>accedentes</strong></span> <span class='ocrx_word' id='word_1_62' title='bbox 1270 1289 1315 1351; x_wconf 91' lang='lat' dir='ltr'><strong>ad</strong></span> <span class='ocrx_word' id='word_1_63' title='bbox 1335 1288 1473 1353; x_wconf 91' lang='lat' dir='ltr'><strong>cancel-</strong></span> 
     </span>
     <span class='ocr_line' id='line_1_10' title="bbox 241 1392 1472 1475; baseline 0.002 -20"><span class='ocrx_word' id='word_1_64' title='bbox 241 1396 311 1458; x_wconf 85' lang='lat' dir='ltr'><strong>lum</strong></span> <span class='ocrx_word' id='word_1_65' title='bbox 326 1393 493 1456; x_wconf 84' lang='lat' dir='ltr'><strong>ferreum.</strong></span> <span class='ocrx_word' id='word_1_66' title='bbox 510 1392 610 1472; x_wconf 89' lang='lat' dir='ltr'><strong>Quae</strong></span> <span class='ocrx_word' id='word_1_67' title='bbox 632 1395 750 1458; x_wconf 89' lang='lat' dir='ltr'><strong>omnia</strong></span> <span class='ocrx_word' id='word_1_68' title='bbox 767 1393 871 1475; x_wconf 84' lang='lat' dir='ltr'><strong>juxta</strong></span> <span class='ocrx_word' id='word_1_69' title='bbox 890 1411 1028 1458; x_wconf 87' lang='lat' dir='ltr'><strong>morem</strong></span> <span class='ocrx_word' id='word_1_70' title='bbox 1046 1392 1121 1473; x_wconf 90' lang='lat' dir='ltr'><strong>ejus</strong></span> <span class='ocrx_word' id='word_1_71' title='bbox 1141 1395 1299 1473; x_wconf 84' lang='lat' dir='ltr'><strong>regionis</strong></span> <span class='ocrx_word' id='word_1_72' title='bbox 1315 1394 1360 1458; x_wconf 91' lang='lat' dir='ltr'><strong>ad</strong></span> <span class='ocrx_word' id='word_1_73' title='bbox 1378 1394 1472 1459; x_wconf 89' lang='lat' dir='ltr'><strong>aedi·</strong></span> 
     </span>
     <span class='ocr_line' id='line_1_11' title="bbox 237 1498 680 1565; baseline 0.002 -1"><span class='ocrx_word' id='word_1_74' title='bbox 237 1501 443 1565; x_wconf 88' lang='lat' dir='ltr'><strong>ficationem</strong></span> <span class='ocrx_word' id='word_1_75' title='bbox 456 1498 552 1564; x_wconf 86' lang='lat' dir='ltr'><strong>sacta</strong></span> <span class='ocrx_word' id='word_1_76' title='bbox 568 1510 680 1565; x_wconf 90' lang='lat' dir='ltr'><strong>erant.</strong></span> 
     </span>
    </p>

    <p class='ocr_par' dir='ltr' id='par_1_4' title="bbox 239 1605 1472 2116">
     <span class='ocr_line' id='line_1_12' title="bbox 300 1605 1472 1691; baseline 0 -20"><span class='ocrx_word' id='word_1_77' title='bbox 300 1605 390 1671; x_wconf 83' lang='lat'>2282.</span> <span class='ocrx_word' id='word_1_78' title='bbox 434 1607 581 1672; x_wconf 87' lang='lat' dir='ltr'><strong>Praeter</strong></span> <span class='ocrx_word' id='word_1_79' title='bbox 594 1608 660 1672; x_wconf 90' lang='lat' dir='ltr'><strong>hos</strong></span> <span class='ocrx_word' id='word_1_80' title='bbox 674 1618 826 1687; x_wconf 87' lang='lat' dir='ltr'><strong>quatuor</strong></span> <span class='ocrx_word' id='word_1_81' title='bbox 841 1606 1059 1684; x_wconf 89' lang='lat' dir='ltr'><strong>sacerdotes,</strong></span> <span class='ocrx_word' id='word_1_82' title='bbox 1075 1608 1222 1672; x_wconf 90' lang='lat' dir='ltr'><strong>totidem</strong></span> <span class='ocrx_word' id='word_1_83' title='bbox 1237 1607 1394 1689; x_wconf 84' lang='lat' dir='ltr'><strong>Fratres,</strong></span> <span class='ocrx_word' id='word_1_84' title='bbox 1412 1608 1472 1691; x_wconf 89' lang='lat' dir='ltr'><strong>qui</strong></span> 
     </span>
     <span class='ocr_line' id='line_1_13' title="bbox 239 1713 1472 1798; baseline 0.001 -19"><span class='ocrx_word' id='word_1_85' title='bbox 239 1717 279 1779; x_wconf 93' lang='lat' dir='ltr'><strong>in</strong></span> <span class='ocrx_word' id='word_1_86' title='bbox 292 1713 539 1796; x_wconf 87' lang='lat' dir='ltr'><strong>coadjutorum</strong></span> <span class='ocrx_word' id='word_1_87' title='bbox 554 1715 760 1779; x_wconf 87' lang='lat' dir='ltr'><strong>ministeriis</strong></span> <span class='ocrx_word' id='word_1_88' title='bbox 775 1715 870 1778; x_wconf 90' lang='lat' dir='ltr'><strong>domi</strong></span> <span class='ocrx_word' id='word_1_89' title='bbox 884 1727 1127 1794; x_wconf 87' lang='lat' dir='ltr'><strong>versarentur,</strong></span> <span class='ocrx_word' id='word_1_90' title='bbox 1148 1714 1263 1778; x_wconf 91' lang='lat' dir='ltr'><strong>relicti</strong></span> <span class='ocrx_word' id='word_1_91' title='bbox 1277 1725 1370 1779; x_wconf 89' lang='lat' dir='ltr'><strong>sunt.</strong></span> <span class='ocrx_word' id='word_1_92' title='bbox 1391 1716 1472 1798; x_wconf 90' lang='lat' dir='ltr'><strong>Jam</strong></span> 
     </span>
     <span class='ocr_line' id='line_1_14' title="bbox 242 1820 1471 1902; baseline 0.002 -18"><span class='ocrx_word' id='word_1_93' title='bbox 242 1822 287 1885; x_wconf 92' lang='lat' dir='ltr'><strong>ab</strong></span> <span class='ocrx_word' id='word_1_94' title='bbox 311 1821 410 1886; x_wconf 92' lang='lat' dir='ltr'><strong>initio</strong></span> <span class='ocrx_word' id='word_1_95' title='bbox 439 1820 542 1902; x_wconf 88' lang='lat' dir='ltr'><strong>hujus</strong></span> <span class='ocrx_word' id='word_1_96' title='bbox 568 1822 652 1886; x_wconf 90' lang='lat' dir='ltr'><strong>anni</strong></span> <span class='ocrx_word' id='word_1_97' title='bbox 677 1822 942 1886; x_wconf 86' lang='lat' dir='ltr'><strong>sanctissimum</strong></span> <span class='ocrx_word' id='word_1_98' title='bbox 966 1832 1231 1886; x_wconf 88' lang='lat' dir='ltr'><strong>sacramentum</strong></span> <span class='ocrx_word' id='word_1_99' title='bbox 1258 1821 1295 1884; x_wconf 92' lang='lat' dir='ltr'><strong>in</strong></span> <span class='ocrx_word' id='word_1_100' title='bbox 1319 1823 1471 1887; x_wconf 89' lang='lat' dir='ltr'><strong>ecclesia</strong></span> 
     </span>
     <span class='ocr_line' id='line_1_15' title="bbox 240 1928 1471 2010; baseline -0.001 -17"><span class='ocrx_word' id='word_1_101' title='bbox 240 1929 509 2009; x_wconf 88' lang='lat' dir='ltr'><strong>asservabatur,</strong></span> <span class='ocrx_word' id='word_1_102' title='bbox 525 1946 632 2010; x_wconf 89' lang='lat' dir='ltr'><strong>quam</strong></span> <span class='ocrx_word' id='word_1_103' title='bbox 649 1929 687 1992; x_wconf 94' lang='lat' dir='ltr'><strong>B.</strong></span> <span class='ocrx_word' id='word_1_104' title='bbox 704 1928 840 1992; x_wconf 90' lang='lat' dir='ltr'><strong>Mariae</strong></span> <span class='ocrx_word' id='word_1_105' title='bbox 855 1929 898 1992; x_wconf 84' lang='lat' dir='ltr'><strong>de</strong></span> <span class='ocrx_word' id='word_1_106' title='bbox 917 1928 1031 1992; x_wconf 84' lang='lat' dir='ltr'><strong>Belen</strong></span> <span class='ocrx_word' id='word_1_107' title='bbox 1050 1929 1292 2007; x_wconf 85' lang='lat' dir='ltr'><strong>nominabant,</strong></span> <span class='ocrx_word' id='word_1_108' title='bbox 1308 1930 1395 1992; x_wconf 90' lang='lat' dir='ltr'><strong>satis</strong></span> <span class='ocrx_word' id='word_1_109' title='bbox 1414 1931 1471 1993; x_wconf 92' lang='lat' dir='ltr'><strong>de·</strong></span> 
     </span>
     <span class='ocr_line' id='line_1_16' title="bbox 240 2035 1457 2116; baseline 0.002 -17"><span class='ocrx_word' id='word_1_110' title='bbox 240 2045 362 2100; x_wconf 86' lang='lat' dir='ltr'><strong>center</strong></span> <span class='ocrx_word' id='word_1_111' title='bbox 376 2038 414 2100; x_wconf 93' lang='lat' dir='ltr'><strong>in</strong></span> <span class='ocrx_word' id='word_1_112' title='bbox 430 2037 590 2101; x_wconf 88' lang='lat' dir='ltr'><strong>sacrario</strong></span> <span class='ocrx_word' id='word_1_113' title='bbox 606 2037 700 2100; x_wconf 91' lang='lat' dir='ltr'><strong>adid</strong></span> <span class='ocrx_word' id='word_1_114' title='bbox 715 2035 915 2116; x_wconf 87' lang='lat' dir='ltr'><strong>designato.</strong></span> <span class='ocrx_word' id='word_1_115' title='bbox 1452 2086 1457 2101; x_wconf 94' lang='lat'><strong>.</strong></span> 
     </span>
    </p>

    <p class='ocr_par' dir='ltr' id='par_1_5' title="bbox 238 2141 1473 3296">
     <span class='ocr_line' id='line_1_17' title="bbox 299 2141 1472 2227; baseline 0.002 -20"><span class='ocrx_word' id='word_1_116' title='bbox 299 2141 391 2207; x_wconf 75' lang='lat'>2283.</span> <span class='ocrx_word' id='word_1_117' title='bbox 436 2143 582 2207; x_wconf 88' lang='lat' dir='ltr'><strong>Miserat</strong></span> <span class='ocrx_word' id='word_1_118' title='bbox 607 2144 714 2207; x_wconf 86' lang='lat' dir='ltr'><strong>etiam</strong></span> <span class='ocrx_word' id='word_1_119' title='bbox 741 2143 941 2224; x_wconf 88' lang='lat' dir='ltr'><strong>Episcopus</strong></span> <span class='ocrx_word' id='word_1_120' title='bbox 973 2141 1220 2222; x_wconf 90' lang='lat' dir='ltr'><strong>Segorbieusis</strong></span> <span class='ocrx_word' id='word_1_121' title='bbox 1249 2141 1259 2174; x_wconf 91' lang='lat'>¹</span> <span class='ocrx_word' id='word_1_122' title='bbox 1294 2145 1472 2227; x_wconf 86' lang='lat' dir='ltr'><strong>depictum</strong></span> 
     </span>
     <span class='ocr_line' id='line_1_18' title="bbox 238 2249 1472 2331; baseline 0.001 -18"><span class='ocrx_word' id='word_1_123' title='bbox 238 2252 353 2314; x_wconf 87' lang='lat' dir='ltr'><strong>altare</strong></span> <span class='ocrx_word' id='word_1_124' title='bbox 368 2252 445 2315; x_wconf 91' lang='lat' dir='ltr'><strong>sive</strong></span> <span class='ocrx_word' id='word_1_125' title='bbox 459 2250 633 2331; x_wconf 82' lang='lat' dir='ltr'><strong>imagines</strong></span> <span class='ocrx_word' id='word_1_126' title='bbox 647 2269 692 2314; x_wconf 86' lang='lat' dir='ltr'><strong>ex</strong></span> <span class='ocrx_word' id='word_1_127' title='bbox 706 2249 793 2313; x_wconf 90' lang='lat' dir='ltr'><strong>urbe</strong></span> <span class='ocrx_word' id='word_1_128' title='bbox 807 2249 975 2314; x_wconf 88' lang='lat' dir='ltr'><strong>Valentia</strong></span> <span class='ocrx_word' id='word_1_129' title='bbox 990 2249 1079 2313; x_wconf 80' lang='lat' dir='ltr'><strong>satis</strong></span> <span class='ocrx_word' id='word_1_130' title='bbox 1094 2251 1289 2330; x_wconf 84' lang='lat' dir='ltr'><strong>elegantes,</strong></span> <span class='ocrx_word' id='word_1_131' title='bbox 1304 2251 1339 2313; x_wconf 91' lang='lat' dir='ltr'><strong>in</strong></span> <span class='ocrx_word' id='word_1_132' title='bbox 1352 2251 1472 2314; x_wconf 90' lang='lat' dir='ltr'><strong>tabula</strong></span> 
     </span>
     <span class='ocr_line' id='line_1_19' title="bbox 240 2355 1472 2440; baseline -0.001 -18"><span class='ocrx_word' id='word_1_133' title='bbox 240 2360 404 2440; x_wconf 90' lang='lat' dir='ltr'><strong>penicillo</strong></span> <span class='ocrx_word' id='word_1_134' title='bbox 418 2359 589 2438; x_wconf 83' lang='lat' dir='ltr'><strong>depictas,</strong></span> <span class='ocrx_word' id='word_1_135' title='bbox 605 2375 696 2439; x_wconf 89' lang='lat' dir='ltr'><strong>quae</strong></span> <span class='ocrx_word' id='word_1_136' title='bbox 712 2358 800 2422; x_wconf 90' lang='lat' dir='ltr'><strong>satis</strong></span> <span class='ocrx_word' id='word_1_137' title='bbox 813 2367 1013 2438; x_wconf 87' lang='lat' dir='ltr'><strong>opportune</strong></span> <span class='ocrx_word' id='word_1_138' title='bbox 1028 2355 1073 2420; x_wconf 90' lang='lat' dir='ltr'><strong>ad</strong></span> <span class='ocrx_word' id='word_1_139' title='bbox 1087 2356 1288 2421; x_wconf 90' lang='lat' dir='ltr'><strong>ornandum</strong></span> <span class='ocrx_word' id='word_1_140' title='bbox 1302 2359 1472 2438; x_wconf 91' lang='lat' dir='ltr'><strong>templum</strong></span> 
     </span>
     <span class='ocr_line' id='line_1_20' title="bbox 240 2464 1472 2544; baseline -0.001 -17"><span class='ocrx_word' id='word_1_141' title='bbox 240 2475 425 2530; x_wconf 87' lang='lat' dir='ltr'><strong>venerunt.</strong></span> <span class='ocrx_word' id='word_1_142' title='bbox 442 2464 524 2530; x_wconf 88' lang='lat' dir='ltr'><strong>Alia</strong></span> <span class='ocrx_word' id='word_1_143' title='bbox 540 2466 646 2530; x_wconf 88' lang='lat' dir='ltr'><strong>etiam</strong></span> <span class='ocrx_word' id='word_1_144' title='bbox 662 2473 873 2528; x_wconf 91' lang='lat' dir='ltr'><strong>ornamenta</strong></span> <span class='ocrx_word' id='word_1_145' title='bbox 892 2465 938 2527; x_wconf 88' lang='lat' dir='ltr'><strong>ad</strong></span> <span class='ocrx_word' id='word_1_146' title='bbox 954 2464 1088 2526; x_wconf 90' lang='lat' dir='ltr'><strong>cultum</strong></span> <span class='ocrx_word' id='word_1_147' title='bbox 1102 2465 1308 2527; x_wconf 90' lang='lat' dir='ltr'><strong>necessaria</strong></span> <span class='ocrx_word' id='word_1_148' title='bbox 1328 2480 1472 2544; x_wconf 90' lang='lat' dir='ltr'><strong>prospe·</strong></span> 
     </span>
     <span class='ocr_line' id='line_1_21' title="bbox 238 2568 1473 2652; baseline -0.004 -15"><span class='ocrx_word' id='word_1_149' title='bbox 238 2583 298 2637; x_wconf 91' lang='lat' dir='ltr'><strong>cta</strong></span> <span class='ocrx_word' id='word_1_150' title='bbox 313 2581 405 2652; x_wconf 90' lang='lat' dir='ltr'><strong>sunt,</strong></span> <span class='ocrx_word' id='word_1_151' title='bbox 423 2581 458 2637; x_wconf 89' lang='lat' dir='ltr'><strong>et</strong></span> <span class='ocrx_word' id='word_1_152' title='bbox 472 2573 521 2636; x_wconf 92' lang='lat' dir='ltr'><strong>ita</strong></span> <span class='ocrx_word' id='word_1_153' title='bbox 540 2580 702 2636; x_wconf 89' lang='lat' dir='ltr'><strong>nostrum</strong></span> <span class='ocrx_word' id='word_1_154' title='bbox 721 2572 891 2651; x_wconf 89' lang='lat' dir='ltr'><strong>templum</strong></span> <span class='ocrx_word' id='word_1_155' title='bbox 916 2570 1108 2633; x_wconf 88' lang='lat' dir='ltr'><strong>studiosius</strong></span> <span class='ocrx_word' id='word_1_156' title='bbox 1123 2577 1158 2633; x_wconf 92' lang='lat' dir='ltr'><strong>et</strong></span> <span class='ocrx_word' id='word_1_157' title='bbox 1178 2588 1199 2633; x_wconf 90' lang='lat' dir='ltr'><strong>a</strong></span> <span class='ocrx_word' id='word_1_158' title='bbox 1223 2570 1384 2650; x_wconf 92' lang='lat' dir='ltr'><strong>pluribus</strong></span> <span class='ocrx_word' id='word_1_159' title='bbox 1406 2568 1473 2632; x_wconf 90' lang='lat' dir='ltr'><strong>fre·</strong></span> 
     </span>
     <span class='ocr_line' id='line_1_22' title="bbox 240 2677 1471 2761; baseline -0.004 -18"><span class='ocrx_word' id='word_1_160' title='bbox 240 2682 405 2761; x_wconf 88' lang='lat' dir='ltr'><strong>quentari</strong></span> <span class='ocrx_word' id='word_1_161' title='bbox 418 2681 545 2761; x_wconf 90' lang='lat' dir='ltr'><strong>coepit.</strong></span> <span class='ocrx_word' id='word_1_162' title='bbox 569 2679 711 2758; x_wconf 89' lang='lat' dir='ltr'><strong>Debita,</strong></span> <span class='ocrx_word' id='word_1_163' title='bbox 732 2680 775 2743; x_wconf 91' lang='lat' dir='ltr'><strong>de</strong></span> <span class='ocrx_word' id='word_1_164' title='bbox 790 2679 918 2761; x_wconf 86' lang='lat' dir='ltr'><strong>quibus</strong></span> <span class='ocrx_word' id='word_1_165' title='bbox 933 2696 1028 2742; x_wconf 91' lang='lat' dir='ltr'><strong>anno</strong></span> <span class='ocrx_word' id='word_1_166' title='bbox 1043 2677 1220 2759; x_wconf 91' lang='lat' dir='ltr'><strong>superiori</strong></span> <span class='ocrx_word' id='word_1_167' title='bbox 1241 2687 1361 2742; x_wconf 88' lang='lat' dir='ltr'><strong>actum</strong></span> <span class='ocrx_word' id='word_1_168' title='bbox 1377 2684 1432 2741; x_wconf 90' lang='lat' dir='ltr'><strong>est</strong></span> <span class='ocrx_word' id='word_1_169' title='bbox 1447 2678 1471 2756; x_wconf 80' lang='lat'><strong>⁸,</strong></span> 
     </span>
     <span class='ocr_line' id='line_1_23' title="bbox 242 2780 1472 2867; baseline -0.003 -16"><span class='ocrx_word' id='word_1_170' title='bbox 242 2787 450 2867; x_wconf 91' lang='lat' dir='ltr'><strong>praesertim</strong></span> <span class='ocrx_word' id='word_1_171' title='bbox 475 2780 659 2867; x_wconf 82' lang='lat' dir='ltr'><strong>cujusdam</strong></span> <span class='ocrx_word' id='word_1_172' title='bbox 678 2786 906 2864; x_wconf 61' lang='lat' dir='ltr'><strong>mercatoris</strong></span> <span class='ocrx_word' id='word_1_173' title='bbox 929 2785 1142 2864; x_wconf 88' lang='lat' dir='ltr'><strong>cognomine</strong></span> <span class='ocrx_word' id='word_1_174' title='bbox 1162 2784 1279 2863; x_wconf 92' lang='lat' dir='ltr'><strong>Bolet,</strong></span> <span class='ocrx_word' id='word_1_175' title='bbox 1300 2784 1472 2848; x_wconf 91' lang='lat' dir='ltr'><strong>dissoluta</strong></span> 
     </span>
     <span class='ocr_line' id='line_1_24' title="bbox 239 2894 1473 2971; baseline -0.003 -13"><span class='ocrx_word' id='word_1_176' title='bbox 239 2912 312 2958; x_wconf 91' lang='lat' dir='ltr'><strong>non</strong></span> <span class='ocrx_word' id='word_1_177' title='bbox 337 2902 456 2969; x_wconf 71' lang='lat' dir='ltr'><strong>erant,</strong></span> <span class='ocrx_word' id='word_1_178' title='bbox 484 2911 566 2957; x_wconf 86' lang='lat' dir='ltr'><strong>cum</strong></span> <span class='ocrx_word' id='word_1_179' title='bbox 591 2894 683 2957; x_wconf 91' lang='lat' dir='ltr'><strong>enim</strong></span> <span class='ocrx_word' id='word_1_180' title='bbox 709 2910 847 2956; x_wconf 86' lang='lat' dir='ltr'><strong>summa</strong></span> <span class='ocrx_word' id='word_1_181' title='bbox 873 2902 1126 2956; x_wconf 86' lang='lat' dir='ltr'><strong>sexcentorum</strong></span> <span class='ocrx_word' id='word_1_182' title='bbox 1151 2909 1341 2955; x_wconf 87' lang='lat' dir='ltr'><strong>aureorum</strong></span> <span class='ocrx_word' id='word_1_183' title='bbox 1366 2899 1473 2971; x_wconf 88' lang='lat' dir='ltr'><strong>esset,</strong></span> 
     </span>
     <span class='ocr_line' id='line_1_25' title="bbox 240 2998 1473 3089; baseline -0.002 -24"><span class='ocrx_word' id='word_1_184' title='bbox 240 3018 331 3081; x_wconf 90' lang='lat' dir='ltr'><strong>quos</strong></span> <span class='ocrx_word' id='word_1_185' title='bbox 346 3002 403 3065; x_wconf 92' lang='lat' dir='ltr'><strong>ille</strong></span> <span class='ocrx_word' id='word_1_186' title='bbox 418 3000 564 3065; x_wconf 90' lang='lat' dir='ltr'><strong>dederat</strong></span> <span class='ocrx_word' id='word_1_187' title='bbox 579 3000 623 3064; x_wconf 90' lang='lat' dir='ltr'><strong>ad</strong></span> <span class='ocrx_word' id='word_1_188' title='bbox 637 3000 757 3081; x_wconf 91' lang='lat' dir='ltr'><strong>templi</strong></span> <span class='ocrx_word' id='word_1_189' title='bbox 773 2999 1073 3079; x_wconf 87' lang='lat' dir='ltr'><strong>aedificationem,</strong></span> <span class='ocrx_word' id='word_1_190' title='bbox 1095 3009 1129 3063; x_wconf 86' lang='lat' dir='ltr'><strong>et</strong></span> <span class='ocrx_word' id='word_1_191' title='bbox 1144 2998 1219 3080; x_wconf 88' lang='lat' dir='ltr'><strong>ejus</strong></span> <span class='ocrx_word' id='word_1_192' title='bbox 1234 3000 1430 3089; x_wconf 74' lang='lat' dir='ltr'><strong>creditores</strong></span> <span class='ocrx_word' id='word_1_193' title='bbox 1452 3017 1473 3062; x_wconf 92' lang='lat' dir='ltr'><strong>a</strong></span> 
     </span>
     <span class='ocr_line' id='line_1_26' title="bbox 242 3105 1473 3188; baseline -0.003 -15"><span class='ocrx_word' id='word_1_194' title='bbox 242 3110 375 3173; x_wconf 90' lang='lat' dir='ltr'><strong>nostris</strong></span> <span class='ocrx_word' id='word_1_195' title='bbox 389 3126 467 3171; x_wconf 91' lang='lat' dir='ltr'><strong>eam</strong></span> <span class='ocrx_word' id='word_1_196' title='bbox 484 3124 658 3172; x_wconf 88' lang='lat' dir='ltr'><strong>summam</strong></span> <span class='ocrx_word' id='word_1_197' title='bbox 672 3108 892 3187; x_wconf 88' lang='lat' dir='ltr'><strong>repetebant,</strong></span> <span class='ocrx_word' id='word_1_198' title='bbox 909 3106 992 3170; x_wconf 92' lang='lat' dir='ltr'><strong>iniri</strong></span> <span class='ocrx_word' id='word_1_199' title='bbox 1011 3107 1103 3171; x_wconf 92' lang='lat' dir='ltr'><strong>ratio</strong></span> <span class='ocrx_word' id='word_1_200' title='bbox 1122 3105 1226 3171; x_wconf 90' lang='lat' dir='ltr'><strong>facile</strong></span> <span class='ocrx_word' id='word_1_201' title='bbox 1242 3125 1314 3172; x_wconf 92' lang='lat' dir='ltr'><strong>non</strong></span> <span class='ocrx_word' id='word_1_202' title='bbox 1332 3114 1473 3188; x_wconf 89' lang='lat' dir='ltr'><strong>poterat</strong></span> 
     </span>
     <span class='ocr_line' id='line_1_27' title="bbox 243 3214 797 3296; baseline -0.005 -17"><span class='ocrx_word' id='word_1_203' title='bbox 243 3214 346 3296; x_wconf 88' lang='lat' dir='ltr'><strong>hujus</strong></span> <span class='ocrx_word' id='word_1_204' title='bbox 361 3232 520 3278; x_wconf 89' lang='lat' dir='ltr'><strong>summae</strong></span> <span class='ocrx_word' id='word_1_205' title='bbox 536 3214 797 3277; x_wconf 88' lang='lat' dir='ltr'><strong>dissolvendae.</strong></span> 
     </span>
    </p>

    <p class='ocr_par' dir='ltr' id='par_1_6' title="bbox 240 3319 1476 3831">
     <span class='ocr_line' id='line_1_28' title="bbox 300 3319 1475 3401; baseline -0.001 -16"><span class='ocrx_word' id='word_1_206' title='bbox 300 3320 392 3385; x_wconf 85' lang='grc'>2284.</span> <span class='ocrx_word' id='word_1_207' title='bbox 434 3320 489 3385; x_wconf 92' lang='lat' dir='ltr'><strong>De</strong></span> <span class='ocrx_word' id='word_1_208' title='bbox 505 3319 663 3399; x_wconf 90' lang='lat' dir='ltr'><strong>Collegio</strong></span> <span class='ocrx_word' id='word_1_209' title='bbox 678 3322 775 3384; x_wconf 92' lang='lat' dir='ltr'><strong>nulla</strong></span> <span class='ocrx_word' id='word_1_210' title='bbox 800 3322 933 3384; x_wconf 90' lang='lat' dir='ltr'><strong>mentio</strong></span> <span class='ocrx_word' id='word_1_211' title='bbox 955 3330 1041 3385; x_wconf 91' lang='lat' dir='ltr'><strong>tunc</strong></span> <span class='ocrx_word' id='word_1_212' title='bbox 1060 3320 1177 3401; x_wconf 88' lang='lat' dir='ltr'><strong>fiebat,</strong></span> <span class='ocrx_word' id='word_1_213' title='bbox 1201 3339 1268 3385; x_wconf 89' lang='lat' dir='ltr'><strong>nec</strong></span> <span class='ocrx_word' id='word_1_214' title='bbox 1283 3321 1321 3385; x_wconf 91' lang='grc' dir='ltr'><strong>Ρ.</strong></span> <span class='ocrx_word' id='word_1_215' title='bbox 1342 3320 1475 3386; x_wconf 90' lang='lat' dir='ltr'><strong>Strada</strong></span> 
     </span>
     <span class='ocr_line' id='line_1_29' title="bbox 241 3428 1475 3510; baseline -0.001 -18"><span class='ocrx_word' id='word_1_216' title='bbox 241 3429 348 3493; x_wconf 90' lang='lat' dir='ltr'><strong>aliam</strong></span> <span class='ocrx_word' id='word_1_217' title='bbox 363 3429 460 3492; x_wconf 91' lang='lat' dir='ltr'><strong>viam</strong></span> <span class='ocrx_word' id='word_1_218' title='bbox 474 3428 587 3491; x_wconf 90' lang='lat' dir='ltr'><strong>teneri</strong></span> <span class='ocrx_word' id='word_1_219' title='bbox 602 3444 707 3507; x_wconf 89' lang='lat' dir='ltr'><strong>posse</strong></span> <span class='ocrx_word' id='word_1_220' title='bbox 721 3428 885 3509; x_wconf 89' lang='lat' dir='ltr'><strong>putabat,</strong></span> <span class='ocrx_word' id='word_1_221' title='bbox 902 3446 1011 3509; x_wconf 88' lang='lat' dir='ltr'><strong>quarn</strong></span> <span class='ocrx_word' id='word_1_222' title='bbox 1025 3438 1064 3493; x_wconf 91' lang='lat' dir='ltr'><strong>ut</strong></span> <span class='ocrx_word' id='word_1_223' title='bbox 1085 3428 1164 3493; x_wconf 87' lang='lat' dir='ltr'><strong>Rex</strong></span> <span class='ocrx_word' id='word_1_224' title='bbox 1179 3430 1336 3510; x_wconf 85' lang='lat' dir='ltr'><strong>aliquam</strong></span> <span class='ocrx_word' id='word_1_225' title='bbox 1357 3429 1475 3492; x_wconf 87' lang='lat' dir='ltr'><strong>Abba·</strong></span> 
     </span>
     <span class='ocr_line' id='line_1_30' title="bbox 240 3534 1476 3617; baseline 0 -18"><span class='ocrx_word' id='word_1_226' title='bbox 240 3536 328 3601; x_wconf 93' lang='lat' dir='ltr'><strong>tiam</strong></span> <span class='ocrx_word' id='word_1_227' title='bbox 342 3535 388 3599; x_wconf 91' lang='lat' dir='ltr'><strong>ad</strong></span> <span class='ocrx_word' id='word_1_228' title='bbox 412 3534 448 3598; x_wconf 95' lang='lat' dir='ltr'><strong>id</strong></span> <span class='ocrx_word' id='word_1_229' title='bbox 472 3534 678 3613; x_wconf 88' lang='lat' dir='ltr'><strong>destinaret,</strong></span> <span class='ocrx_word' id='word_1_230' title='bbox 704 3536 763 3597; x_wconf 89' lang='lat' dir='ltr'><strong>vel</strong></span> <span class='ocrx_word' id='word_1_231' title='bbox 787 3536 904 3599; x_wconf 91' lang='lat' dir='ltr'><strong>studia</strong></span> <span class='ocrx_word' id='word_1_232' title='bbox 930 3537 1071 3615; x_wconf 92' lang='lat' dir='ltr'><strong>publica</strong></span> <span class='ocrx_word' id='word_1_233' title='bbox 1091 3534 1166 3615; x_wconf 87' lang='lat' dir='ltr'><strong>ejus</strong></span> <span class='ocrx_word' id='word_1_234' title='bbox 1188 3537 1357 3614; x_wconf 79' lang='lat' dir='ltr'><strong>civitatiS,</strong></span> <span class='ocrx_word' id='word_1_235' title='bbox 1384 3552 1476 3617; x_wconf 88' lang='lat' dir='ltr'><strong>quae</strong></span> 
     </span>
     <span class='ocr_line' id='line_1_31' title="bbox 241 3641 1475 3723; baseline -0.002 -15"><span class='ocrx_word' id='word_1_236' title='bbox 241 3643 381 3723; x_wconf 87' lang='lat' dir='ltr'><strong>aliquos</strong></span> <span class='ocrx_word' id='word_1_237' title='bbox 396 3643 575 3706; x_wconf 88' lang='lat' dir='ltr'><strong>habebant</strong></span> <span class='ocrx_word' id='word_1_238' title='bbox 596 3642 742 3721; x_wconf 88' lang='lat' dir='ltr'><strong>reditus,</strong></span> <span class='ocrx_word' id='word_1_239' title='bbox 760 3643 805 3706; x_wconf 91' lang='lat' dir='ltr'><strong>ad</strong></span> <span class='ocrx_word' id='word_1_240' title='bbox 827 3642 1042 3707; x_wconf 87' lang='lat' dir='ltr'><strong>Societatem</strong></span> <span class='ocrx_word' id='word_1_241' title='bbox 1062 3654 1224 3707; x_wconf 90' lang='lat' dir='ltr'><strong>nostram</strong></span> <span class='ocrx_word' id='word_1_242' title='bbox 1242 3641 1475 3707; x_wconf 86' lang='lat' dir='ltr'><strong>transferren-</strong></span> 
     </span>
     <span class='ocr_line' id='line_1_32' title="bbox 242 3750 1258 3831; baseline 0.002 -18"><span class='ocrx_word' id='word_1_243' title='bbox 242 3761 311 3829; x_wconf 88' lang='lat' dir='ltr'><strong>tur,</strong></span> <span class='ocrx_word' id='word_1_244' title='bbox 328 3760 363 3813; x_wconf 90' lang='lat' dir='ltr'><strong>et</strong></span> <span class='ocrx_word' id='word_1_245' title='bbox 374 3759 563 3831; x_wconf 91' lang='lat' dir='ltr'><strong>utrumque</strong></span> <span class='ocrx_word' id='word_1_246' title='bbox 578 3750 667 3813; x_wconf 88' lang='lat' dir='ltr'><strong>satis</strong></span> <span class='ocrx_word' id='word_1_247' title='bbox 682 3750 821 3814; x_wconf 89' lang='lat' dir='ltr'><strong>difficile</strong></span> <span class='ocrx_word' id='word_1_248' title='bbox 832 3750 1033 3813; x_wconf 88' lang='lat' dir='ltr'><strong>videbatur.</strong></span> <span class='ocrx_word' id='word_1_249' title='bbox 1254 3809 1258 3815; x_wconf 85' lang='lat'>.</span> 
     </span>
    </p>

    <p class='ocr_par' dir='ltr' id='par_1_7' title="bbox 239 3852 1477 4151">
     <span class='ocr_line' id='line_1_33' title="bbox 302 3852 1474 3938; baseline -0.003 -17"><span class='ocrx_word' id='word_1_250' title='bbox 302 3855 393 3921; x_wconf 82' lang='lat'>2285.</span> <span class='ocrx_word' id='word_1_251' title='bbox 416 3856 574 3921; x_wconf 92' lang='lat' dir='ltr'><strong>-Domus</strong></span> <span class='ocrx_word' id='word_1_252' title='bbox 596 3858 771 3938; x_wconf 91' lang='lat' dir='ltr'><strong>quaedam</strong></span> <span class='ocrx_word' id='word_1_253' title='bbox 799 3858 1046 3937; x_wconf 79' lang='lat' dir='ltr'><strong>nihilominuS,</strong></span> <span class='ocrx_word' id='word_1_254' title='bbox 1071 3856 1230 3936; x_wconf 85' lang='lat' dir='ltr'><strong>Collegio</strong></span> <span class='ocrx_word' id='word_1_255' title='bbox 1250 3852 1474 3934; x_wconf 78' lang='lat' dir='ltr'><strong>conjunctae,</strong></span> 
     </span>
     <span class='ocr_line' id='line_1_34' title="bbox 242 3963 1476 4045; baseline 0 -18"><span class='ocrx_word' id='word_1_256' title='bbox 242 3964 413 4043; x_wconf 91' lang='lat' dir='ltr'><strong>paulatim</strong></span> <span class='ocrx_word' id='word_1_257' title='bbox 428 3966 646 4043; x_wconf 88' lang='lat' dir='ltr'><strong>emebantur,</strong></span> <span class='ocrx_word' id='word_1_258' title='bbox 664 3964 759 4045; x_wconf 94' lang='lat' dir='ltr'><strong>quod</strong></span> <span class='ocrx_word' id='word_1_259' title='bbox 773 3981 844 4027; x_wconf 91' lang='lat' dir='ltr'><strong>non</strong></span> <span class='ocrx_word' id='word_1_260' title='bbox 859 3981 992 4043; x_wconf 89' lang='lat' dir='ltr'><strong>magno</strong></span> <span class='ocrx_word' id='word_1_261' title='bbox 1014 3964 1145 4045; x_wconf 90' lang='lat' dir='ltr'><strong>pretio,</strong></span> <span class='ocrx_word' id='word_1_262' title='bbox 1166 3980 1246 4026; x_wconf 85' lang='lat' dir='ltr'><strong>curn</strong></span> <span class='ocrx_word' id='word_1_263' title='bbox 1266 3971 1385 4026; x_wconf 91' lang='lat' dir='ltr'><strong>essent</strong></span> <span class='ocrx_word' id='word_1_264' title='bbox 1404 3963 1476 4027; x_wconf 81' lang='lat' dir='ltr'><strong>exi·</strong></span> 
     </span>
     <span class='ocr_line' id='line_1_35' title="bbox 239 4069 1477 4151; baseline -0.002 -17"><span class='ocrx_word' id='word_1_265' title='bbox 239 4088 346 4150; x_wconf 87' lang='lat' dir='ltr'><strong>guae,</strong></span> <span class='ocrx_word' id='word_1_266' title='bbox 362 4069 439 4134; x_wconf 87' lang='lat' dir='ltr'><strong>fieri</strong></span> <span class='ocrx_word' id='word_1_267' title='bbox 454 4080 605 4151; x_wconf 91' lang='lat' dir='ltr'><strong>poterat,</strong></span> <span class='ocrx_word' id='word_1_268' title='bbox 624 4081 657 4135; x_wconf 93' lang='lat' dir='ltr'><strong>et</strong></span> <span class='ocrx_word' id='word_1_269' title='bbox 673 4074 722 4136; x_wconf 91' lang='lat' dir='ltr'><strong>ita</strong></span> <span class='ocrx_word' id='word_1_270' title='bbox 737 4072 825 4135; x_wconf 89' lang='lat' dir='ltr'><strong>situs</strong></span> <span class='ocrx_word' id='word_1_271' title='bbox 839 4070 885 4134; x_wconf 92' lang='lat' dir='ltr'><strong>ad</strong></span> <span class='ocrx_word' id='word_1_272' title='bbox 901 4070 1185 4135; x_wconf 87' lang='lat' dir='ltr'><strong>aedificationem</strong></span> <span class='ocrx_word' id='word_1_273' title='bbox 1200 4069 1350 4149; x_wconf 90' lang='lat' dir='ltr'><strong>Collegii</strong></span> <span class='ocrx_word' id='word_1_274' title='bbox 1370 4086 1477 4150; x_wconf 87' lang='lat' dir='ltr'><strong>auge-</strong></span> 
     </span>
    </p>
   </div>
   <div class='ocr_carea' id='block_1_3' title="bbox 246 4288 446 4297">
    <p class='ocr_par' dir='ltr' id='par_1_8' title="bbox 246 4288 446 4297">
     <span class='ocr_line' id='line_1_36' title="bbox 246 4288 446 4297; baseline 0 -1"><span class='ocrx_word' id='word_1_275' title='bbox 246 4288 446 4297; x_wconf 55' lang='lat'><strong>*—</strong></span> 
     </span>
    </p>
   </div>
   <div class='ocr_carea' id='block_1_4' title="bbox 202 4417 1479 4693">
    <p class='ocr_par' dir='ltr' id='par_1_9' title="bbox 202 4417 1479 4693">
     <span class='ocr_line' id='line_1_37' title="bbox 282 4417 1477 4477; baseline -0.005 -10"><span class='ocrx_word' id='word_1_276' title='bbox 282 4422 290 4455; x_wconf 78' lang='lat'><strong>¹</strong></span> <span class='ocrx_word' id='word_1_277' title='bbox 321 4421 424 4477; x_wconf 78' lang='lat' dir='ltr'><strong>Gaapar</strong></span> <span class='ocrx_word' id='word_1_278' title='bbox 434 4421 505 4475; x_wconf 79' lang='lat' dir='ltr'><strong>Jotre</strong></span> <span class='ocrx_word' id='word_1_279' title='bbox 516 4422 547 4465; x_wconf 86' lang='lat' dir='ltr'><strong>de</strong></span> <span class='ocrx_word' id='word_1_280' title='bbox 557 4421 649 4477; x_wconf 77' lang='lat' dir='ltr'><strong>Borja.</strong></span> <span class='ocrx_word' id='word_1_281' title='bbox 659 4419 727 4465; x_wconf 85' lang='lat' dir='ltr'><strong>Vide</strong></span> <span class='ocrx_word' id='word_1_282' title='bbox 737 4420 860 4465; x_wconf 77' lang='lat' dir='ltr'><strong>Litterae</strong></span> <span class='ocrx_word' id='word_1_283' title='bbox 870 4420 1105 4474; x_wconf 79' lang='lat' dir='ltr'><strong>Quadrimestres,</strong></span> <span class='ocrx_word' id='word_1_284' title='bbox 1116 4425 1136 4465; x_wconf 88' lang='lat' dir='ltr'><strong>t.</strong></span> <span class='ocrx_word' id='word_1_285' title='bbox 1146 4431 1184 4474; x_wconf 85' lang='lat' dir='ltr'><strong>ur,</strong></span> <span class='ocrx_word' id='word_1_286' title='bbox 1195 4430 1256 4474; x_wconf 79' lang='lat' dir='ltr'><strong>pag.</strong></span> <span class='ocrx_word' id='word_1_287' title='bbox 1268 4418 1315 4474; x_wconf 85' lang='lat'><strong>169,</strong></span> <span class='ocrx_word' id='word_1_288' title='bbox 1326 4419 1375 4472; x_wconf 82' lang='lat' dir='ltr'><strong>itt,</strong></span> <span class='ocrx_word' id='word_1_289' title='bbox 1386 4417 1433 4466; x_wconf 76' lang='lat'><strong>172.</strong></span> <span class='ocrx_word' id='word_1_290' title='bbox 1440 4418 1477 4462; x_wconf 90' lang='lat' dir='ltr'><strong>Et</strong></span> 
     </span>
     <span class='ocr_line' id='line_1_38' title="bbox 238 4490 1479 4549; baseline -0.005 -10"><span class='ocrx_word' id='word_1_291' title='bbox 238 4504 327 4549; x_wconf 75' lang='lat' dir='ltr'><strong>supra,</strong></span> <span class='ocrx_word' id='word_1_292' title='bbox 338 4500 358 4539; x_wconf 87' lang='lat' dir='ltr'><strong>t.</strong></span> <span class='ocrx_word' id='word_1_293' title='bbox 368 4504 404 4547; x_wconf 78' lang='grc' dir='ltr'><strong>ιν,</strong></span> <span class='ocrx_word' id='word_1_294' title='bbox 415 4505 475 4548; x_wconf 79' lang='lat' dir='ltr'><strong>pag,</strong></span> <span class='ocrx_word' id='word_1_295' title='bbox 488 4494 537 4547; x_wconf 72' lang='lat'><strong>313,</strong></span> <span class='ocrx_word' id='word_1_296' title='bbox 548 4506 572 4537; x_wconf 87' lang='lat' dir='ltr'><strong>n.</strong></span> <span class='ocrx_word' id='word_1_297' title='bbox 582 4494 631 4543; x_wconf 80' lang='lat'>7³0.</span> <span class='ocrx_word' id='word_1_298' title='bbox 640 4498 728 4537; x_wconf 85' lang='lat' dir='ltr'><strong>annot.</strong></span> <span class='ocrx_word' id='word_1_299' title='bbox 737 4492 759 4544; x_wconf 67' lang='grc' dir='ltr'><strong>ὃς</strong></span> <span class='ocrx_word' id='word_1_300' title='bbox 773 4493 816 4537; x_wconf 90' lang='lat' dir='ltr'><strong>ubl</strong></span> <span class='ocrx_word' id='word_1_301' title='bbox 831 4492 974 4547; x_wconf 80' lang='lat' dir='ltr'><strong>corrigitur</strong></span> <span class='ocrx_word' id='word_1_302' title='bbox 989 4503 1035 4547; x_wconf 86' lang='lat' dir='ltr'><strong>per</strong></span> <span class='ocrx_word' id='word_1_303' title='bbox 1051 4497 1222 4536; x_wconf 79' lang='lat' dir='ltr'><strong>transennam</strong></span> <span class='ocrx_word' id='word_1_304' title='bbox 1235 4490 1330 4535; x_wconf 89' lang='lat' dir='ltr'><strong>Victor</strong></span> <span class='ocrx_word' id='word_1_305' title='bbox 1345 4490 1479 4545; x_wconf 76' lang='lat' dir='ltr'><strong>Balaguer</strong></span> 
     </span>
     <span class='ocr_line' id='line_1_39' title="bbox 241 4565 830 4620; baseline -0.003 -11"><span class='ocrx_word' id='word_1_306' title='bbox 241 4565 268 4611; x_wconf 90' lang='lat' dir='ltr'><strong>lu</strong></span> <span class='ocrx_word' id='word_1_307' title='bbox 280 4565 403 4609; x_wconf 74' lang='lat' dir='ltr'><strong>Historia</strong></span> <span class='ocrx_word' id='word_1_308' title='bbox 414 4566 448 4609; x_wconf 81' lang='lat' dir='ltr'><strong>de</strong></span> <span class='ocrx_word' id='word_1_309' title='bbox 460 4565 772 4620; x_wconf 73' lang='lat' dir='ltr'><strong>catatuaa,1iu.rx.cap.</strong></span> <span class='ocrx_word' id='word_1_310' title='bbox 785 4576 830 4608; x_wconf 88' lang='lat' dir='ltr'><strong>xu.</strong></span> 
     </span>
     <span class='ocr_line' id='line_1_40' title="bbox 202 4630 1346 4693; baseline -0.003 -12"><span class='ocrx_word' id='word_1_311' title='bbox 202 4630 206 4643; x_wconf 90' lang='grc'><strong>’</strong></span> <span class='ocrx_word' id='word_1_312' title='bbox 281 4635 293 4667; x_wconf 57' lang='lat' dir='ltr'><strong>l</strong></span> <span class='ocrx_word' id='word_1_313' title='bbox 321 4636 388 4681; x_wconf 84' lang='lat' dir='ltr'><strong>Vlde</strong></span> <span class='ocrx_word' id='word_1_314' title='bbox 400 4646 487 4690; x_wconf 72' lang='lat' dir='ltr'><strong>supra,</strong></span> <span class='ocrx_word' id='word_1_315' title='bbox 498 4644 517 4683; x_wconf 88' lang='lat' dir='ltr'><strong>t.</strong></span> <span class='ocrx_word' id='word_1_316' title='bbox 527 4647 563 4693; x_wconf 84' lang='lat' dir='ltr'><strong>tv,</strong></span> <span class='ocrx_word' id='word_1_317' title='bbox 574 4636 690 4693; x_wconf 57' lang='lat' dir='ltr'><strong>pambo,</strong></span> <span class='ocrx_word' id='word_1_318' title='bbox 701 4648 726 4680; x_wconf 93' lang='lat' dir='ltr'><strong>n.</strong></span> <span class='ocrx_word' id='word_1_319' title='bbox 735 4636 783 4689; x_wconf 86' lang='lat'><strong>761,</strong></span> <span class='ocrx_word' id='word_1_320' title='bbox 795 4642 883 4681; x_wconf 78' lang='lat' dir='ltr'><strong>annot.</strong></span> <span class='ocrx_word' id='word_1_321' title='bbox 892 4636 914 4691; x_wconf 81' lang='grc'><strong>3,</strong></span> <span class='ocrx_word' id='word_1_322' title='bbox 924 4636 1007 4681; x_wconf 82' lang='lat' dir='ltr'><strong>ublde</strong></span> <span class='ocrx_word' id='word_1_323' title='bbox 1017 4635 1117 4688; x_wconf 80' lang='lat' dir='ltr'><strong>Joanne</strong></span> <span class='ocrx_word' id='word_1_324' title='bbox 1129 4635 1204 4691; x_wconf 82' lang='lat' dir='ltr'><strong>Bolet</strong></span> <span class='ocrx_word' id='word_1_325' title='bbox 1214 4634 1346 4683; x_wconf 83' lang='lat' dir='ltr'><strong>titsermo.</strong></span> 
     </span>
    </p>
   </div>
   <div class='ocr_carea' id='block_1_5' title="bbox 0 0 1831 5350">
    <p class='ocr_par' dir='ltr' id='par_1_10' title="bbox 0 0 1831 5350">
     <span class='ocr_line' id='line_1_41' title="bbox 0 0 1831 5350; baseline 0 0"><span class='ocrx_word' id='word_1_326' title='bbox 0 0 1831 5350; x_wconf 95' lang='lat' dir='ltr'><strong> </strong></span> 
     </span>
    </p>
   </div>
  </div>
 </body>
</html>
