3642 5350
381 430 436 501 338
838 432 964 505 Cuaou.
984 442 1066 504 Soc:
1082 434 1152 518 Jns.

444 585 531 651 1384.
576 586 614 651 Ρ.
642 585 816 653 Sanchius
842 608 886 653 ex
902 600 1047 671 pectore
1071 592 1237 655 laborare
1257 589 1323 654 sub
1341 585 1447 653 finem
1462 584 1610 653 aestatis

381 696 498 776 coepit
514 694 692 777 (quamvis
708 696 899 762 conciones
914 714 988 762 non
1001 697 1240 779 relinqueret),
1256 705 1403 779 propter
1417 706 1567 762 aestum.

442 801 531 867 1385.
574 802 692 867 Etiam
710 802 749 867 P.
770 803 950 868 Antonius
969 807 1079 869 semel
1098 805 1135 868 in
1154 804 1377 868 bebdomada
1397 820 1504 868 casus
1524 820 1609 867 con·

378 909 549 975 scientiae
568 912 776 991 praelegere
796 912 924 993 coepit;
941 912 1023 992 quia
1038 912 1146 976 etiam
1160 910 1330 975 Vicarius
1348 910 1517 991 Episcopi
1532 908 1608 991 ejus

377 1032 488 1096 opera
502 1016 553 1081 uti
566 1017 678 1081 voluit
692 1017 728 1081 in
742 1018 949 1083 visitatione
963 1020 1072 1097 urbis,
1089 1020 1179 1083 haec
1193 1018 1380 1099 occupatio
1396 1019 1547 1082 alteram
1561 1034 1607 1081 ex

377 1122 515 1188 duabus
530 1124 740 1189 lectionibus
753 1126 953 1207 relinquere
968 1128 1097 1207 coegit.

440 1228 528 1295 1386.
572 1230 693 1296 Mense
705 1231 851 1297 Octobri
863 1234 993 1297 civitas
1008 1234 1103 1297 mille
1117 1249 1258 1312 aureos,
1274 1249 1364 1314 quos
1379 1232 1605 1313 promiserat,

376 1337 483 1419 dedit;
500 1346 535 1403 et
553 1348 696 1404 centum
717 1340 807 1403 alios
832 1341 879 1403 ad
897 1340 1193 1408 sustentationem
1207 1349 1423 1419 nostrorum,
1440 1339 1607 1421 quamvis

376 1462 461 1525 pars
476 1463 599 1510 eorum
612 1446 649 1510 in
664 1446 818 1528 pretium
832 1456 973 1529 emptae
988 1449 1114 1512 domus
1129 1447 1254 1512 cedere
1270 1446 1403 1510 debuit.

439 1551 527 1617 1387.
571 1552 797 1634 Quinetiam
832 1553 1032 1637 Episcopus
1065 1564 1203 1619 tantum
1230 1557 1416 1637 usquead
1445 1572 1605 1620 mensem

375 1659 544 1726 Octobris
558 1678 688 1743 panem
703 1671 738 1726 et
758 1662 882 1726 vinum
907 1662 1040 1726 nostris
1055 1663 1317 1726 subministrari
1332 1660 1489 1743 jusserat
1510 1662 1605 1744 (quia

374 1776 589 1850 eotempore
601 1769 735 1833 reditus
750 1772 819 1834 emi
832 1769 1072 1850 incipiebant),
1086 1770 1228 1849 scripsit
1248 1779 1366 1834 tamen
1385 1772 1419 1834 ei
1432 1769 1471 1835 P.
1494 1769 1604 1834 Anto·

373 1876 453 1939 nius
467 1884 506 1940 ut
521 1877 567 1940 ad
581 1893 691 1940 unum
710 1877 769 1940 vel
787 1878 938 1942 alterum
954 1894 1086 1942 annum
1101 1878 1364 1957 eleemosynam
1377 1878 1475 1941 illam
1490 1878 1604 1941 conti·

371 1990 512 2062 nuaret,
528 1992 564 2047 et
585 1984 794 2049 extenderet
812 1985 858 2048 ad
873 1984 964 2049 duos
979 1985 1080 2063 alios,
1098 1992 1135 2047 ut
1149 1984 1304 2064 operarii
1318 1986 1438 2065 plures
1452 1994 1599 2065 possent

372 2090 486 2172 ipsius
500 2090 645 2155 vineam
663 2093 838 2157 excolere.

433 2196 522 2261 1388.
565 2198 691 2263 Invisit
719 2199 826 2263 etiam
851 2198 1089 2264 Prouincialis
1115 2198 1313 2277 Collegium
1337 2216 1472 2263 novum
1497 2200 1602 2264 Cata·

369 2321 491 2385 nense,
505 2313 539 2370 et
551 2303 736 2385 judicabat
748 2307 966 2387 expedirent
979 2304 1202 2388 [mitteretur]
1215 2306 1447 2370 concionator
1459 2307 1599 2389 aliquiS,

369 2412 429 2494 qui
444 2414 577 2478 talento
597 2412 723 2494 maj0ri
739 2432 846 2495 quam
861 2413 899 2479 P.
916 2414 1091 2479 Sancbius
1105 2413 1288 2495 praeditus
1308 2422 1413 2477 esset.
1435 2412 1513 2479 Non
1529 2416 1601 2480 exi·

367 2521 526 2586 stimavit
540 2538 760 2603 magnopere
775 2539 961 2587 numerum
975 2530 1179 2586 nostrorum
1191 2520 1404 2601 augendum,
1423 2523 1505 2603 quia
1520 2524 1599 2587 red·

367 2627 462 2693 ditus
482 2628 599 2694 adhuc
621 2636 724 2694 erant
744 2630 865 2710 exigui
885 2638 921 2694 et
940 2630 1093 2711 pretium
1111 2629 1239 2694 domus
1254 2628 1410 2693 nondum
1429 2631 1595 2711 solutum,

366 2738 531 2818 quamvis
549 2739 708 2818 legatum
728 2739 907 2819 quoddam
927 2740 964 2802 in
986 2738 1062 2802 dies
1084 2737 1322 2818 expectabant
1341 2738 1387 2802 ad
1408 2736 1485 2818 eJus
1506 2740 1596 2804 solu·

366 2845 498 2910 tionem
512 2845 740 2910 destinatum.

427 2951 517 3017 1389.
560 2952 685 3034 Coepit
711 2963 829 3017 autem
854 2953 920 3017 sub
943 2953 1050 3016 finem
1070 2951 1237 3017 Octobris
1256 2951 1293 3016 P.
1310 2952 1490 3017 Antonius
1515 2964 1596 3034 post

364 3060 547 3126 meridiem
567 3061 755 3126 lectionem
770 3061 813 3124 de
829 3060 953 3124 decern
971 3061 1174 3140 praeceptis
1188 3060 1379 3140 explicare,
1395 3069 1431 3124 et
1445 3061 1596 3125 interru-

362 3177 471 3250 ptam,
485 3181 633 3249 propter
647 3167 900 3247 occupationes
915 3167 1065 3245 Vicarii,
1081 3167 1321 3229 visitationem
1337 3165 1346 3197 ¹
1361 3167 1460 3231 urbis
1479 3168 1595 3233 denuo

361 3285 617 3356 resumpserat,
640 3284 676 3339 et
697 3276 793 3339 circa
813 3275 1032 3339 monasteria
1055 3273 1261 3336 monialium
1281 3274 1528 3355 versabantur;
1550 3291 1595 3339 ex

362 3364 512 3464 quarum
533 3383 738 3447 visitatione
757 3399 829 3446 non
849 3382 1019 3460 exiguum
1038 3381 1191 3443 fructum
1212 3379 1324 3442 divini
1338 3380 1476 3444 servitii
1489 3399 1595 3462 expe·

362 3488 519 3569 etabant,
530 3505 613 3552 nam
623 3506 772 3570 prorsus
784 3489 820 3551 in
832 3505 992 3551 summae
1003 3486 1229 3566 ignorantiae
1239 3485 1393 3550 tenebris
1401 3488 1594 3553 versaban-

360 3607 429 3676 tur,
446 3605 481 3660 et
496 3597 556 3660 illa
572 3597 679 3661 etiam
694 3596 859 3678 adquae,
875 3596 971 3658 votis
986 3594 1125 3657 emissis
1139 3594 1371 3674 paupertatis
1389 3594 1593 3674 obligaban-

360 3714 429 3786 tur,
446 3705 672 3786 ignorabant.

419 3811 464 3876 Et
479 3813 568 3877 haec
582 3812 627 3876 de
641 3811 858 3876 Provinciali
872 3821 907 3875 et
922 3809 1113 3874 Provincia
1128 3807 1270 3873 Siciliae
1285 3811 1355 3873 sint
1369 3811 1476 3876 dicta.

400 4052 409 4086 Ι
438 4051 486 4098 Ma.
496 4055 672 4098 visitationis.
