3642 5350
779 379 843 436 Art.
866 377 935 436 1556
1433 375 1475 432 ts

239 524 316 588 dies
331 535 452 589 essent
467 525 584 588 cornis
599 526 716 606 privii,
733 543 804 588 non
816 528 930 590 solum
941 526 1089 589 libenter
1099 541 1180 588 curn
1192 523 1391 601 audiebant,
1405 521 1469 586 sed

241 632 350 694 ctiam
364 641 402 695 ut
418 631 548 696 rediret
562 633 833 713 promissionem
846 634 1048 713 exigebant.

298 737 371 802 237.
415 739 460 802 Et
476 756 555 803 cum
571 740 698 803 similia
720 740 828 803 etiam
846 740 1071 804 Chasteletae
1090 738 1244 817 fecisset,
1267 739 1470 814 Anconam,

239 855 277 908 ut
302 845 481 926 Episcopo
504 845 511 876 ¹
532 847 754 926 promiserat,
775 847 884 910 venit.
907 845 1087 928 Optabant
1108 847 1203 910 enim
1224 847 1472 926 magistratus,

239 969 329 1032 quos
343 953 481 1034 priores
496 962 637 1032 vocant,
655 971 735 1018 cum
751 955 827 1034 ipso
847 953 891 1017 de
910 953 1129 1016 institutione
1152 953 1292 1031 collegii
1314 950 1472 1016 Societa-

240 1060 286 1122 tis
301 1076 425 1140 agere;
442 1070 477 1123 et
492 1060 582 1124 forte
597 1078 659 1125 eos
679 1061 775 1125 adid
794 1061 965 1124 incitabat
987 1060 1073 1140 fuga
1095 1060 1333 1140 ludimagistri
1354 1057 1470 1139 cujus·

239 1165 334 1246 dam,
352 1167 412 1248 qui
427 1167 598 1232 Anconae
612 1169 773 1249 publicas
787 1169 931 1232 scholas
946 1169 1102 1243 tenebat;
1120 1177 1154 1231 et
1174 1178 1212 1230 ut
1233 1168 1306 1230 suis
1327 1166 1407 1230 filiis
1426 1165 1474 1229 de

242 1274 461 1338 institutione
476 1275 569 1338 bona
590 1293 632 1338 ac
652 1275 813 1338 doctrina
829 1293 919 1339 sana
938 1275 1193 1355 prospicerent,
1214 1274 1402 1352 collegium
1421 1273 1472 1336 in·

240 1382 388 1445 stituere
402 1391 436 1445 et
451 1381 612 1445 ducentis
628 1383 745 1446 aureis
759 1383 894 1462 dotare,
912 1392 950 1446 ut
961 1382 1054 1446 idem
1066 1381 1104 1445 Ρ.
1118 1382 1300 1446 Bobadilla
1312 1381 1469 1459 scripsit,

239 1489 419 1552 volebant.
438 1487 508 1552 Sed
523 1489 580 1552 ille
595 1490 663 1552 hoc
678 1490 859 1568 negotium
874 1506 955 1552 cum
976 1490 1055 1553 aliis
1073 1489 1298 1552 tractandum
1320 1505 1399 1551 esse
1422 1487 1475 1550 di·

241 1595 303 1673 xit,
326 1592 387 1676 [et]
407 1604 446 1658 ut
465 1596 511 1659 ad
530 1595 718 1660 Rectorem
733 1596 881 1676 Collegii
895 1596 1090 1660 Lauretani
1104 1597 1300 1660 scriberent
1317 1605 1372 1659 est
1391 1594 1472 1658 hor·

240 1711 337 1764 tatus
350 1700 373 1768 ¹.

300 1808 372 1873 238.
416 1808 519 1890 Quod
547 1819 665 1874 autem
691 1811 737 1875 ad
764 1811 972 1890 religionem
1005 1809 1306 1891 Sylvestrinorum
1334 1811 1474 1887 attinet,

243 1917 458 1996 properabat
483 1917 529 1980 ad
554 1917 841 1982 reformationem
861 1917 1170 1994 conscribendam,
1192 1927 1227 1981 et
1247 1918 1284 1980 in
1304 1916 1472 1982 Generali

243 2040 367 2085 eorum
382 2023 681 2104 Congregatione,
697 2026 734 2090 in
752 2043 821 2104 qua
841 2042 957 2088 novus
978 2025 1166 2088 Generalis
1186 2025 1362 2088 creandus
1380 2035 1471 2102 erat,

243 2130 419 2209 vigesima
435 2131 549 2211 prima
563 2131 694 2210 Martii,
715 2149 795 2196 eam
814 2133 1061 2213 publicaturus
1082 2142 1170 2195 erat.
1191 2131 1235 2195 Et
1254 2132 1306 2194 sic
1325 2149 1473 2200 munere

243 2237 313 2299 hoc
326 2237 533 2318 perfunctus
547 2249 601 2303 est
617 2249 652 2303 et
666 2249 767 2304 tanto
781 2258 862 2303 cum
881 2238 1010 2316 fructu,
1033 2249 1072 2303 ut
1093 2239 1169 2318 ipse
1187 2239 1321 2315 scribit,
1341 2249 1380 2302 ut
1399 2256 1473 2302 ma·

243 2361 310 2406 nus
324 2343 470 2409 Domini
484 2346 589 2409 valde
603 2345 792 2410 manifesta
808 2347 1025 2426 apparuerit.

541 2773 605 2837 DE
628 2773 862 2839 COLLEGlO
884 2774 1176 2840 LAURETANO

301 3096 373 3161 239.
418 3094 491 3159 Sub
505 3095 609 3159 finem
625 3095 869 3176 praecedentis
884 3098 979 3175 anni,
995 3098 1111 3175 idest,
1132 3098 1169 3160 in
1188 3106 1358 3160 autumno
1377 3114 1471 3160 sum·

243 3220 321 3267 mus
336 3204 606 3285 peregrinorum
621 3221 825 3281 concursus,
843 3206 1054 3285 praesertim
1067 3204 1267 3285 Septembri
1277 3214 1313 3268 et
1324 3204 1473 3267 Octobri

243 3328 375 3387 mense,
399 3320 543 3391 propter
569 3312 748 3391 plenarias
773 3312 1012 3391 indulgentias
1037 3313 1087 3375 illi
1112 3313 1242 3391 templo
1268 3328 1473 3389 concessas,

243 3426 363 3481 tantus
391 3417 467 3494 fuit,
497 3427 536 3481 ut
564 3418 762 3481 certissima
789 3420 927 3482 ratione
955 3419 1088 3481 nostris
1116 3428 1337 3498 compertum
1368 3418 1476 3480 fuerit

240 3524 395 3605 quinque
409 3524 711 3589 hebdomadarum
726 3526 841 3606 spatio
859 3536 942 3589 octo
965 3525 1075 3590 millia
1094 3535 1130 3589 et
1149 3526 1392 3605 septingentos
1413 3526 1472 3587 ho·

242 3632 357 3696 mines
379 3649 521 3695 sacram
549 3632 832 3696 communionem
851 3633 1052 3713 accepisse;
1073 3641 1108 3696 et
1127 3634 1163 3696 in
1184 3649 1298 3696 messe
1323 3641 1397 3694 tam
1415 3648 1472 3693 co-

243 3740 345 3819 piosa
361 3756 432 3803 non
451 3740 566 3802 solum
586 3739 662 3801 dies
681 3740 823 3816 solidos
843 3740 907 3802 sed
931 3740 1066 3819 aliquot
1085 3739 1192 3802 etiam
1211 3739 1326 3802 noctis
1350 3736 1474 3813 horaS,

242 3845 356 3909 nostri
371 3844 650 3909 confessionibus
665 3846 930 3926 impendebant,
946 3864 1013 3909 nec
1035 3858 1155 3910 tamen
1177 3855 1297 3909 tantae
1318 3844 1473 3908 multitu-

237 3951 316 4015 dini
330 3969 394 4031 pro
410 3952 504 4016 votis
518 3952 725 4017 satisfacere
739 3952 918 4017 valebant.

303 4057 374 4121 240.
417 4058 562 4123 Interim
578 4068 695 4123 autem
716 4060 750 4123 in
770 4060 888 4139 platea
909 4069 945 4123 et
965 4061 1170 4141 porticibus,
1192 4062 1251 4125 ubi
1278 4061 1475 4124 otiosorum

239 4164 424 4229 hominum
449 4175 484 4229 et
506 4166 775 4246 tripudiantium
793 4168 1089 4247 muliercularum,
1112 4178 1217 4249 prout
1235 4170 1379 4245 assolet,
1400 4186 1473 4233 ma·

281 4406 291 4439 ¹
320 4404 365 4450 Fr.
376 4404 510 4451 Matthaeo
518 4405 625 4460 Luccbl,
636 4406 666 4451 0.
677 4406 703 4451 S.
714 4406 746 4451 D.

280 4478 293 4509 ἱ
321 4477 360 4523 ct.
371 4478 439 4532 apud
455 4478 553 4531 Buteo,
570 4478 629 4523 Vlla
640 4480 684 4524 del
698 4490 777 4524 servo
791 4481 821 4524 di
836 4480 897 4533 Dio,
911 4481 1001 4525 Parin
1015 4480 1108 4526 Nlcold
1122 4481 1274 4533 Bobadiiia,
1285 4482 1312 4525 in
1322 4483 1479 4537 appendice,

240 4561 266 4593 u.
277 4560 294 4603 r,
307 4549 450 4602 catalogus
460 4552 606 4593 cinomiam
620 4550 748 4601 Iocorum,
759 4554 788 4595 in
804 4553 901 4605 quibus
916 4556 1089 4597 concionatus
1103 4557 1146 4596 est
1160 4564 1192 4597 ac
1206 4552 1274 4605 legit
1284 4552 1418 4607 Magister
1429 4553 1476 4597 Ni·

242 4621 338 4666 colans
346 4620 489 4665 Bobadilia
500 4622 642 4667 Socielaiis
651 4622 719 4678 Jesu
729 4624 765 4667 ad
780 4624 896 4677 gloriam
906 4625 960 4669 Dei
968 4628 995 4669 et
1003 4625 1123 4669 salutem
1133 4626 1291 4669 animarum
1304 4626 1335 4669 in
1344 4628 1403 4670 vila
1414 4637 1479 4671 sua.
