3642 5350
821 328 884 391 Art.
907 332 977 391 1556
1460 333 1515 397 359

282 476 329 541 acl
349 474 563 541 decidendas
582 478 664 543 fidei
689 478 953 542 controversias
977 495 1157 560 nunquam
1183 477 1384 559 hujusmodi
1403 482 1513 547 natio·

281 585 378 649 nalia
397 583 573 667 [concilia]
589 586 625 650 in
640 604 707 650 usu
717 587 868 650 fuerunt.

345 692 434 757 1495.
478 692 567 758 Cum
591 694 711 775 itaque
735 694 824 758 haec
843 693 953 773 Regis
977 703 1071 758 esset
1093 695 1280 773 sententia,
1296 695 1395 770 nihil,
1418 698 1512 779 quod

282 801 404 881 magni
423 802 592 865 momenti
612 810 716 880 esset,
734 801 770 865 in
792 802 936 881 negotio
958 801 1141 881 religionis
1156 801 1232 865 fieri
1250 819 1355 883 posse
1369 804 1510 868 videba-

281 917 350 988 tur;
366 908 576 989 praesertim
591 906 718 988 majori
733 908 927 972 nobilitatis
943 918 1043 987 parte
1055 908 1260 972 haeresibus
1277 919 1456 991 corrupta.

343 1014 429 1080 1496.
473 1016 595 1097 Itaque
610 1017 701 1079 male
717 1017 913 1079 collocatus
926 1016 1027 1078 labor
1038 1025 1072 1079 et
1083 1014 1308 1080 incommoda
1318 1017 1456 1081 itineris
1472 1018 1508 1081 in

279 1122 348 1186 hac
369 1123 546 1203 legatione
569 1110 815 1187 censebantur.
836 1121 968 1203 Aliqua
988 1120 1114 1186 deinde
1133 1124 1309 1204 colloquia
1328 1141 1410 1187 cum
1428 1124 1507 1204 ipso

278 1228 375 1310 Rege
388 1238 423 1293 et
435 1246 515 1294 cum
527 1230 736 1311 quibusdam
745 1230 930 1295 catholicis
942 1247 985 1293 ac
993 1229 1172 1309 primariis
1182 1230 1270 1293 viris
1281 1230 1401 1294 habita
1412 1242 1506 1309 sunt;

278 1345 312 1401 et
328 1336 447 1402 omnia
466 1336 678 1401 videbantur
703 1354 813 1418 usque
836 1337 926 1400 adeo
942 1338 1075 1413 clausa,
1088 1346 1136 1414 ut
1158 1338 1276 1400 nullus
1289 1338 1507 1403 sructusnec

278 1444 471 1524 spiritualis
482 1444 676 1509 consolatio
685 1443 1004 1525 speraretur,quod
1015 1442 1060 1506 ad
1069 1460 1127 1506 res
1136 1443 1502 1509 universalesattinet.

339 1550 426 1615 1497.
469 1549 655 1616 Allocutus
669 1560 722 1615 est
737 1554 846 1616 etiam
865 1550 903 1614 P.
925 1550 1109 1615 Salmeron
1128 1551 1296 1630 privatim
1316 1553 1517 1631 quemdam·

276 1660 509 1724 secretarium
523 1659 672 1739 regium,
689 1660 821 1723 nostris
842 1660 1006 1737 amicum,
1023 1659 1066 1723 de
1082 1659 1200 1739 aliquo
1220 1659 1371 1738 collegio
1387 1659 1424 1724 in
1438 1660 1502 1723 Po·

275 1767 369 1830 lonia
384 1766 613 1846 instituendo,
630 1776 667 1830 ut
681 1767 819 1830 videret
829 1784 914 1830 num
930 1766 1047 1846 aliqua
1062 1766 1154 1828 ratio
1167 1765 1212 1828 ad
1223 1764 1258 1828 id
1273 1776 1393 1847 posset
1407 1767 1500 1831 iniri.

274 1871 344 1937 Sed
364 1874 421 1938 ille
442 1892 513 1938 non
536 1876 649 1938 solum
669 1874 819 1953 difficile,
836 1860 903 1937 ¹sed
925 1873 1142 1954 impossibile
1164 1890 1242 1936 esse
1262 1874 1456 1954 respondit,
1473 1875 1503 1938 si

274 1997 332 2046 res
346 1982 382 2045 in
395 2000 437 2046 eo
453 1966 558 2063 statu,
576 2000 647 2064 quo
663 1992 746 2046 tunc
762 1992 873 2054 erant.
896 1982 1186 2063 permansissent.

336 2087 424 2153 1498.
469 2088 572 2168 Quod
602 2090 694 2154 enim
719 2090 893 2170 reliquum
918 2098 994 2152 erat
1023 2089 1269 2170 religiosorum
1294 2089 1331 2153 in
1354 2088 1501 2153 Polonia

272 2196 443 2276 paulatim
457 2196 729 2276 dissolvebatur;
745 2207 779 2260 et
795 2192 932 2261 nobiles
946 2197 1039 2259 bona
1052 2197 1348 2260 monasteriorum
1365 2214 1408 2259 ac
1423 2198 1500 2261 red-

271 2302 365 2367 ditus
385 2305 616 2385 occupabant,
634 2323 676 2369 eo
697 2305 940 2369 dissimulante
961 2302 1006 2367 ad
1025 2302 1124 2384 cuius
1139 2304 1292 2369 officium
1314 2300 1499 2384 spectabat

269 2409 470 2491 hujusmodi
490 2412 650 2476 homines
668 2413 713 2476 ab
733 2412 788 2476 his
810 2412 944 2492 rapinis
968 2428 1103 2491 arcere;
1127 2420 1162 2474 et
1181 2429 1223 2475 eo
1246 2428 1305 2474 res
1330 2409 1497 2485 redierat,

270 2526 309 2581 ut
324 2516 523 2598 huJus'modi
537 2519 671 2583 nobiles
686 2519 793 2583 etiam
814 2538 859 2583 ex
879 2519 1137 2600 Episcoporum
1152 2519 1314 2582 manibus
1328 2528 1448 2582 castra
1464 2528 1499 2581 et

272 2625 360 2690 alios
380 2626 530 2708 populos
551 2628 739 2707 eriperent,
761 2644 827 2691 nec
849 2626 1035 2708 quisquam
1056 2643 1179 2690 eorum
1201 2625 1399 2707 sacrilegiis
1419 2642 1498 2690 sese

269 2733 328 2797 via
351 2731 440 2813 juris
466 2734 677 2814 opponebat;
707 2752 772 2798 nec
797 2734 994 2815 Episcopus
1022 2735 1114 2798 ullus
1142 2743 1266 2797 contra
1295 2733 1496 2798 haereticos

267 2841 459 2923 procedere
485 2842 520 2905 in
546 2842 619 2905 suis
645 2841 865 2906 dioecesibus
888 2852 1026 2921 poterat
1040 2845 1061 2920 ¹,
1084 2851 1118 2904 et
1132 2841 1181 2904 ita
1205 2840 1342 2905 zizania
1363 2841 1399 2904 in
1420 2839 1493 2906 dies

267 2949 486 3014 crescebant.

330 3054 416 3119 1499.
461 3055 575 3136 Hujus
602 3057 653 3120 rei
691 3075 803 3121 causa
830 3057 1025 3120 consiliarii
1058 3056 1201 3138 quidam
1236 3054 1346 3135 Regis
1378 3056 1495 3119 existi·

266 3163 464 3240 mabantur‚
479 3165 541 3244 qui
553 3165 645 3244 pluS,
659 3182 765 3245 quam
782 3162 872 3246 [par]
885 3174 988 3242 esset,
1004 3163 1226 3227 auctoritatis
1238 3161 1332 3243 apud
1343 3179 1424 3226 eum
1436 3163 1495 3226 ha·

266 3269 406 3334 bebant.
420 3269 485 3335 His
499 3272 768 3351 animadversis
783 3272 886 3335 facile
897 3271 1056 3335 Nuncius
1068 3270 1294 3351 Apostolicus
1305 3270 1342 3333 in
1354 3269 1494 3334 Italiam

264 3377 439 3456 rediisset,
456 3378 486 3442 si
501 3379 547 3442 ad
562 3379 596 3443 id
607 3378 812 3443 facultatem
828 3397 850 3442 a
861 3377 1006 3443 Summo
1019 3378 1186 3442 Pontifice
1198 3378 1405 3458 accepisset.
1423 3375 1491 3441 Sed

264 3492 303 3549 ut
318 3484 499 3549 decentius
519 3486 711 3566 recederet,
732 3496 766 3550 et
787 3486 1016 3551 acerbissima
1036 3485 1174 3566 hyemis
1191 3485 1328 3566 frigora
1351 3485 1492 3550 interim

264 3591 489 3657 mitescerent
503 3602 541 3657 ut
556 3609 594 3656 se
609 3603 728 3675 posset
743 3595 861 3659 itineri
881 3593 979 3671 dare,
996 3591 1155 3657 decrevit
1175 3589 1361 3655 Summum
1375 3591 1493 3655 Ponti·

263 3698 365 3764 ficem
378 3699 477 3780 prius
491 3701 806 3781 commonefacere;
823 3709 858 3764 et
872 3701 1035 3781 quamvis
1046 3700 1171 3764 litteris
1183 3698 1314 3780 duplici
1329 3700 1491 3778 exemplo

263 3806 299 3872 id
313 3807 458 3888 fecerat,
471 3823 574 3872 suum
585 3807 795 3872 Auditorem
807 3807 1015 3871 mittendum
1029 3807 1258 3886 existimavit,
1272 3814 1311 3870 ut
1321 3823 1365 3869 ea
1378 3805 1490 3868 verbo

262 3912 422 3994 referret,
439 3932 530 3996 quae
545 3916 672 3979 litteris
691 3915 934 3980 commendari
948 3933 1020 3979 non
1034 3914 1254 3994 expediebat.

324 4020 411 4086 1500.
457 4021 642 4087 Obtulerat
660 4041 763 4088 suam
784 4041 930 4104 operam
952 4022 990 4086 P.
1011 4021 1196 4086 Salmeron
1215 4021 1261 4084 ad
1281 4020 1490 4102 praedican-

261 4128 344 4193 dum
358 4127 450 4211 Regi
463 4131 593 4210 italice;
609 4131 671 4195 sed
686 4130 761 4211 ejus
778 4131 909 4194 oblatio
925 4137 1064 4194 nonest
1080 4127 1246 4192 admissa.
1420 4124 1423 4131 '

322 4235 410 4300 1501.
453 4236 543 4302 Cum
560 4255 648 4318 ergo
669 4238 829 4303 Nuncius
848 4238 1092 4302 consideraret
1113 4235 1334 4316 praedictum
1355 4235 1394 4299 P.
1415 4234 1489 4300 Sal·

259 4359 441 4422 meronem
456 4354 594 4427 tempus
608 4346 655 4409 ibi
670 4346 840 4412 inutiliter
854 4355 982 4425 terere,
995 4344 1089 4425 quod
1101 4359 1231 4425 magna
1243 4360 1323 4410 cum
1339 4343 1489 4413 utilitate

302 4581 311 4618 ¹
339 4581 385 4632 lis
395 4587 532 4642 poterant.
