3642 5350
785 434 849 493 Au.
871 432 941 493 1556
1424 431 1481 492 489

307 575 397 640 21u5.
442 576 938 657 Ferebaturautemaviginti
948 587 1101 659 quatuor
1112 577 1215 641 annis
1227 576 1478 640 nullumiuisse

248 684 397 749 isiodori
418 685 719 765 concionatorem,
746 702 850 767 quem
879 685 1096 767 frequentior
1122 683 1321 750 auditorum
1341 701 1476 747 corona

248 792 306 855 vel
332 792 492 872 aequalis
518 802 738 856 exornasset.
766 792 853 856 Erat
883 794 1081 873 Episcopus
1110 791 1407 856 claromontanus
1431 810 1477 855 ex

247 916 291 963 ea
312 899 400 962 urbe
422 900 605 975 oriundus,
627 900 732 965 etita
754 901 917 982 precibus
938 900 1070 963 civium
1095 899 1227 977 victus,
1253 900 1291 962 in
1314 899 1476 979 proximo

241 1004 417 1075 Adventu
432 1005 535 1087 hujus
550 1007 633 1071 anni
649 1016 684 1071 et
697 1008 734 1071 in
748 1006 1032 1089 Quadragesima
1042 1006 1223 1088 sequentis
1236 1004 1476 1069 P.Robertum

246 1112 301 1177 eis
313 1112 558 1176 ecclesiastem
573 1114 775 1194 designavit
791 1120 811 1179 ¹.

305 1217 397 1283 2106.
441 1218 585 1284 Interim
610 1222 677 1285 hoc
704 1239 797 1285 anno
822 1222 987 1302 Bigliomi
1011 1221 1105 1285 idem
1133 1221 1308 1286 Robertus
1332 1238 1475 1284 sacram

246 1324 568 1406 Quadragesimam
590 1330 781 1408 transegit,
799 1338 833 1392 et
851 1338 926 1392 tam
947 1328 1115 1409 profestis
1134 1346 1239 1409 quam
1263 1328 1343 1391 aliis
1360 1328 1476 1391 sacris

244 1432 387 1513 diebus,
405 1442 503 1498 tanta
516 1434 716 1499 auditorum
729 1436 930 1517 frequentia
950 1436 1093 1499 auditus
1107 1436 1187 1513 fuit,
1204 1444 1375 1516 quantam
1388 1453 1474 1499 nun·

243 1556 351 1620 quam
373 1549 456 1604 ante
476 1542 561 1606 illud
581 1552 721 1623 tempus
742 1542 906 1623 Bigliomi
927 1543 1036 1622 fuisse
1055 1543 1248 1607 dicebatur.
1277 1541 1351 1607 Nec
1369 1558 1475 1606 rarus

243 1655 307 1709 aut
321 1646 473 1727 exiguus
487 1667 532 1712 ex
548 1648 778 1713 concionibus
793 1648 930 1713 fructus
944 1651 1150 1731 capiebatur
1164 1666 1171 1728 ;
1192 1667 1276 1713 nam
1294 1650 1472 1730 poeniten-

244 1753 316 1817 tiae
331 1764 595 1819 sacramentum
610 1756 849 1837 expetentium
864 1758 969 1821 turba
983 1774 1073 1837 pene
1092 1755 1323 1831 obruebatur;
1349 1764 1384 1819 et
1403 1756 1471 1820 sin·

242 1860 338 1939 gulis
362 1860 455 1925 diem
479 1863 674 1944 horamque
698 1865 942 1945 praescribere
963 1863 1169 1942 cogebatur,
1191 1881 1236 1927 ne
1260 1863 1472 1927 concionum

245 1968 598 2047 praemeditationem
612 1972 853 2036 necessariam
868 1971 1089 2052 impedirent.

304 2073 393 2137 2107.
438 2076 692 2142 Restitutiones
705 2078 801 2142 haud
816 2076 826 2107 ¹
841 2079 987 2142 levioris
1001 2079 1168 2159 ponderis
1180 2095 1201 2141 a
1213 2077 1472 2157 poenitentibus

242 2178 395 2259 fiebant3
423 2183 557 2264 aliquot
580 2185 688 2249 etiam
711 2185 790 2266 piae
815 2194 1001 2249 matronae
1024 2185 1155 2249 viduae
1177 2184 1300 2248 diebus
1322 2184 1473 2264 singulis

214 2336 218 2343 .
241 2284 431 2353 dominicis
446 2290 678 2356 confessionis
693 2302 728 2356 et
738 2292 987 2356 Eucharistiae
998 2301 1224 2356 sacramenta
1235 2292 1300 2355 sub
1315 2290 1472 2371 ejusdem

241 2392 337 2473 Mag.
365 2394 511 2461 Roberti
536 2400 741 2479 magisterio
761 2399 1051 2480 frequentabant,
1078 2416 1229 2480 quarum
1247 2416 1417 2463 numerus
1434 2399 1472 2463 in

239 2500 318 2564 dies
332 2504 529 2569 crescebat.
542 2505 705 2570 Earume
720 2524 868 2570 numero
883 2506 966 2571 D.¹¹²
981 2506 1111 2570 Montis
1121 2505 1251 2570 Morini
1262 2516 1353 2583 erat,
1366 2523 1469 2587 quae,

240 2610 456 2677 concionum
471 2612 728 2678 audiendarum
741 2614 871 2695 gratia,
889 2614 1102 2695 Bigliomum
1117 2614 1428 2694 commigraverat.

308 2720 398 2787 2108.
419 2720 422 2726 '
442 2717 625 2802 Quaedam
650 2722 768 2800 etiam,
785 2739 886 2803 quae,
913 2722 1008 2802 turpi
1025 2721 1291 2799 consuetudine,
1306 2737 1371 2784 sex
1395 2719 1470 2786 fere

241 2831 345 2894 annis
373 2829 514 2894 cuidam
547 2829 788 2892 ecclesiastico
823 2828 902 2892 viro
936 2829 1163 2902 adhaeserat,
1194 2836 1408 2907 compuncta
1434 2836 1470 2890 et

238 2937 356 3001 eidem
377 2937 412 3000 P.
433 2936 589 3000 Roberto
608 2935 788 3014 confessa,
808 2937 920 3000 vitam
938 2936 975 2999 in
994 2935 1121 2998 meiius
1140 2937 1391 3012 commutavit;
1412 2935 1470 2998 cui

238 3053 354 3108 tutum
365 3045 582 3108 consortium
594 3059 658 3123 per
669 3041 872 3122 coniugium
883 3043 1073 3123 providere
1084 3044 1236 3119 curavit,
1247 3059 1358 3123 opera
1369 3058 1469 3122 prae-

159 3179 162 3186 ·
237 3150 355 3215 dictae
380 3150 554 3214 Dominae
580 3151 710 3214 Montis
731 3149 861 3213 Morini
886 3160 921 3213 et
946 3151 1097 3213 aliarum
1121 3158 1365 3213 matronarum
1390 3149 1468 3213 sub·

237 3258 340 3322 sidio.

299 3364 389 3430 2109.
431 3365 515 3429 Alia
530 3367 649 3444 etiam,
664 3382 755 3446 quae
766 3365 872 3429 simili
884 3367 962 3429 viro
973 3369 1065 3429 maie
1075 3365 1299 3444 adhaeserat,
1312 3363 1469 3444 ejusdem

238 3471 334 3552 Mag.
351 3472 496 3537 Roberti
507 3471 642 3553 iudicio
660 3472 782 3554 adjuta
796 3473 871 3536 fuit.
890 3473 1031 3538 Vitiosa
1042 3471 1197 3553 jurandi,
1219 3471 1467 3550 maledicendi,

236 3580 466 3659 detrahendi,
490 3579 729 3662 jurgandique
749 3582 968 3644 consuetudo
991 3580 1147 3661 ejusdem
1163 3580 1393 3643 concionibus
1413 3578 1469 3641 Bi·

238 3687 373 3766 gliomo
394 3687 666 3768 explodebatur;
683 3686 868 3766 adulteria,
891 3689 1079 3753 intestinae
1101 3687 1298 3750 simultates
1317 3694 1352 3749 et
1373 3685 1468 3748 furta

238 3812 323 3858 rara
338 3804 440 3858 erant
454 3795 491 3858 in
512 3795 571 3858 ilia
590 3795 693 3874 urbe3
716 3813 826 3860 usura
845 3804 965 3860 tamen
985 3798 1064 3874 pius
1083 3793 1171 3858 satis
1190 3793 1356 3873 frequens
1377 3801 1466 3871 erat,

237 3902 297 3966 cui
311 3901 506 3982 pharmaca
521 3902 628 3966 etiam
644 3903 742 3966 acria
758 3902 851 3966 idem
866 3902 1067 3967 adhibebat.

296 4007 388 4072 2110.
431 4008 551 4074 Turba
576 4010 683 4073 etiam
704 4010 898 4089 hominum,
923 4027 1017 4092 quae
1040 4010 1143 4089 ludis,
1167 4007 1373 4087 mendaciis,
1394 4008 1466 4070 bla-

235 4116 405 4195 sphemiis
418 4133 462 4179 ac
476 4117 608 4181 mutuis
624 4116 796 4181 conviciis
816 4117 940 4181 diebus
954 4118 1053 4181 festis
1068 4134 1201 4181 vacare
1216 4125 1464 4192 consueverat,

232 4223 417 4287 turmatim
437 4222 512 4303 jam
531 4225 577 4288 ad
597 4225 799 4302 conciones,
821 4225 935 4288 abusu
954 4225 1014 4288 illo
1033 4226 1169 4303 relicto,
1192 4224 1408 4302 confluebat,
1431 4231 1467 4286 et

234 4329 328 4394 bona
341 4347 388 4395 ex
402 4341 504 4411 parte
519 4329 718 4411 hujusmodi
731 4332 821 4396 vitia
836 4333 872 4395 in
887 4351 929 4396 ea
942 4333 1028 4395 urbe
1042 4332 1222 4412 extirpata
1232 4340 1325 4410 sunt,
1340 4340 1375 4394 et
1387 4347 1466 4411 pas·

275 4534 284 4568 Ι
313 4535 435 4581 Litterae
444 4535 675 4590 Quadrimesires,
685 4544 703 4581 t.
714 4549 749 4591 ιν,
761 4548 820 4592 pag.
829 4537 863 4581 67.

276 4607 287 4638 ¹
314 4606 362 4651 iis.
375 4611 431 4651 aul.
445 4607 510 4653 Vide
521 4609 642 4654 Litterae
651 4609 880 4662 Quadrimesires,
892 4617 913 4654 t.
922 4622 958 4664 ιν,
969 4611 1087 4665 pugilli,
1098 4611 1122 4654 in
1134 4611 1225 4665 quibus
1235 4610 1299 4655 haec
1309 4610 1366 4665 ipsa
1376 4613 1466 4665 ierun-

234 4687 287 4723 tur:
296 4680 335 4724 “A
345 4679 468 4724 confessis
478 4682 656 4726 restitutiones
665 4682 735 4726 haud
746 4682 812 4726 levis
822 4683 943 4736 ponderis
953 4690 979 4727 et
990 4683 1076 4728 factae
1087 4692 1147 4727 sunt
1159 4692 1185 4727 et
1193 4683 1281 4737 fiunt„
