3642 5350
784 436 850 497 Am
871 435 942 496 1556
1418 432 1474 494 571

238 581 450 647 tristissimis
464 581 623 645 vestibus
636 590 751 657 utens,
767 588 868 645 tanta
884 597 967 644 cum
982 579 1144 644 libertate
1165 587 1326 661 sportam
1340 579 1387 644 ad
1400 579 1475 660 pla·

239 697 335 754 team
350 687 543 768 deserebat,
561 700 667 769 atque
682 689 713 752 si
727 687 762 750 in
774 688 843 751 hoc
858 687 1030 752 exercitio
1043 686 1168 751 fuisset
1181 685 1372 766 enutritns;
1389 693 1423 749 et
1436 685 1475 750 in

241 795 310 860 hoc
329 794 527 860 ministerio
546 795 763 877 peculiarem
778 811 799 856 a
815 793 971 858 Domino
990 792 1271 858 consolationem
1284 803 1338 857 est
1352 809 1472 858 conse·

242 911 358 966 cutus.
384 901 429 966 Et
454 919 536 966 cum
557 900 631 982 J'am
659 909 744 965 vota
768 899 959 966 Societatis
979 901 1171 980 emisisset,
1186 917 1321 964 novum
1345 898 1476 980 adjecit

242 1019 367 1073 votum
381 1009 417 1073 in
428 1008 543 1073 officio
564 1006 782 1089 coadjutoris
801 1008 1025 1090 temporalis,
1042 1008 1200 1089 quandiu
1218 1007 1371 1087 viveret,
1394 1007 1474 1072 Deo

242 1116 433 1196 serviendi,
449 1115 480 1181 si
495 1124 621 1180 sancta
636 1115 835 1180 obedientia
858 1115 955 1179 aliud
964 1114 1039 1196 ipsi
1057 1132 1130 1180 non
1149 1111 1359 1195 injungeret.
1379 1112 1479 1196 Juris

241 1223 358 1287 studio
373 1223 482 1288 dabat
498 1239 645 1304 operam
658 1221 911 1303 salmanticae,
928 1239 1011 1287 cum
1024 1223 1071 1286 ad
1084 1221 1299 1287 Societatem
1318 1239 1340 1284 a
1354 1220 1476 1285 Domi·

240 1348 288 1395 no
302 1330 367 1394 suit
382 1338 553 1394 evocatus
566 1328 587 1393 ¹.

299 1437 392 1502 2463.
435 1437 587 1518 Quidam
603 1435 710 1516 aliuS,
726 1435 786 1516 qui
806 1435 851 1500 D.
874 1435 1009 1501 Garcia
1029 1436 1073 1502 de
1093 1437 1236 1501 Larcon
1254 1435 1476 1511 'dicebatur,

240 1543 301 1626 qui
326 1543 477 1609 duorum
500 1545 663 1608 locorum
686 1544 896 1624 temporalis
923 1544 1087 1609 dominus
1110 1552 1204 1621 erat,
1231 1559 1346 1624 coquo
1367 1542 1478 1605 etiam

242 1651 371 1716 devote
385 1651 614 1729 inserviebat,
631 1668 697 1714 nec
713 1651 823 1716 ullum
838 1650 874 1715 in
889 1669 932 1715 eo
943 1651 1137 1731 vestigium
1148 1649 1345 1715 nobilitatis
1356 1665 1475 1713 cerne·

244 1759 359 1823 batur.
382 1757 451 1822 Hic
470 1759 587 1822 studio
612 1757 864 1838 abnegationis
878 1757 1127 1823 Vallisolctum
1146 1775 1192 1822 ex
1209 1757 1325 1821 Domo
1346 1755 1476 1819 Proba·

245 1865 351 1929 tionis
364 1883 403 1928 se
423 1866 583 1942 contulit,
603 1881 694 1945 sago
713 1865 870 1945 quodam
891 1865 1031 1941 lacero,
1047 1873 1083 1928 et
1101 1864 1281 1928 tibialibus
1304 1861 1479 1926 similibus

245 1973 400 2051 indutus,
417 1990 461 2037 ac
477 1972 553 2037 sine
568 1973 687 2053 pallio.
703 1971 867 2053 Vocatus
885 1973 1029 2053 quidem
1043 1971 1160 2036 luerat
1177 1989 1198 2034 a
1213 1970 1252 2033 P.
1267 1969 1478 2048 Francisco;

245 2078 309 2144 sed
322 2090 448 2160 sponte
463 2079 648 2159 ingressus
663 2087 717 2142 est
732 2079 903 2159 palatium
916 2079 1066 2159 regium,
1083 2087 1118 2143 et
1128 2079 1221 2143 inter
1234 2078 1366 2141 multos
1380 2076 1475 2141 nobi·

243 2187 306 2266 leS,
325 2185 384 2267 qui
400 2187 436 2249 in
450 2175 575 2250 eodem
589 2187 840 2266 versabantur,
856 2203 922 2266 per
932 2187 1036 2250 varia
1051 2187 1131 2250 loca
1145 2186 1268 2267 palatii
1278 2183 1477 2262 incedebat,

244 2293 299 2358 sui
314 2301 555 2373 contemptum
570 2301 617 2372 et,
633 2301 672 2356 ut
687 2293 732 2356 ab
748 2292 827 2357 aliis
841 2293 1096 2373 despiceretur,
1113 2309 1301 2374 quaerens.

301 2399 393 2464 2464.
438 2399 601 2464 Habebat
621 2410 742 2464 autem
763 2402 800 2464 in
822 2401 954 2481 palatio
977 2401 1265 2480 consanguineos
1288 2400 1387 2464 viros
1408 2401 1478 2479 pri-

244 2508 388 2586 marios,
414 2507 475 2589 qui
498 2505 567 2571 hoc
593 2507 672 2587 ipso
697 2516 857 2589 tempore
882 2507 926 2571 de
951 2507 1027 2589 ejus
1052 2508 1279 2572 matrimonio
1308 2507 1476 2587 agebant,

245 2631 392 2680 uxorem
407 2630 451 2679 ac
467 2614 584 2679 dotem
597 2615 782 2696 egregiam
797 2615 912 2681 eidem
927 2614 1098 2695 curando;
1114 2627 1149 2680 et
1164 2633 1235 2681 non
1246 2631 1373 2697 parum
1385 2614 1479 2678 aedi·

243 2724 420 2789 ficationis
434 2723 513 2787 aliis
529 2724 685 2803 novitiis,
703 2723 812 2788 immo
828 2733 863 2787 et
882 2726 1076 2803 veteranis,
1096 2725 1166 2789 hoc
1188 2724 1371 2805 proprium
1386 2721 1478 2803 abje-

246 2830 375 2895 ctionis
400 2829 553 2895 studium
575 2831 703 2893 attulit.
725 2830 856 2895 Mansit
878 2832 1079 2897 Vallisoleti
1102 2832 1138 2895 in
1160 2830 1286 2895 eodem
1306 2830 1481 2895 cochinae

246 2937 375 3015 officio,
392 2937 486 3019 quod
501 2936 679 3001 Simancis
698 2938 901 3001 exercebat.

304 3044 395 3108 2465.
440 3043 529 3108 Cum
543 3053 664 3136 autem
676 3042 714 3107 P.
727 3043 943 3109 Franciscus
955 3062 1001 3108 ex
1011 3045 1068 3109 his
1078 3046 1223 3109 novitiis
1235 3043 1422 3109 duodecim
1432 3044 1481 3107 ad

245 3151 346 3215 varia
362 3152 441 3215 loca
454 3150 520 3214 sub
535 3159 675 3231 tempus
695 3151 800 3231 primi
815 3152 912 3215 veris
933 3151 1105 3231 misisset,
1129 3152 1189 3235 qui
1205 3150 1280 3232 J‘am
1299 3152 1477 3233 probatio·

243 3258 348 3321 nibus
368 3256 544 3336 perfuncti
566 3267 687 3335 erant,
714 3257 862 3321 totidem
888 3269 950 3321 aut
971 3261 1092 3340 plures
1111 3257 1286 3322 Dominus
1311 3258 1422 3338 misit;
1443 3269 1481 3322 et

244 3364 359 3445 Aprili
374 3380 495 3427 mense
511 3364 657 3444 triginta
672 3382 717 3428 ex
731 3365 863 3428 nostris
885 3363 1062 3430 Simancis
1084 3367 1256 3445 agebant,
1276 3367 1369 3431 inter
1389 3382 1482 3448 quos

246 3472 355 3552 aliqui
374 3481 476 3535 erant
499 3471 669 3552 theologi,
691 3472 751 3552 qui
771 3472 925 3552 gradum
945 3473 1142 3553 magisterii
1161 3472 1401 3537 salmanticae
1420 3474 1479 3537 vel

245 3577 424 3658 Compluti
443 3588 690 3659 susceperant;
708 3580 834 3660 reliqui
856 3583 914 3643 vel
930 3578 1231 3661 jurisprudentiae
1250 3583 1307 3645 vel
1326 3580 1478 3661 pbiloso-

246 3684 351 3765 phiae
364 3702 511 3765 operam
525 3685 708 3761 dederant;
722 3698 757 3750 et
771 3685 923 3751 affirmat
934 3686 972 3750 P.
988 3686 1143 3763 Portillo,
1157 3687 1209 3751 sic
1224 3704 1287 3750 eos
1302 3688 1337 3751 in
1352 3686 1480 3767 spiritu

245 3790 452 3871 proiecisse,
469 3800 508 3855 ut
522 3792 630 3855 etiam
644 3793 681 3855 in
696 3794 877 3857 veteranis
892 3793 1065 3873 majorem
1084 3812 1123 3858 se
1139 3795 1393 3875 perfectionem
1407 3810 1479 3856 non

246 3897 380 3962 vidisse
394 3898 430 3961 in
442 3896 621 3963 Societate
634 3899 838 3964 affirmaret:
853 3910 888 3963 et
901 3901 969 3965 boc
981 3902 1032 3965 illi
1042 3901 1270 3965 admirationi
1282 3910 1370 3981 erat,
1382 3900 1479 3981 quod

284 4102 293 4137 ί
322 4102 390 4147 Vide
400 4114 494 4157 supra,
505 4112 523 4147 t,
535 4116 562 4154 v.
572 4114 633 4158 pag.
643 4103 692 4155 dli.
704 4115 729 4147 n.
742 4104 802 4160 ttut,
812 4110 902 4149 annot.
911 4105 934 4149 b.
946 4104 984 4150 De
995 4105 1037 4150 bis
1051 4117 1083 4150 nc
1098 4106 1267 4162 sequentibus
1281 4106 1361 4160 viris,
1377 4106 1421 4161 qul
1436 4105 1480 4151 blc

243 4174 345 4218 meritis
354 4184 481 4219 ornantur
493 4174 621 4223 laudibus.
631 4176 723 4229 longua
733 4182 773 4219 est
785 4176 852 4231 apud
864 4184 969 4221 nostros
983 4178 1127 4232 scriptores
1141 4188 1239 4230 sermo,
1254 4179 1388 4231 Acritan,
1404 4176 1480 4221 cirro-

242 4244 404 4294 nohistoria:
413 4244 606 4297 arripuerim.
617 4245 741 4291 Historia
752 4259 809 4301 msa
821 4246 965 4300 Vmorem,
982 4248 1100 4303 Colegios
1109 4250 1144 4293 de
1159 4248 1285 4302 Orestilla:
1298 4248 1479 4304 tirannum,

250 4314 367 4361 Varones
378 4318 500 4365 ilustres,
510 4318 636 4372 aliosque.
647 4330 711 4373 qnos
720 4329 874 4373 percensere
886 4321 992 4374 longum
1001 4325 1080 4366 esset.

240 4390 253 4415 ⁹
284 4387 296 4419 ¹
322 4388 370 4433 Ἰ).
382 4388 480 4433 Garcla
490 4388 571 4433 Glron
581 4390 612 4433 de
624 4390 747 4443 Alarcon‚
757 4391 837 4443 loven
847 4392 878 4434 ‹le
890 4391 977 4436 velate
988 4395 1052 4435 altos
1066 4404 1084 4448 y
1099 4393 1232 4436 caballero
1248 4392 1408 4448 noblltslrno,
1423 4392 1479 4447 bijo

245 4459 276 4502 de
287 4458 345 4503 Don
356 4462 455 4505 Alonso
466 4460 549 4505 Glron
559 4460 590 4503 de
602 4461 717 4505 Alarcon
727 4474 745 4518 y
755 4462 786 4506 de
795 4462 871 4507 Dolla
881 4462 966 4515 Jnana
977 4462 1130 4516 Pacbeco...‚
1140 4463 1298 4521 Mayorazgo
1305 4465 1337 4509 de
1347 4476 1377 4508 sn
1387 4475 1477 4510 cana...

246 4530 271 4573 Α
282 4530 320 4574 loa
332 4530 356 4574 ts
366 4534 429 4575 anos
439 4532 470 4575 de
480 4532 546 4575 edad
557 4532 654 4576 beredo
665 4535 681 4575 a
692 4544 721 4576 sn
732 4534 839 4588 padre...
856 4534 909 4578 Con
924 4538 951 4579 la
968 4536 1036 4579 rista
1051 4548 1069 4591 y
1084 4543 1156 4579 trnto
1170 4536 1202 4579 de
1217 4535 1270 4581 San
1287 4534 1428 4581 Franclaco
1445 4536 1479 4579 de

247 4600 327 4657 Borla
336 4614 364 4646 ee
375 4605 461 4647 movld
470 4603 501 4647 de
513 4604 548 4647 tal
559 4610 656 4655 auerte,
666 4616 715 4659 que
726 4606 840 4650 resoluto
851 4606 965 4651 lmltarle
975 4620 992 4664 y
1002 4608 1077 4662 delur
1087 4609 1111 4651 el
1124 4608 1247 4663 mundo„
1257 4609 1397 4665 Acciana,
1413 4608 1431 4653 l.
1447 4620 1482 4661 c.,

247 4682 267 4717 t.
279 4684 295 4725 ι,
307 4684 367 4729 pag.
377 4674 426 4719 ant.
439 4672 505 4718 Vide
517 4672 639 4719 Litterae
649 4675 879 4731 Quadrr'mestres,
889 4684 908 4723 t.
920 4689 955 4730 ιν,
967 4689 1027 4734 pag.
1036 4677 1086 4722 sut.
