<?xml version="1.0" encoding="UTF-8"?>
<!DOCTYPE html PUBLIC "-//W3C//DTD XHTML 1.0 Transitional//EN"
    "http://www.w3.org/TR/xhtml1/DTD/xhtml1-transitional.dtd">
<html xmlns="http://www.w3.org/1999/xhtml" xml:lang="en" lang="en">
 <head>
  <title>
</title>
<meta http-equiv="Content-Type" content="text/html;charset=utf-8" />
  <meta name='ocr-system' content='tesseract 3.04.00' />
  <meta name='ocr-capabilities' content='ocr_page ocr_carea ocr_par ocr_line ocrx_word'/>
</head>
<body>
  <div class='ocr_page' id='page_1' title='image "./vitaignatiiloio00polagoog_0861.png"; bbox 0 0 3642 5350; ppageno 0'>
   <div class='ocr_carea' id='block_1_1' title="bbox 761 428 1476 497">
    <p class='ocr_par' dir='ltr' id='par_1_1' title="bbox 761 428 1476 497">
     <span class='ocr_line' id='line_1_1' title="bbox 761 428 1476 497; baseline -0.008 0"><span class='ocrx_word' id='word_1_1' title='bbox 761 431 846 497; x_wconf 81' lang='grc' dir='ltr'><strong>.Α.ι.</strong></span> <span class='ocrx_word' id='word_1_2' title='bbox 868 430 940 492; x_wconf 82' lang='grc'>1556</span> <span class='ocrx_word' id='word_1_3' title='bbox 1420 428 1476 491; x_wconf 78' lang='grc'>835</span> 
     </span>
    </p>
   </div>
   <div class='ocr_carea' id='block_1_2' title="bbox 230 574 1475 2590">
    <p class='ocr_par' dir='ltr' id='par_1_2' title="bbox 238 574 1475 1087">
     <span class='ocr_line' id='line_1_2' title="bbox 238 574 1475 660; baseline 0.001 -20"><span class='ocrx_word' id='word_1_4' title='bbox 238 586 291 641; x_wconf 87' lang='lat' dir='ltr'>est</span> <span class='ocrx_word' id='word_1_5' title='bbox 316 577 407 642; x_wconf 92' lang='lat' dir='ltr'>inter</span> <span class='ocrx_word' id='word_1_6' title='bbox 429 578 655 657; x_wconf 86' lang='lat' dir='ltr'>christianos,</span> <span class='ocrx_word' id='word_1_7' title='bbox 681 596 770 660; x_wconf 84' lang='lat' dir='ltr'>quos</span> <span class='ocrx_word' id='word_1_8' title='bbox 795 587 928 643; x_wconf 92' lang='lat' dir='ltr'>vocant</span> <span class='ocrx_word' id='word_1_9' title='bbox 952 575 1013 643; x_wconf 55' lang='lat' dir='ltr'>Sil</span> <span class='ocrx_word' id='word_1_10' title='bbox 1035 576 1193 641; x_wconf 86' lang='lat' dir='ltr'>Thomae</span> <span class='ocrx_word' id='word_1_11' title='bbox 1214 574 1236 655; x_wconf 86' lang='lat'>¹,</span> <span class='ocrx_word' id='word_1_12' title='bbox 1259 577 1322 640; x_wconf 89' lang='lat' dir='ltr'>sed</span> <span class='ocrx_word' id='word_1_13' title='bbox 1340 575 1475 641; x_wconf 91' lang='lat' dir='ltr'>reditus</span> 
     </span>
     <span class='ocr_line' id='line_1_3' title="bbox 238 683 1475 768; baseline -0.003 -20"><span class='ocrx_word' id='word_1_14' title='bbox 238 683 315 764; x_wconf 91' lang='lat' dir='ltr'>ipse</span> <span class='ocrx_word' id='word_1_15' title='bbox 330 684 407 750; x_wconf 86' lang='lat' dir='ltr'>Rex</span> <span class='ocrx_word' id='word_1_16' title='bbox 422 686 664 768; x_wconf 84' lang='lat' dir='ltr'><strong>applicaverat</strong></span> <span class='ocrx_word' id='word_1_17' title='bbox 679 685 725 751; x_wconf 90' lang='lat' dir='ltr'>ad</span> <span class='ocrx_word' id='word_1_18' title='bbox 740 702 932 767; x_wconf 88' lang='lat' dir='ltr'>puerorum</span> <span class='ocrx_word' id='word_1_19' title='bbox 949 685 1247 749; x_wconf 87' lang='lat' dir='ltr'>sustentationem</span> <span class='ocrx_word' id='word_1_20' title='bbox 1263 693 1299 747; x_wconf 93' lang='lat' dir='ltr'>et</span> <span class='ocrx_word' id='word_1_21' title='bbox 1312 699 1438 747; x_wconf 88' lang='lat' dir='ltr'>eorum</span> <span class='ocrx_word' id='word_1_22' title='bbox 1452 699 1475 744; x_wconf 88' lang='lat' dir='ltr'>a</span> 
     </span>
     <span class='ocr_line' id='line_1_4' title="bbox 238 789 1474 873; baseline -0.002 -18"><span class='ocrx_word' id='word_1_23' title='bbox 238 792 364 873; x_wconf 92' lang='lat' dir='ltr'>quibus</span> <span class='ocrx_word' id='word_1_24' title='bbox 379 792 586 858; x_wconf 88' lang='lat' dir='ltr'>instituendi</span> <span class='ocrx_word' id='word_1_25' title='bbox 601 802 712 858; x_wconf 90' lang='lat' dir='ltr'>erant.</span> <span class='ocrx_word' id='word_1_26' title='bbox 730 792 775 858; x_wconf 87' lang='lat' dir='ltr'>Et</span> <span class='ocrx_word' id='word_1_27' title='bbox 790 793 838 857; x_wconf 90' lang='lat' dir='ltr'>ita</span> <span class='ocrx_word' id='word_1_28' title='bbox 858 812 879 857; x_wconf 86' lang='lat' dir='ltr'>a</span> <span class='ocrx_word' id='word_1_29' title='bbox 901 791 1150 859; x_wconf 89' lang='lat' dir='ltr'>Gubernatore</span> <span class='ocrx_word' id='word_1_30' title='bbox 1172 791 1370 873; x_wconf 82' lang='lat' dir='ltr'>Collegium</span> <span class='ocrx_word' id='word_1_31' title='bbox 1388 789 1474 855; x_wconf 89' lang='lat' dir='ltr'>illud</span> 
     </span>
     <span class='ocr_line' id='line_1_5' title="bbox 238 897 1470 982; baseline -0.002 -19"><span class='ocrx_word' id='word_1_32' title='bbox 238 901 351 964; x_wconf 81' lang='lat' dir='ltr'>nostri</span> <span class='ocrx_word' id='word_1_33' title='bbox 370 902 606 981; x_wconf 85' lang='lat' dir='ltr'>postularunt,</span> <span class='ocrx_word' id='word_1_34' title='bbox 627 900 688 982; x_wconf 92' lang='lat' dir='ltr'>qui</span> <span class='ocrx_word' id='word_1_35' title='bbox 707 900 869 981; x_wconf 86' lang='lat' dir='ltr'>promisit</span> <span class='ocrx_word' id='word_1_36' title='bbox 888 916 928 963; x_wconf 90' lang='lat' dir='ltr'>se</span> <span class='ocrx_word' id='word_1_37' title='bbox 948 900 985 964; x_wconf 92' lang='lat' dir='ltr'>id</span> <span class='ocrx_word' id='word_1_38' title='bbox 1006 899 1186 977; x_wconf 89' lang='lat' dir='ltr'>daturum,</span> <span class='ocrx_word' id='word_1_39' title='bbox 1208 898 1271 963; x_wconf 90' lang='lat' dir='ltr'>sed</span> <span class='ocrx_word' id='word_1_40' title='bbox 1285 914 1356 962; x_wconf 92' lang='lat' dir='ltr'>non</span> <span class='ocrx_word' id='word_1_41' title='bbox 1376 897 1470 961; x_wconf 83' lang='lat' dir='ltr'>iecit:</span> 
     </span>
     <span class='ocr_line' id='line_1_6' title="bbox 238 1005 1389 1087; baseline -0.004 -17"><span class='ocrx_word' id='word_1_42' title='bbox 238 1006 341 1071; x_wconf 89' lang='lat' dir='ltr'>valor</span> <span class='ocrx_word' id='word_1_43' title='bbox 355 1016 475 1071; x_wconf 90' lang='lat' dir='ltr'>autem</span> <span class='ocrx_word' id='word_1_44' title='bbox 489 1006 665 1071; x_wconf 88' lang='lat' dir='ltr'>redituum</span> <span class='ocrx_word' id='word_1_45' title='bbox 679 1014 920 1071; x_wconf 87' lang='lat' dir='ltr'>trecentorum</span> <span class='ocrx_word' id='word_1_46' title='bbox 934 1006 1064 1087; x_wconf 82' lang='lat' dir='ltr'>viginti</span> <span class='ocrx_word' id='word_1_47' title='bbox 1077 1005 1290 1071; x_wconf 80' lang='lat' dir='ltr'>ducatorum</span> <span class='ocrx_word' id='word_1_48' title='bbox 1300 1014 1389 1069; x_wconf 88' lang='lat' dir='ltr'>erat.</span> 
     </span>
    </p>

    <p class='ocr_par' dir='ltr' id='par_1_3' title="bbox 236 1112 1472 1609">
     <span class='ocr_line' id='line_1_7' title="bbox 298 1112 1470 1195; baseline -0.002 -18"><span class='ocrx_word' id='word_1_49' title='bbox 298 1112 392 1177; x_wconf 85' lang='grc'><strong>3567.</strong></span> <span class='ocrx_word' id='word_1_50' title='bbox 435 1113 611 1195; x_wconf 87' lang='lat' dir='ltr'>Aliquem,</span> <span class='ocrx_word' id='word_1_51' title='bbox 629 1114 689 1195; x_wconf 92' lang='lat' dir='ltr'>qui</span> <span class='ocrx_word' id='word_1_52' title='bbox 702 1113 963 1195; x_wconf 85' lang='lat' dir='ltr'>neophytorum</span> <span class='ocrx_word' id='word_1_53' title='bbox 982 1130 1123 1193; x_wconf 91' lang='lat' dir='ltr'>curam,</span> <span class='ocrx_word' id='word_1_54' title='bbox 1145 1114 1243 1177; x_wconf 89' lang='lat' dir='ltr'>velut</span> <span class='ocrx_word' id='word_1_55' title='bbox 1270 1130 1392 1178; x_wconf 90' lang='lat' dir='ltr'>eorum</span> <span class='ocrx_word' id='word_1_56' title='bbox 1412 1129 1470 1194; x_wconf 89' lang='lat' dir='ltr'>pa·</span> 
     </span>
     <span class='ocr_line' id='line_1_8' title="bbox 238 1218 1472 1303; baseline -0.002 -19"><span class='ocrx_word' id='word_1_57' title='bbox 238 1228 302 1298; x_wconf 72' lang='lat' dir='ltr'>ter,</span> <span class='ocrx_word' id='word_1_58' title='bbox 319 1230 471 1301; x_wconf 83' lang='lat' dir='ltr'>gereret,</span> <span class='ocrx_word' id='word_1_59' title='bbox 488 1220 729 1285; x_wconf 89' lang='lat' dir='ltr'>necessarium</span> <span class='ocrx_word' id='word_1_60' title='bbox 744 1237 822 1285; x_wconf 89' lang='lat' dir='ltr'>esse</span> <span class='ocrx_word' id='word_1_61' title='bbox 838 1220 1090 1297; x_wconf 80' lang='lat' dir='ltr'>arbitrabatur,</span> <span class='ocrx_word' id='word_1_62' title='bbox 1107 1229 1143 1284; x_wconf 93' lang='lat' dir='ltr'>et</span> <span class='ocrx_word' id='word_1_63' title='bbox 1159 1220 1312 1303; x_wconf 84' lang='lat' dir='ltr'>aliquem</span> <span class='ocrx_word' id='word_1_64' title='bbox 1327 1218 1472 1300; x_wconf 83' lang='lat' dir='ltr'>coadju-</span> 
     </span>
     <span class='ocr_line' id='line_1_9' title="bbox 238 1327 1469 1407; baseline -0.002 -14"><span class='ocrx_word' id='word_1_65' title='bbox 238 1340 352 1393; x_wconf 88' lang='lat' dir='ltr'>torem</span> <span class='ocrx_word' id='word_1_66' title='bbox 366 1327 554 1393; x_wconf 88' lang='lat' dir='ltr'>Societatis</span> <span class='ocrx_word' id='word_1_67' title='bbox 569 1328 615 1393; x_wconf 87' lang='lat' dir='ltr'>ad</span> <span class='ocrx_word' id='word_1_68' title='bbox 630 1328 666 1393; x_wconf 91' lang='lat' dir='ltr'>id</span> <span class='ocrx_word' id='word_1_69' title='bbox 679 1329 755 1394; x_wconf 84' lang='lat' dir='ltr'>fore</span> <span class='ocrx_word' id='word_1_70' title='bbox 765 1328 944 1403; x_wconf 75' lang='lat' dir='ltr'>idoneum</span> <span class='ocrx_word' id='word_1_71' title='bbox 957 1345 1042 1392; x_wconf 88' lang='lat' dir='ltr'>nam</span> <span class='ocrx_word' id='word_1_72' title='bbox 1053 1328 1105 1392; x_wconf 89' lang='lat' dir='ltr'>eis</span> <span class='ocrx_word' id='word_1_73' title='bbox 1115 1328 1328 1392; x_wconf 88' lang='lat' dir='ltr'>charitatem</span> <span class='ocrx_word' id='word_1_74' title='bbox 1338 1327 1469 1407; x_wconf 89' lang='lat' dir='ltr'>impen-</span> 
     </span>
     <span class='ocr_line' id='line_1_10' title="bbox 237 1435 1467 1515; baseline -0.003 -14"><span class='ocrx_word' id='word_1_75' title='bbox 237 1435 365 1515; x_wconf 86' lang='lat' dir='ltr'>dendo,</span> <span class='ocrx_word' id='word_1_76' title='bbox 382 1446 416 1500; x_wconf 90' lang='lat' dir='ltr'>et</span> <span class='ocrx_word' id='word_1_77' title='bbox 431 1453 626 1501; x_wconf 85' lang='lat' dir='ltr'>conversos</span> <span class='ocrx_word' id='word_1_78' title='bbox 641 1443 920 1500; x_wconf 85' lang='lat' dir='ltr'>conservaturus</span> <span class='ocrx_word' id='word_1_79' title='bbox 935 1443 971 1501; x_wconf 90' lang='lat' dir='ltr'>et</span> <span class='ocrx_word' id='word_1_80' title='bbox 985 1435 1086 1515; x_wconf 90' lang='lat' dir='ltr'>alios,</span> <span class='ocrx_word' id='word_1_81' title='bbox 1102 1448 1141 1500; x_wconf 90' lang='lat' dir='ltr'>ut</span> <span class='ocrx_word' id='word_1_82' title='bbox 1160 1442 1467 1513; x_wconf 88' lang='lat' dir='ltr'>converterentur,</span> 
     </span>
     <span class='ocr_line' id='line_1_11' title="bbox 236 1542 691 1609; baseline -0.004 -1"><span class='ocrx_word' id='word_1_83' title='bbox 236 1544 454 1609; x_wconf 86' lang='lat' dir='ltr'>invitaturus</span> <span class='ocrx_word' id='word_1_84' title='bbox 468 1542 691 1608; x_wconf 87' lang='lat' dir='ltr'>credebatur.</span> 
     </span>
    </p>

    <p class='ocr_par' dir='ltr' id='par_1_4' title="bbox 235 1648 1467 2056">
     <span class='ocr_line' id='line_1_12' title="bbox 295 1648 1467 1732; baseline -0.002 -17"><span class='ocrx_word' id='word_1_85' title='bbox 295 1650 388 1715; x_wconf 84' lang='grc'><strong>3568.</strong></span> <span class='ocrx_word' id='word_1_86' title='bbox 431 1650 551 1717; x_wconf 88' lang='lat' dir='ltr'>Monet</span> <span class='ocrx_word' id='word_1_87' title='bbox 565 1652 703 1732; x_wconf 88' lang='lat' dir='ltr'>aliquos</span> <span class='ocrx_word' id='word_1_88' title='bbox 718 1670 763 1717; x_wconf 82' lang='lat' dir='ltr'>ex</span> <span class='ocrx_word' id='word_1_89' title='bbox 777 1652 912 1716; x_wconf 90' lang='lat' dir='ltr'>nostris</span> <span class='ocrx_word' id='word_1_90' title='bbox 927 1651 1036 1732; x_wconf 91' lang='lat' dir='ltr'>viros,</span> <span class='ocrx_word' id='word_1_91' title='bbox 1052 1651 1158 1715; x_wconf 90' lang='lat' dir='ltr'>valde</span> <span class='ocrx_word' id='word_1_92' title='bbox 1172 1650 1298 1729; x_wconf 91' lang='lat' dir='ltr'>bonos,</span> <span class='ocrx_word' id='word_1_93' title='bbox 1316 1648 1467 1731; x_wconf 89' lang='lat' dir='ltr'>quadam</span> 
     </span>
     <span class='ocr_line' id='line_1_13' title="bbox 235 1758 1466 1841; baseline -0.002 -18"><span class='ocrx_word' id='word_1_94' title='bbox 235 1760 461 1841; x_wconf 88' lang='lat' dir='ltr'>simplicitate</span> <span class='ocrx_word' id='word_1_95' title='bbox 476 1760 723 1841; x_wconf 86' lang='lat' dir='ltr'>eleemosynas</span> <span class='ocrx_word' id='word_1_96' title='bbox 737 1760 782 1823; x_wconf 94' lang='lat' dir='ltr'>ab</span> <span class='ocrx_word' id='word_1_97' title='bbox 797 1759 955 1825; x_wconf 87' lang='lat' dir='ltr'>externis</span> <span class='ocrx_word' id='word_1_98' title='bbox 969 1760 1162 1840; x_wconf 86' lang='lat' dir='ltr'>accepisse,</span> <span class='ocrx_word' id='word_1_99' title='bbox 1178 1767 1214 1823; x_wconf 88' lang='lat' dir='ltr'>et</span> <span class='ocrx_word' id='word_1_100' title='bbox 1230 1758 1275 1822; x_wconf 93' lang='lat' dir='ltr'>ad</span> <span class='ocrx_word' id='word_1_101' title='bbox 1290 1774 1375 1821; x_wconf 91' lang='lat' dir='ltr'>suos</span> <span class='ocrx_word' id='word_1_102' title='bbox 1386 1774 1466 1820; x_wconf 91' lang='lat' dir='ltr'>con·</span> 
     </span>
     <span class='ocr_line' id='line_1_14' title="bbox 236 1864 1466 1948; baseline -0.002 -18"><span class='ocrx_word' id='word_1_103' title='bbox 236 1867 454 1947; x_wconf 80' lang='lat' dir='ltr'>sanguineos</span> <span class='ocrx_word' id='word_1_104' title='bbox 468 1882 643 1947; x_wconf 87' lang='lat' dir='ltr'>pauperes</span> <span class='ocrx_word' id='word_1_105' title='bbox 657 1867 693 1931; x_wconf 93' lang='lat' dir='ltr'>in</span> <span class='ocrx_word' id='word_1_106' title='bbox 706 1864 965 1948; x_wconf 83' lang='lat' dir='ltr'>Portugalliam</span> <span class='ocrx_word' id='word_1_107' title='bbox 980 1883 1042 1931; x_wconf 87' lang='lat' dir='ltr'>eas</span> <span class='ocrx_word' id='word_1_108' title='bbox 1056 1865 1206 1931; x_wconf 90' lang='lat' dir='ltr'>misisse.</span> <span class='ocrx_word' id='word_1_109' title='bbox 1223 1864 1275 1929; x_wconf 92' lang='lat' dir='ltr'>Ne</span> <span class='ocrx_word' id='word_1_110' title='bbox 1295 1864 1330 1929; x_wconf 92' lang='lat' dir='ltr'>id</span> <span class='ocrx_word' id='word_1_111' title='bbox 1349 1876 1466 1929; x_wconf 87' lang='lat' dir='ltr'>autem</span> 
     </span>
     <span class='ocr_line' id='line_1_15' title="bbox 238 1964 996 2056; baseline 0.003 -19"><span class='ocrx_word' id='word_1_112' title='bbox 238 1975 390 2055; x_wconf 90' lang='lat' dir='ltr'>amplius</span> <span class='ocrx_word' id='word_1_113' title='bbox 404 1973 514 2052; x_wconf 90' lang='lat' dir='ltr'>ficret,</span> <span class='ocrx_word' id='word_1_114' title='bbox 531 1982 757 2056; x_wconf 85' lang='lat' dir='ltr'>prospectum</span> <span class='ocrx_word' id='word_1_115' title='bbox 771 1984 835 2039; x_wconf 91' lang='lat' dir='ltr'>est.</span> <span class='ocrx_word' id='word_1_116' title='bbox 992 1964 996 1973; x_wconf 82' lang='grc'><strong>’</strong></span> 
     </span>
    </p>

    <p class='ocr_par' dir='ltr' id='par_1_5' title="bbox 230 2078 1466 2590">
     <span class='ocr_line' id='line_1_16' title="bbox 295 2078 1466 2161; baseline -0.003 -16"><span class='ocrx_word' id='word_1_117' title='bbox 295 2080 387 2145; x_wconf 72' lang='grc'><strong>3569.</strong></span> <span class='ocrx_word' id='word_1_118' title='bbox 431 2079 630 2161; x_wconf 89' lang='lat' dir='ltr'>Scripserat</span> <span class='ocrx_word' id='word_1_119' title='bbox 646 2080 884 2161; x_wconf 74' lang='lat' dir='ltr'>portugalliae</span> <span class='ocrx_word' id='word_1_120' title='bbox 898 2080 977 2145; x_wconf 85' lang='lat' dir='ltr'>Rex</span> <span class='ocrx_word' id='word_1_121' title='bbox 998 2079 1253 2157; x_wconf 88' lang='lat' dir='ltr'>Gubernatori,</span> <span class='ocrx_word' id='word_1_122' title='bbox 1274 2087 1313 2142; x_wconf 91' lang='lat' dir='ltr'>ut</span> <span class='ocrx_word' id='word_1_123' title='bbox 1326 2078 1466 2160; x_wconf 86' lang='lat' dir='ltr'>publica</span> 
     </span>
     <span class='ocr_line' id='line_1_17' title="bbox 235 2184 1466 2269; baseline -0.001 -18"><span class='ocrx_word' id='word_1_124' title='bbox 235 2188 436 2252; x_wconf 90' lang='lat' dir='ltr'>testimonia</span> <span class='ocrx_word' id='word_1_125' title='bbox 451 2188 494 2251; x_wconf 91' lang='lat' dir='ltr'>de</span> <span class='ocrx_word' id='word_1_126' title='bbox 509 2186 614 2252; x_wconf 91' lang='lat' dir='ltr'>rebus</span> <span class='ocrx_word' id='word_1_127' title='bbox 628 2187 973 2268; x_wconf 87' lang='lat' dir='ltr'>supernaturalibus,</span> <span class='ocrx_word' id='word_1_128' title='bbox 990 2204 1080 2269; x_wconf 90' lang='lat' dir='ltr'>quas</span> <span class='ocrx_word' id='word_1_129' title='bbox 1095 2204 1159 2269; x_wconf 91' lang='lat' dir='ltr'>per</span> <span class='ocrx_word' id='word_1_130' title='bbox 1178 2185 1217 2251; x_wconf 90' lang='lat' dir='ltr'>P.</span> <span class='ocrx_word' id='word_1_131' title='bbox 1234 2184 1466 2250; x_wconf 85' lang='lat' dir='ltr'>Franciscum</span> 
     </span>
     <span class='ocr_line' id='line_1_18' title="bbox 233 2293 1465 2376; baseline -0.003 -16"><span class='ocrx_word' id='word_1_132' title='bbox 233 2294 369 2360; x_wconf 90' lang='lat' dir='ltr'>Xavier</span> <span class='ocrx_word' id='word_1_133' title='bbox 384 2293 558 2359; x_wconf 89' lang='lat' dir='ltr'>Dominus</span> <span class='ocrx_word' id='word_1_134' title='bbox 572 2302 740 2374; x_wconf 86' lang='lat' dir='ltr'>operatus</span> <span class='ocrx_word' id='word_1_135' title='bbox 753 2293 881 2367; x_wconf 85' lang='lat' dir='ltr'>luerat.</span> <span class='ocrx_word' id='word_1_136' title='bbox 898 2295 1090 2376; x_wconf 86' lang='lat' dir='ltr'>acciperet;</span> <span class='ocrx_word' id='word_1_137' title='bbox 1104 2304 1139 2358; x_wconf 88' lang='lat' dir='ltr'>et</span> <span class='ocrx_word' id='word_1_138' title='bbox 1153 2293 1296 2376; x_wconf 88' lang='lat' dir='ltr'>duplici,</span> <span class='ocrx_word' id='word_1_139' title='bbox 1308 2305 1345 2357; x_wconf 93' lang='lat' dir='ltr'>et</span> <span class='ocrx_word' id='word_1_140' title='bbox 1356 2293 1465 2373; x_wconf 89' lang='lat' dir='ltr'>tripli·</span> 
     </span>
     <span class='ocr_line' id='line_1_19' title="bbox 232 2399 1463 2485; baseline -0.002 -20"><span class='ocrx_word' id='word_1_141' title='bbox 232 2404 265 2467; x_wconf 92' lang='lat' dir='ltr'>ci</span> <span class='ocrx_word' id='word_1_142' title='bbox 280 2402 442 2483; x_wconf 81' lang='lat' dir='ltr'>exemplo</span> <span class='ocrx_word' id='word_1_143' title='bbox 457 2402 555 2466; x_wconf 83' lang='lat' dir='ltr'>adse</span> <span class='ocrx_word' id='word_1_144' title='bbox 570 2400 735 2481; x_wconf 90' lang='lat' dir='ltr'>mitteret;</span> <span class='ocrx_word' id='word_1_145' title='bbox 751 2409 786 2465; x_wconf 88' lang='lat' dir='ltr'>et</span> <span class='ocrx_word' id='word_1_146' title='bbox 800 2402 919 2485; x_wconf 90' lang='lat' dir='ltr'>aliqua</span> <span class='ocrx_word' id='word_1_147' title='bbox 935 2402 1034 2467; x_wconf 92' lang='lat' dir='ltr'>initio</span> <span class='ocrx_word' id='word_1_148' title='bbox 1045 2400 1227 2482; x_wconf 89' lang='lat' dir='ltr'>sequentis</span> <span class='ocrx_word' id='word_1_149' title='bbox 1238 2400 1323 2465; x_wconf 88' lang='lat' dir='ltr'>anni</span> <span class='ocrx_word' id='word_1_150' title='bbox 1334 2400 1371 2464; x_wconf 92' lang='lat' dir='ltr'>in</span> <span class='ocrx_word' id='word_1_151' title='bbox 1382 2399 1463 2464; x_wconf 90' lang='lat' dir='ltr'>Por·</span> 
     </span>
     <span class='ocr_line' id='line_1_20' title="bbox 230 2508 1463 2590; baseline -0.002 -18"><span class='ocrx_word' id='word_1_152' title='bbox 230 2510 415 2589; x_wconf 81' lang='lat' dir='ltr'>tugalliam</span> <span class='ocrx_word' id='word_1_153' title='bbox 431 2509 539 2573; x_wconf 88' lang='lat' dir='ltr'>missa</span> <span class='ocrx_word' id='word_1_154' title='bbox 554 2516 647 2584; x_wconf 84' lang='lat' dir='ltr'>sunt,</span> <span class='ocrx_word' id='word_1_155' title='bbox 670 2525 761 2590; x_wconf 92' lang='lat' dir='ltr'>quae</span> <span class='ocrx_word' id='word_1_156' title='bbox 780 2526 826 2573; x_wconf 84' lang='lat' dir='ltr'>ex</span> <span class='ocrx_word' id='word_1_157' title='bbox 844 2509 1076 2574; x_wconf 90' lang='lat' dir='ltr'>vicinioribus</span> <span class='ocrx_word' id='word_1_158' title='bbox 1094 2508 1183 2573; x_wconf 90' lang='lat' dir='ltr'>locis</span> <span class='ocrx_word' id='word_1_159' title='bbox 1205 2508 1321 2589; x_wconf 88' lang='lat' dir='ltr'>accipi</span> <span class='ocrx_word' id='word_1_160' title='bbox 1344 2519 1463 2589; x_wconf 91' lang='lat' dir='ltr'>potue·</span> 
     </span>
    </p>
   </div>
   <div class='ocr_carea' id='block_1_3' title="bbox 229 2610 1573 2698">
    <p class='ocr_par' dir='ltr' id='par_1_6' title="bbox 229 2610 1573 2698">
     <span class='ocr_line' id='line_1_21' title="bbox 229 2610 1573 2698; baseline -0.001 -17"><span class='ocrx_word' id='word_1_161' title='bbox 229 2626 311 2682; x_wconf 90' lang='lat' dir='ltr'>rant</span> <span class='ocrx_word' id='word_1_162' title='bbox 327 2615 349 2680; x_wconf 87' lang='lat'>¹.</span> <span class='ocrx_word' id='word_1_163' title='bbox 365 2616 420 2682; x_wconf 87' lang='lat' dir='ltr'>Ex</span> <span class='ocrx_word' id='word_1_164' title='bbox 433 2610 682 2682; x_wconf 86' lang='lat' dir='ltr'>remotioribus</span> <span class='ocrx_word' id='word_1_165' title='bbox 697 2627 814 2682; x_wconf 90' lang='lat' dir='ltr'>autem</span> <span class='ocrx_word' id='word_1_166' title='bbox 830 2617 866 2683; x_wconf 93' lang='lat' dir='ltr'>in</span> <span class='ocrx_word' id='word_1_167' title='bbox 881 2633 1013 2683; x_wconf 87' lang='lat' dir='ltr'>annum</span> <span class='ocrx_word' id='word_1_168' title='bbox 1027 2623 1235 2698; x_wconf 86' lang='lat' dir='ltr'>sequentem</span> <span class='ocrx_word' id='word_1_169' title='bbox 1253 2614 1462 2696; x_wconf 85' lang='lat' dir='ltr'>accipienda</span> <span class='ocrx_word' id='word_1_170' title='bbox 1569 2652 1573 2659; x_wconf 96' lang='lat'>-</span> 
     </span>
    </p>
   </div>
   <div class='ocr_carea' id='block_1_4' title="bbox 228 2723 1462 3127">
    <p class='ocr_par' dir='ltr' id='par_1_7' title="bbox 228 2723 1462 3127">
     <span class='ocr_line' id='line_1_22' title="bbox 230 2723 1461 2808; baseline -0.002 -19"><span class='ocrx_word' id='word_1_171' title='bbox 230 2735 266 2789; x_wconf 89' lang='lat' dir='ltr'>et</span> <span class='ocrx_word' id='word_1_172' title='bbox 279 2724 449 2791; x_wconf 90' lang='lat' dir='ltr'>mittenda</span> <span class='ocrx_word' id='word_1_173' title='bbox 465 2724 686 2804; x_wconf 89' lang='lat' dir='ltr'>distulerunt,</span> <span class='ocrx_word' id='word_1_174' title='bbox 703 2733 738 2789; x_wconf 89' lang='lat' dir='ltr'>et</span> <span class='ocrx_word' id='word_1_175' title='bbox 753 2725 782 2788; x_wconf 92' lang='lat' dir='ltr'>si</span> <span class='ocrx_word' id='word_1_176' title='bbox 794 2724 934 2808; x_wconf 88' lang='lat' dir='ltr'>juberet</span> <span class='ocrx_word' id='word_1_177' title='bbox 944 2724 1108 2790; x_wconf 89' lang='lat' dir='ltr'>Summus</span> <span class='ocrx_word' id='word_1_178' title='bbox 1120 2723 1285 2788; x_wconf 81' lang='lat' dir='ltr'>Pontifex</span> <span class='ocrx_word' id='word_1_179' title='bbox 1296 2723 1390 2788; x_wconf 90' lang='lat' dir='ltr'>diem</span> <span class='ocrx_word' id='word_1_180' title='bbox 1402 2741 1461 2786; x_wconf 89' lang='lat' dir='ltr'>na·</span> 
     </span>
     <span class='ocr_line' id='line_1_23' title="bbox 231 2829 1462 2914; baseline -0.002 -18"><span class='ocrx_word' id='word_1_181' title='bbox 231 2832 312 2896; x_wconf 88' lang='lat' dir='ltr'>talis</span> <span class='ocrx_word' id='word_1_182' title='bbox 327 2829 484 2914; x_wconf 76' lang='lat' dir='ltr'>eiusdem</span> <span class='ocrx_word' id='word_1_183' title='bbox 501 2829 615 2896; x_wconf 87' lang='lat' dir='ltr'>Patris</span> <span class='ocrx_word' id='word_1_184' title='bbox 630 2832 818 2912; x_wconf 90' lang='lat' dir='ltr'>celebrari,</span> <span class='ocrx_word' id='word_1_185' title='bbox 841 2831 924 2896; x_wconf 90' lang='lat' dir='ltr'>licet</span> <span class='ocrx_word' id='word_1_186' title='bbox 942 2832 1175 2897; x_wconf 89' lang='lat' dir='ltr'>canonizatus</span> <span class='ocrx_word' id='word_1_187' title='bbox 1193 2848 1265 2895; x_wconf 92' lang='lat' dir='ltr'>non</span> <span class='ocrx_word' id='word_1_188' title='bbox 1286 2841 1379 2894; x_wconf 88' lang='lat' dir='ltr'>esset</span> <span class='ocrx_word' id='word_1_189' title='bbox 1398 2830 1462 2908; x_wconf 89' lang='lat' dir='ltr'>(ad</span> 
     </span>
     <span class='ocr_line' id='line_1_24' title="bbox 230 2937 1461 3022; baseline -0.002 -18"><span class='ocrx_word' id='word_1_190' title='bbox 230 2955 308 3004; x_wconf 91' lang='lat' dir='ltr'>eum</span> <span class='ocrx_word' id='word_1_191' title='bbox 339 2939 501 3018; x_wconf 82' lang='lat' dir='ltr'>modum,</span> <span class='ocrx_word' id='word_1_192' title='bbox 530 2957 600 3022; x_wconf 90' lang='lat' dir='ltr'>quo</span> <span class='ocrx_word' id='word_1_193' title='bbox 630 2937 878 3004; x_wconf 86' lang='lat' dir='ltr'>Conimbricae</span> <span class='ocrx_word' id='word_1_194' title='bbox 907 2941 1106 3004; x_wconf 89' lang='lat' dir='ltr'>celebratur</span> <span class='ocrx_word' id='word_1_195' title='bbox 1140 2938 1268 3004; x_wconf 85' lang='lat' dir='ltr'>festum</span> <span class='ocrx_word' id='word_1_196' title='bbox 1302 2937 1461 3019; x_wconf 82' lang='lat' dir='ltr'>Reginae</span> 
     </span>
     <span class='ocr_line' id='line_1_25' title="bbox 228 3043 1459 3127; baseline -0.002 -17"><span class='ocrx_word' id='word_1_197' title='bbox 228 3055 374 3110; x_wconf 89' lang='lat' dir='ltr'>sanctae</span> <span class='ocrx_word' id='word_1_198' title='bbox 388 3043 424 3126; x_wconf 78' lang='lat'>³),</span> <span class='ocrx_word' id='word_1_199' title='bbox 440 3046 486 3111; x_wconf 88' lang='lat' dir='ltr'>ad</span> <span class='ocrx_word' id='word_1_200' title='bbox 500 3062 670 3127; x_wconf 83' lang='lat' dir='ltr'>magnam</span> <span class='ocrx_word' id='word_1_201' title='bbox 684 3045 966 3111; x_wconf 88' lang='lat' dir='ltr'>aedificationem</span> <span class='ocrx_word' id='word_1_202' title='bbox 981 3047 1018 3111; x_wconf 90' lang='lat' dir='ltr'>id</span> <span class='ocrx_word' id='word_1_203' title='bbox 1032 3046 1191 3111; x_wconf 85' lang='lat' dir='ltr'>futurum</span> <span class='ocrx_word' id='word_1_204' title='bbox 1202 3047 1238 3109; x_wconf 94' lang='lat' dir='ltr'>in</span> <span class='ocrx_word' id='word_1_205' title='bbox 1249 3045 1348 3110; x_wconf 91' lang='lat' dir='ltr'>India</span> <span class='ocrx_word' id='word_1_206' title='bbox 1361 3044 1459 3122; x_wconf 80' lang='lat' dir='ltr'>dicit,</span> 
     </span>
    </p>
   </div>
   <div class='ocr_carea' id='block_1_5' title="bbox 228 3217 437 3233">
    <p class='ocr_par' dir='ltr' id='par_1_8' title="bbox 228 3217 437 3233">
     <span class='ocr_line' id='line_1_26' title="bbox 228 3217 437 3233; baseline -0.01 0"><span class='ocrx_word' id='word_1_207' title='bbox 228 3217 437 3233; x_wconf 46' lang='grc' dir='ltr'><strong><em>ἡ</em></strong></span> 
     </span>
    </p>
   </div>
   <div class='ocr_carea' id='block_1_6' title="bbox 218 3319 1460 4748">
    <p class='ocr_par' dir='ltr' id='par_1_9' title="bbox 222 3319 1460 3664">
     <span class='ocr_line' id='line_1_27' title="bbox 266 3319 1460 3378; baseline 0 -12"><span class='ocrx_word' id='word_1_208' title='bbox 266 3321 275 3353; x_wconf 75' lang='lat'>¹</span> <span class='ocrx_word' id='word_1_209' title='bbox 304 3319 371 3367; x_wconf 86' lang='lat' dir='ltr'>Vide</span> <span class='ocrx_word' id='word_1_210' title='bbox 379 3333 468 3376; x_wconf 83' lang='lat' dir='ltr'>eupra,</span> <span class='ocrx_word' id='word_1_211' title='bbox 481 3329 499 3366; x_wconf 89' lang='lat' dir='ltr'>t.</span> <span class='ocrx_word' id='word_1_212' title='bbox 510 3333 528 3374; x_wconf 89' lang='lat' dir='ltr'>r,</span> <span class='ocrx_word' id='word_1_213' title='bbox 538 3333 598 3377; x_wconf 66' lang='lat' dir='ltr'>pag.</span> <span class='ocrx_word' id='word_1_214' title='bbox 608 3321 657 3376; x_wconf 72' lang='lat' dir='ltr'>tot,</span> <span class='ocrx_word' id='word_1_215' title='bbox 667 3333 692 3365; x_wconf 93' lang='grc' dir='ltr'>ιι.</span> <span class='ocrx_word' id='word_1_216' title='bbox 702 3322 751 3376; x_wconf 68' lang='grc' dir='ltr'>5οη</span> <span class='ocrx_word' id='word_1_217' title='bbox 762 3331 781 3366; x_wconf 84' lang='grc' dir='ltr'>ι.</span> <span class='ocrx_word' id='word_1_218' title='bbox 792 3333 818 3374; x_wconf 86' lang='lat' dir='ltr'>v,</span> <span class='ocrx_word' id='word_1_219' title='bbox 829 3333 887 3378; x_wconf 69' lang='lat' dir='ltr'>pag.</span> <span class='ocrx_word' id='word_1_220' title='bbox 898 3322 947 3377; x_wconf 80' lang='lat' dir='ltr'>o7l,</span> <span class='ocrx_word' id='word_1_221' title='bbox 957 3335 982 3366; x_wconf 91' lang='lat' dir='ltr'>n.</span> <span class='ocrx_word' id='word_1_222' title='bbox 995 3321 1054 3367; x_wconf 76' lang='lat' dir='ltr'>tuta.</span> <span class='ocrx_word' id='word_1_223' title='bbox 1069 3321 1205 3367; x_wconf 75' lang='lat' dir='ltr'>Vocantur</span> <span class='ocrx_word' id='word_1_224' title='bbox 1215 3326 1304 3367; x_wconf 87' lang='lat' dir='ltr'>autem</span> <span class='ocrx_word' id='word_1_225' title='bbox 1313 3320 1460 3366; x_wconf 73' lang='lat' dir='ltr'>christiani</span> 
     </span>
     <span class='ocr_line' id='line_1_28' title="bbox 227 3391 1458 3450; baseline 0.002 -12"><span class='ocrx_word' id='word_1_226' title='bbox 227 3393 276 3439; x_wconf 73' lang='lat' dir='ltr'>su.</span> <span class='ocrx_word' id='word_1_227' title='bbox 292 3391 416 3447; x_wconf 72' lang='lat' dir='ltr'>Thomu,</span> <span class='ocrx_word' id='word_1_228' title='bbox 426 3395 486 3449; x_wconf 82' lang='lat' dir='ltr'>quia</span> <span class='ocrx_word' id='word_1_229' title='bbox 495 3405 583 3440; x_wconf 85' lang='lat' dir='ltr'>eoram</span> <span class='ocrx_word' id='word_1_230' title='bbox 593 3394 706 3450; x_wconf 73' lang='lat' dir='ltr'>majorca</span> <span class='ocrx_word' id='word_1_231' title='bbox 716 3399 746 3439; x_wconf 72' lang='lat' dir='ltr'>‘a</span> <span class='ocrx_word' id='word_1_232' title='bbox 757 3393 789 3440; x_wconf 88' lang='lat' dir='ltr'>D.</span> <span class='ocrx_word' id='word_1_233' title='bbox 800 3393 899 3440; x_wconf 84' lang='lat' dir='ltr'>Thomu</span> <span class='ocrx_word' id='word_1_234' title='bbox 909 3396 1035 3450; x_wconf 75' lang='lat' dir='ltr'>Apostolo</span> <span class='ocrx_word' id='word_1_235' title='bbox 1045 3397 1129 3441; x_wconf 87' lang='lat' dir='ltr'>aacrla</span> <span class='ocrx_word' id='word_1_236' title='bbox 1142 3399 1248 3438; x_wconf 87' lang='lat' dir='ltr'>noatrae</span> <span class='ocrx_word' id='word_1_237' title='bbox 1263 3393 1398 3448; x_wconf 60' lang='lat' dir='ltr'>religionla</span> <span class='ocrx_word' id='word_1_238' title='bbox 1411 3394 1458 3440; x_wconf 85' lang='lat' dir='ltr'>lei·</span> 
     </span>
     <span class='ocr_line' id='line_1_29' title="bbox 222 3464 1458 3522; baseline 0 -10"><span class='ocrx_word' id='word_1_239' title='bbox 222 3466 309 3516; x_wconf 86' lang='lat' dir='ltr'>.tiatoa</span> <span class='ocrx_word' id='word_1_240' title='bbox 319 3466 428 3520; x_wconf 66' lang='lat' dir='ltr'>fauna,</span> <span class='ocrx_word' id='word_1_241' title='bbox 439 3465 593 3514; x_wconf 64' lang='lat' dir='ltr'>Geronteon.</span> <span class='ocrx_word' id='word_1_242' title='bbox 602 3472 622 3510; x_wconf 94' lang='lat' dir='ltr'>t.</span> <span class='ocrx_word' id='word_1_243' title='bbox 633 3476 659 3519; x_wconf 87' lang='grc' dir='ltr'>ιι,</span> <span class='ocrx_word' id='word_1_244' title='bbox 671 3477 731 3520; x_wconf 68' lang='lat' dir='ltr'>pag.</span> <span class='ocrx_word' id='word_1_245' title='bbox 742 3465 791 3519; x_wconf 78' lang='lat'>7⁵7,</span> <span class='ocrx_word' id='word_1_246' title='bbox 802 3477 827 3511; x_wconf 92' lang='lat' dir='ltr'>n.</span> <span class='ocrx_word' id='word_1_247' title='bbox 836 3466 884 3520; x_wconf 78' lang='lat'><strong>725;</strong></span> <span class='ocrx_word' id='word_1_248' title='bbox 896 3464 1018 3522; x_wconf 82' lang='grc' dir='ltr'><strong>Βιιιιιοιι,</strong></span> <span class='ocrx_word' id='word_1_249' title='bbox 1027 3467 1045 3511; x_wconf 80' lang='lat' dir='ltr'>t.</span> <span class='ocrx_word' id='word_1_250' title='bbox 1055 3479 1085 3516; x_wconf 80' lang='lat' dir='ltr'>e,</span> <span class='ocrx_word' id='word_1_251' title='bbox 1094 3468 1137 3511; x_wconf 88' lang='lat' dir='ltr'>lib.</span> <span class='ocrx_word' id='word_1_252' title='bbox 1146 3476 1191 3515; x_wconf 87' lang='grc' dir='ltr'><strong>νιι,</strong></span> <span class='ocrx_word' id='word_1_253' title='bbox 1200 3477 1224 3509; x_wconf 88' lang='grc' dir='ltr'>ιι.</span> <span class='ocrx_word' id='word_1_254' title='bbox 1232 3465 1267 3520; x_wconf 58' lang='lat' dir='ltr'>za</span> <span class='ocrx_word' id='word_1_255' title='bbox 1276 3465 1458 3519; x_wconf 67' lang='lat' dir='ltr'>Junci-blaa·</span> 
     </span>
     <span class='ocr_line' id='line_1_30' title="bbox 229 3537 1456 3594; baseline 0.001 -12"><span class='ocrx_word' id='word_1_256' title='bbox 229 3537 340 3590; x_wconf 65' lang='lat' dir='ltr'>ararad.</span> <span class='ocrx_word' id='word_1_257' title='bbox 354 3547 386 3591; x_wconf 85' lang='grc' dir='ltr'><strong>ι·.,</strong></span> <span class='ocrx_word' id='word_1_258' title='bbox 401 3543 420 3582; x_wconf 82' lang='grc' dir='ltr'>ι.</span> <span class='ocrx_word' id='word_1_259' title='bbox 435 3547 452 3592; x_wconf 92' lang='grc' dir='ltr'>ι,</span> <span class='ocrx_word' id='word_1_260' title='bbox 470 3549 529 3593; x_wconf 76' lang='lat' dir='ltr'>pag.</span> <span class='ocrx_word' id='word_1_261' title='bbox 544 3537 579 3590; x_wconf 72' lang='lat'>55,</span> <span class='ocrx_word' id='word_1_262' title='bbox 594 3537 640 3588; x_wconf 62' lang='lat'>57&amp;</span> <span class='ocrx_word' id='word_1_263' title='bbox 655 3537 697 3581; x_wconf 73' lang='lat' dir='ltr'>we</span> <span class='ocrx_word' id='word_1_264' title='bbox 711 3549 737 3582; x_wconf 84' lang='lat' dir='ltr'>et</span> <span class='ocrx_word' id='word_1_265' title='bbox 752 3547 817 3594; x_wconf 65' lang='lat' dir='ltr'>seqq</span> <span class='ocrx_word' id='word_1_266' title='bbox 833 3537 950 3591; x_wconf 81' lang='lat' dir='ltr'>Guaaarr,</span> <span class='ocrx_word' id='word_1_267' title='bbox 966 3537 1089 3583; x_wconf 76' lang='lat' dir='ltr'>Historia</span> <span class='ocrx_word' id='word_1_268' title='bbox 1104 3539 1138 3584; x_wconf 82' lang='lat' dir='ltr'>da</span> <span class='ocrx_word' id='word_1_269' title='bbox 1154 3537 1197 3582; x_wconf 80' lang='lat' dir='ltr'>ias</span> <span class='ocrx_word' id='word_1_270' title='bbox 1214 3539 1355 3592; x_wconf 71' lang='lat' dir='ltr'>irrisiones,</span> <span class='ocrx_word' id='word_1_271' title='bbox 1367 3538 1412 3583; x_wconf 86' lang='lat' dir='ltr'>lib.</span> <span class='ocrx_word' id='word_1_272' title='bbox 1429 3550 1456 3594; x_wconf 87' lang='grc' dir='ltr'>ιι,</span> 
     </span>
     <span class='ocr_line' id='line_1_31' title="bbox 227 3609 368 3664; baseline 0 -10"><span class='ocrx_word' id='word_1_273' title='bbox 227 3619 285 3664; x_wconf 89' lang='lat' dir='ltr'>cap.</span> <span class='ocrx_word' id='word_1_274' title='bbox 294 3609 368 3654; x_wconf 61' lang='lat' dir='ltr'>udi.</span> 
     </span>
    </p>

    <p class='ocr_par' dir='ltr' id='par_1_10' title="bbox 222 3680 1455 4023">
     <span class='ocr_line' id='line_1_32' title="bbox 265 3680 1455 3738; baseline 0.002 -12"><span class='ocrx_word' id='word_1_275' title='bbox 265 3681 277 3716; x_wconf 75' lang='grc' dir='ltr'>Ι</span> <span class='ocrx_word' id='word_1_276' title='bbox 305 3680 469 3728; x_wconf 77' lang='lat' dir='ltr'>“Lusitaniae</span> <span class='ocrx_word' id='word_1_277' title='bbox 480 3681 563 3727; x_wconf 81' lang='lat' dir='ltr'>Rex...</span> <span class='ocrx_word' id='word_1_278' title='bbox 573 3694 618 3738; x_wconf 88' lang='lat' dir='ltr'>per</span> <span class='ocrx_word' id='word_1_279' title='bbox 629 3681 733 3728; x_wconf 82' lang='lat' dir='ltr'>litterae</span> <span class='ocrx_word' id='word_1_280' title='bbox 747 3691 870 3726; x_wconf 87' lang='lat' dir='ltr'>accurate</span> <span class='ocrx_word' id='word_1_281' title='bbox 885 3683 1029 3736; x_wconf 82' lang='lat' dir='ltr'>mandavit,</span> <span class='ocrx_word' id='word_1_282' title='bbox 1044 3689 1073 3726; x_wconf 89' lang='lat' dir='ltr'>nt</span> <span class='ocrx_word' id='word_1_283' title='bbox 1088 3682 1201 3727; x_wconf 78' lang='lat' dir='ltr'>illustria</span> <span class='ocrx_word' id='word_1_284' title='bbox 1217 3682 1325 3729; x_wconf 75' lang='lat' dir='ltr'>xaverii</span> <span class='ocrx_word' id='word_1_285' title='bbox 1337 3682 1455 3728; x_wconf 75' lang='lat' dir='ltr'>facinora</span> 
     </span>
     <span class='ocr_line' id='line_1_33' title="bbox 225 3752 1455 3809; baseline 0.001 -11"><span class='ocrx_word' id='word_1_286' title='bbox 225 3752 400 3809; x_wconf 85' lang='lat' dir='ltr'>miraculaque</span> <span class='ocrx_word' id='word_1_287' title='bbox 411 3754 499 3798; x_wconf 81' lang='lat' dir='ltr'>aedulo</span> <span class='ocrx_word' id='word_1_288' title='bbox 517 3754 660 3808; x_wconf 78' lang='lat' dir='ltr'>conquisita</span> <span class='ocrx_word' id='word_1_289' title='bbox 673 3755 697 3798; x_wconf 94' lang='lat' dir='ltr'>ln</span> <span class='ocrx_word' id='word_1_290' title='bbox 708 3754 825 3809; x_wconf 76' lang='lat' dir='ltr'>publicas</span> <span class='ocrx_word' id='word_1_291' title='bbox 841 3754 1043 3808; x_wconf 85' lang='lat' dir='ltr'>quamprimum</span> <span class='ocrx_word' id='word_1_292' title='bbox 1058 3755 1189 3798; x_wconf 83' lang='lat' dir='ltr'>tabulae...</span> <span class='ocrx_word' id='word_1_293' title='bbox 1206 3753 1364 3799; x_wconf 80' lang='lat' dir='ltr'>reserenda...</span> <span class='ocrx_word' id='word_1_294' title='bbox 1379 3766 1455 3799; x_wconf 90' lang='lat' dir='ltr'>cura·</span> 
     </span>
     <span class='ocr_line' id='line_1_34' title="bbox 223 3823 1454 3880; baseline 0.003 -12"><span class='ocrx_word' id='word_1_295' title='bbox 223 3830 290 3870; x_wconf 83' lang='lat' dir='ltr'>ret...</span> <span class='ocrx_word' id='word_1_296' title='bbox 299 3823 354 3870; x_wconf 83' lang='lat' dir='ltr'>Eae</span> <span class='ocrx_word' id='word_1_297' title='bbox 364 3825 445 3880; x_wconf 71' lang='lat' dir='ltr'>lrltnr</span> <span class='ocrx_word' id='word_1_298' title='bbox 455 3827 559 3870; x_wconf 80' lang='lat' dir='ltr'>mbulu</span> <span class='ocrx_word' id='word_1_299' title='bbox 568 3823 703 3870; x_wconf 83' lang='lat' dir='ltr'>Franelacl</span> <span class='ocrx_word' id='word_1_300' title='bbox 715 3825 830 3870; x_wconf 85' lang='lat' dir='ltr'>Barrettt</span> <span class='ocrx_word' id='word_1_301' title='bbox 843 3827 937 3876; x_wconf 76' lang='lat' dir='ltr'>erudio,</span> <span class='ocrx_word' id='word_1_302' title='bbox 948 3826 992 3880; x_wconf 83' lang='lat' dir='ltr'>qni</span> <span class='ocrx_word' id='word_1_303' title='bbox 1002 3823 1180 3870; x_wconf 74' lang='lat' dir='ltr'>lincareniae</span> <span class='ocrx_word' id='word_1_304' title='bbox 1197 3825 1304 3880; x_wconf 70' lang='lat' dir='ltr'>Prorerl</span> <span class='ocrx_word' id='word_1_305' title='bbox 1319 3827 1454 3878; x_wconf 83' lang='lat' dir='ltr'>anceeaait.</span> 
     </span>
     <span class='ocr_line' id='line_1_35' title="bbox 223 3897 1454 3954; baseline 0.002 -12"><span class='ocrx_word' id='word_1_306' title='bbox 223 3908 285 3942; x_wconf 84' lang='lat' dir='ltr'>aene</span> <span class='ocrx_word' id='word_1_307' title='bbox 296 3908 373 3953; x_wconf 84' lang='lat' dir='ltr'>qaam</span> <span class='ocrx_word' id='word_1_308' title='bbox 384 3905 506 3943; x_wconf 84' lang='lat' dir='ltr'>accurate</span> <span class='ocrx_word' id='word_1_309' title='bbox 517 3898 694 3954; x_wconf 85' lang='lat' dir='ltr'>eaqulalteque</span> <span class='ocrx_word' id='word_1_310' title='bbox 704 3897 836 3942; x_wconf 79' lang='lat' dir='ltr'>coniectas</span> <span class='ocrx_word' id='word_1_311' title='bbox 846 3909 904 3942; x_wconf 87' lang='lat' dir='ltr'>cum</span> <span class='ocrx_word' id='word_1_312' title='bbox 915 3897 970 3941; x_wconf 84' lang='lat' dir='ltr'>Rex</span> <span class='ocrx_word' id='word_1_313' title='bbox 980 3899 1133 3952; x_wconf 65' lang='lat' dir='ltr'>accepisset.</span> <span class='ocrx_word' id='word_1_314' title='bbox 1144 3899 1178 3942; x_wconf 87' lang='lat' dir='ltr'>ad</span> <span class='ocrx_word' id='word_1_315' title='bbox 1187 3909 1260 3944; x_wconf 83' lang='lat' dir='ltr'>auam</span> <span class='ocrx_word' id='word_1_316' title='bbox 1269 3898 1377 3943; x_wconf 82' lang='lat' dir='ltr'>Romam</span> <span class='ocrx_word' id='word_1_317' title='bbox 1385 3900 1454 3954; x_wconf 67' lang='lat' dir='ltr'>lega·</span> 
     </span>
     <span class='ocr_line' id='line_1_36' title="bbox 222 3967 1230 4023; baseline 0.001 -12"><span class='ocrx_word' id='word_1_318' title='bbox 222 3975 276 4012; x_wconf 91' lang='lat' dir='ltr'>tum</span> <span class='ocrx_word' id='word_1_319' title='bbox 286 3969 397 4022; x_wconf 85' lang='lat' dir='ltr'>mlalt...„</span> <span class='ocrx_word' id='word_1_320' title='bbox 407 3968 563 4023; x_wconf 80' lang='lat' dir='ltr'>Oauarnnrr,</span> <span class='ocrx_word' id='word_1_321' title='bbox 574 3967 591 4014; x_wconf 86' lang='lat' dir='ltr'>i.</span> <span class='ocrx_word' id='word_1_322' title='bbox 603 3979 634 4020; x_wconf 86' lang='lat' dir='ltr'>c.‚</span> <span class='ocrx_word' id='word_1_323' title='bbox 645 3969 689 4013; x_wconf 89' lang='lat' dir='ltr'>llb.</span> <span class='ocrx_word' id='word_1_324' title='bbox 699 3979 753 4021; x_wconf 78' lang='lat' dir='ltr'>xlv,</span> <span class='ocrx_word' id='word_1_325' title='bbox 763 3979 788 4012; x_wconf 88' lang='lat' dir='ltr'>n.</span> <span class='ocrx_word' id='word_1_326' title='bbox 800 3968 846 4022; x_wconf 79' lang='lat'>¹⁵²3</span> <span class='ocrx_word' id='word_1_327' title='bbox 858 3967 979 4017; x_wconf 79' lang='lat' dir='ltr'>Baarocr,</span> <span class='ocrx_word' id='word_1_328' title='bbox 989 3968 1007 4013; x_wconf 81' lang='lat'>1.</span> <span class='ocrx_word' id='word_1_329' title='bbox 1017 3980 1050 4018; x_wconf 76' lang='lat' dir='ltr'>c„</span> <span class='ocrx_word' id='word_1_330' title='bbox 1059 3969 1102 4013; x_wconf 90' lang='lat' dir='ltr'>lib.</span> <span class='ocrx_word' id='word_1_331' title='bbox 1114 3979 1150 4021; x_wconf 81' lang='lat' dir='ltr'>tv,</span> <span class='ocrx_word' id='word_1_332' title='bbox 1160 3981 1185 4013; x_wconf 91' lang='lat' dir='ltr'>n.</span> <span class='ocrx_word' id='word_1_333' title='bbox 1194 3969 1230 4012; x_wconf 73' lang='lat'>2⁹.</span> 
     </span>
    </p>

    <p class='ocr_par' dir='ltr' id='par_1_11' title="bbox 218 4039 1452 4748">
     <span class='ocr_line' id='line_1_37' title="bbox 261 4039 1452 4097; baseline 0.003 -13"><span class='ocrx_word' id='word_1_334' title='bbox 261 4040 273 4073; x_wconf 69' lang='grc' dir='ltr'>Ι</span> <span class='ocrx_word' id='word_1_335' title='bbox 299 4039 405 4086; x_wconf 86' lang='lat' dir='ltr'>Scilicet</span> <span class='ocrx_word' id='word_1_336' title='bbox 417 4039 487 4084; x_wconf 84' lang='lat' dir='ltr'>stae.</span> <span class='ocrx_word' id='word_1_337' title='bbox 498 4040 677 4094; x_wconf 81' lang='lat' dir='ltr'>Elisabetltac,</span> <span class='ocrx_word' id='word_1_338' title='bbox 689 4040 790 4094; x_wconf 82' lang='lat' dir='ltr'>viduae.</span> <span class='ocrx_word' id='word_1_339' title='bbox 802 4039 981 4096; x_wconf 66' lang='lat' dir='ltr'>Portunalllae</span> <span class='ocrx_word' id='word_1_340' title='bbox 997 4040 1113 4096; x_wconf 67' lang='lat' dir='ltr'>Reginae</span> <span class='ocrx_word' id='word_1_341' title='bbox 1124 4041 1248 4095; x_wconf 65' lang='lat' dir='ltr'>-azltur</span> <span class='ocrx_word' id='word_1_342' title='bbox 1264 4041 1308 4086; x_wconf 80' lang='lat' dir='ltr'>laic</span> <span class='ocrx_word' id='word_1_343' title='bbox 1323 4041 1356 4086; x_wconf 89' lang='lat' dir='ltr'>de</span> <span class='ocrx_word' id='word_1_344' title='bbox 1372 4043 1452 4097; x_wconf 84' lang='lat' dir='ltr'>culta,</span> 
     </span>
     <span class='ocr_line' id='line_1_38' title="bbox 220 4111 1452 4168; baseline 0.001 -11"><span class='ocrx_word' id='word_1_345' title='bbox 220 4124 296 4168; x_wconf 90' lang='lat' dir='ltr'>quem</span> <span class='ocrx_word' id='word_1_346' title='bbox 306 4113 365 4157; x_wconf 85' lang='lat' dir='ltr'>bule</span> <span class='ocrx_word' id='word_1_347' title='bbox 376 4121 484 4156; x_wconf 79' lang='lat' dir='ltr'>aeneiae</span> <span class='ocrx_word' id='word_1_348' title='bbox 495 4113 645 4158; x_wconf 78' lang='lat' dir='ltr'>deserebant</span> <span class='ocrx_word' id='word_1_349' title='bbox 656 4113 771 4166; x_wconf 87' lang='lat' dir='ltr'>luaitanl,</span> <span class='ocrx_word' id='word_1_350' title='bbox 781 4113 853 4167; x_wconf 83' lang='lat' dir='ltr'>priua</span> <span class='ocrx_word' id='word_1_351' title='bbox 860 4124 937 4168; x_wconf 85' lang='lat' dir='ltr'>quam</span> <span class='ocrx_word' id='word_1_352' title='bbox 946 4115 978 4156; x_wconf 87' lang='lat' dir='ltr'>ab</span> <span class='ocrx_word' id='word_1_353' title='bbox 986 4111 1092 4158; x_wconf 81' lang='lat' dir='ltr'>Urbano</span> <span class='ocrx_word' id='word_1_354' title='bbox 1100 4111 1162 4158; x_wconf 89' lang='lat' dir='ltr'>Vlll</span> <span class='ocrx_word' id='word_1_355' title='bbox 1170 4113 1262 4158; x_wconf 84' lang='lat' dir='ltr'>iaiaaat</span> <span class='ocrx_word' id='word_1_356' title='bbox 1269 4114 1295 4157; x_wconf 90' lang='lat' dir='ltr'>in</span> <span class='ocrx_word' id='word_1_357' title='bbox 1302 4120 1452 4158; x_wconf 84' lang='lat' dir='ltr'>aaactoram</span> 
     </span>
     <span class='ocr_line' id='line_1_39' title="bbox 219 4183 1452 4242; baseline 0.002 -13"><span class='ocrx_word' id='word_1_358' title='bbox 219 4185 307 4230; x_wconf 85' lang='lat' dir='ltr'>album</span> <span class='ocrx_word' id='word_1_359' title='bbox 317 4185 411 4228; x_wconf 87' lang='lat' dir='ltr'>relata.</span> <span class='ocrx_word' id='word_1_360' title='bbox 422 4183 503 4228; x_wconf 81' lang='lat' dir='ltr'>Porro</span> <span class='ocrx_word' id='word_1_361' title='bbox 513 4183 580 4230; x_wconf 76' lang='lat' dir='ltr'>“Leo</span> <span class='ocrx_word' id='word_1_362' title='bbox 591 4184 638 4230; x_wconf 77' lang='grc' dir='ltr'><strong>Χ...</strong></span> <span class='ocrx_word' id='word_1_363' title='bbox 649 4186 682 4229; x_wconf 86' lang='lat' dir='ltr'>ad</span> <span class='ocrx_word' id='word_1_364' title='bbox 692 4184 844 4230; x_wconf 80' lang='lat' dir='ltr'>instautlam</span> <span class='ocrx_word' id='word_1_365' title='bbox 856 4183 1031 4230; x_wconf 83' lang='lat' dir='ltr'>Emmanuelia</span> <span class='ocrx_word' id='word_1_366' title='bbox 1041 4185 1220 4241; x_wconf 65' lang='lat' dir='ltr'>portugalliae</span> <span class='ocrx_word' id='word_1_367' title='bbox 1234 4185 1328 4240; x_wconf 66' lang='lat' dir='ltr'>Regia,</span> <span class='ocrx_word' id='word_1_368' title='bbox 1338 4197 1385 4242; x_wconf 87' lang='lat' dir='ltr'>per</span> <span class='ocrx_word' id='word_1_369' title='bbox 1394 4197 1452 4242; x_wconf 87' lang='lat' dir='ltr'>par·</span> 
     </span>
     <span class='ocr_line' id='line_1_40' title="bbox 220 4255 1452 4312; baseline 0.003 -12"><span class='ocrx_word' id='word_1_370' title='bbox 220 4257 329 4301; x_wconf 88' lang='lat' dir='ltr'>ticulara</span> <span class='ocrx_word' id='word_1_371' title='bbox 340 4255 425 4300; x_wconf 80' lang='lat' dir='ltr'>Breve</span> <span class='ocrx_word' id='word_1_372' title='bbox 435 4257 563 4300; x_wconf 83' lang='lat' dir='ltr'>conceaait</span> <span class='ocrx_word' id='word_1_373' title='bbox 574 4257 640 4312; x_wconf 84' lang='lat' dir='ltr'>qnod</span> <span class='ocrx_word' id='word_1_374' title='bbox 652 4259 677 4302; x_wconf 91' lang='lat' dir='ltr'>in</span> <span class='ocrx_word' id='word_1_375' title='bbox 686 4257 804 4302; x_wconf 87' lang='lat' dir='ltr'>ecclealia</span> <span class='ocrx_word' id='word_1_376' title='bbox 814 4264 841 4302; x_wconf 85' lang='lat' dir='ltr'>et</span> <span class='ocrx_word' id='word_1_377' title='bbox 856 4256 1023 4302; x_wconf 84' lang='lat' dir='ltr'>monaateriia</span> <span class='ocrx_word' id='word_1_378' title='bbox 1038 4257 1156 4302; x_wconf 84' lang='lat' dir='ltr'>eivitatia</span> <span class='ocrx_word' id='word_1_379' title='bbox 1170 4265 1198 4302; x_wconf 87' lang='lat' dir='ltr'>et</span> <span class='ocrx_word' id='word_1_380' title='bbox 1213 4257 1339 4304; x_wconf 85' lang='lat' dir='ltr'>dioeceaia</span> <span class='ocrx_word' id='word_1_381' title='bbox 1352 4257 1452 4304; x_wconf 87' lang='lat' dir='ltr'>Conim-</span> 
     </span>
     <span class='ocr_line' id='line_1_41' title="bbox 219 4327 1451 4382; baseline 0.003 -10"><span class='ocrx_word' id='word_1_382' title='bbox 219 4327 346 4374; x_wconf 85' lang='lat' dir='ltr'>bricenaia</span> <span class='ocrx_word' id='word_1_383' title='bbox 356 4327 388 4372; x_wconf 87' lang='lat' dir='ltr'>de</span> <span class='ocrx_word' id='word_1_384' title='bbox 397 4327 446 4372; x_wconf 83' lang='lat' dir='ltr'>hac</span> <span class='ocrx_word' id='word_1_385' title='bbox 457 4329 536 4373; x_wconf 85' lang='lat' dir='ltr'>beata</span> <span class='ocrx_word' id='word_1_386' title='bbox 546 4328 646 4382; x_wconf 72' lang='lat' dir='ltr'>Regina</span> <span class='ocrx_word' id='word_1_387' title='bbox 659 4330 738 4374; x_wconf 86' lang='lat' dir='ltr'>aemel</span> <span class='ocrx_word' id='word_1_388' title='bbox 748 4329 775 4374; x_wconf 86' lang='lat' dir='ltr'>in</span> <span class='ocrx_word' id='word_1_389' title='bbox 788 4340 856 4374; x_wconf 83' lang='lat' dir='ltr'>anuo</span> <span class='ocrx_word' id='word_1_390' title='bbox 872 4330 1143 4375; x_wconf 82' lang='lat' dir='ltr'>commemorationem</span> <span class='ocrx_word' id='word_1_391' title='bbox 1160 4331 1203 4374; x_wconf 86' lang='lat' dir='ltr'>vel</span> <span class='ocrx_word' id='word_1_392' title='bbox 1219 4330 1330 4376; x_wconf 76' lang='lat' dir='ltr'>officium</span> <span class='ocrx_word' id='word_1_393' title='bbox 1343 4331 1451 4376; x_wconf 83' lang='lat' dir='ltr'>recitari</span> 
     </span>
     <span class='ocr_line' id='line_1_42' title="bbox 218 4399 1450 4457; baseline 0.002 -11"><span class='ocrx_word' id='word_1_394' title='bbox 218 4401 319 4452; x_wconf 87' lang='lat' dir='ltr'>liceret,</span> <span class='ocrx_word' id='word_1_395' title='bbox 331 4405 358 4445; x_wconf 88' lang='lat' dir='ltr'>et</span> <span class='ocrx_word' id='word_1_396' title='bbox 368 4401 395 4446; x_wconf 86' lang='lat' dir='ltr'>ln</span> <span class='ocrx_word' id='word_1_397' title='bbox 405 4410 494 4445; x_wconf 84' lang='lat' dir='ltr'>eoram</span> <span class='ocrx_word' id='word_1_398' title='bbox 504 4401 618 4445; x_wconf 86' lang='lat' dir='ltr'>locorum</span> <span class='ocrx_word' id='word_1_399' title='bbox 634 4401 751 4446; x_wconf 88' lang='lat' dir='ltr'>ecclealia</span> <span class='ocrx_word' id='word_1_400' title='bbox 764 4406 791 4444; x_wconf 92' lang='lat' dir='ltr'>et</span> <span class='ocrx_word' id='word_1_401' title='bbox 806 4400 932 4454; x_wconf 86' lang='lat' dir='ltr'>domibua,</span> <span class='ocrx_word' id='word_1_402' title='bbox 944 4402 1019 4456; x_wconf 78' lang='lat' dir='ltr'>iuxta</span> <span class='ocrx_word' id='word_1_403' title='bbox 1032 4401 1134 4457; x_wconf 86' lang='lat' dir='ltr'>plorum</span> <span class='ocrx_word' id='word_1_404' title='bbox 1150 4399 1263 4447; x_wconf 80' lang='lat' dir='ltr'>fidelium</span> <span class='ocrx_word' id='word_1_405' title='bbox 1278 4401 1450 4457; x_wconf 82' lang='lat' dir='ltr'>devotionem,</span> 
     </span>
     <span class='ocr_line' id='line_1_43' title="bbox 218 4471 1450 4530; baseline 0.003 -14"><span class='ocrx_word' id='word_1_406' title='bbox 218 4472 334 4529; x_wconf 74' lang='lat' dir='ltr'>alaudem</span> <span class='ocrx_word' id='word_1_407' title='bbox 344 4472 484 4527; x_wconf 67' lang='lat' dir='ltr'>imaginem</span> <span class='ocrx_word' id='word_1_408' title='bbox 493 4471 598 4528; x_wconf 67' lang='lat' dir='ltr'>depingi</span> <span class='ocrx_word' id='word_1_409' title='bbox 609 4473 705 4526; x_wconf 84' lang='lat' dir='ltr'>iacere,</span> <span class='ocrx_word' id='word_1_410' title='bbox 715 4483 747 4518; x_wconf 90' lang='lat' dir='ltr'>ac</span> <span class='ocrx_word' id='word_1_411' title='bbox 758 4472 831 4519; x_wconf 84' lang='lat' dir='ltr'>luam</span> <span class='ocrx_word' id='word_1_412' title='bbox 840 4472 909 4519; x_wconf 84' lang='lat' dir='ltr'>inter</span> <span class='ocrx_word' id='word_1_413' title='bbox 919 4473 986 4519; x_wconf 84' lang='lat' dir='ltr'>aliae</span> <span class='ocrx_word' id='word_1_414' title='bbox 995 4483 1145 4521; x_wconf 85' lang='lat' dir='ltr'>aanctorum</span> <span class='ocrx_word' id='word_1_415' title='bbox 1153 4474 1279 4530; x_wconf 67' lang='lat' dir='ltr'>lmaalnea</span> <span class='ocrx_word' id='word_1_416' title='bbox 1287 4477 1450 4528; x_wconf 71' lang='lat' dir='ltr'>reperierat</span> 
     </span>
     <span class='ocr_line' id='line_1_44' title="bbox 220 4543 1451 4604; baseline 0.002 -14"><span class='ocrx_word' id='word_1_417' title='bbox 220 4543 332 4590; x_wconf 83' lang='lat' dir='ltr'>Beatam</span> <span class='ocrx_word' id='word_1_418' title='bbox 341 4544 391 4590; x_wconf 83' lang='lat' dir='ltr'>coll</span> <span class='ocrx_word' id='word_1_419' title='bbox 401 4551 429 4590; x_wconf 93' lang='lat' dir='ltr'>et</span> <span class='ocrx_word' id='word_1_420' title='bbox 440 4545 581 4600; x_wconf 87' lang='lat' dir='ltr'>reputari...</span> <span class='ocrx_word' id='word_1_421' title='bbox 591 4543 674 4598; x_wconf 85' lang='lat' dir='ltr'>Quam</span> <span class='ocrx_word' id='word_1_422' title='bbox 684 4547 873 4590; x_wconf 86' lang='lat' dir='ltr'>conceaalonem</span> <span class='ocrx_word' id='word_1_423' title='bbox 883 4545 975 4590; x_wconf 86' lang='lat' dir='ltr'>deinde</span> <span class='ocrx_word' id='word_1_424' title='bbox 986 4545 1081 4591; x_wconf 80' lang='lat' dir='ltr'>Paulua</span> <span class='ocrx_word' id='word_1_425' title='bbox 1091 4545 1128 4591; x_wconf 88' lang='lat' dir='ltr'>lv</span> <span class='ocrx_word' id='word_1_426' title='bbox 1138 4547 1251 4603; x_wconf 89' lang='lat' dir='ltr'>[Joanne</span> <span class='ocrx_word' id='word_1_427' title='bbox 1261 4547 1297 4593; x_wconf 88' lang='lat'>111</span> <span class='ocrx_word' id='word_1_428' title='bbox 1312 4549 1451 4604; x_wconf 85' lang='lat' dir='ltr'>deprecan-</span> 
     </span>
     <span class='ocr_line' id='line_1_45' title="bbox 219 4615 1450 4675; baseline 0.003 -15"><span class='ocrx_word' id='word_1_429' title='bbox 219 4616 259 4671; x_wconf 82' lang='lat' dir='ltr'>ta]</span> <span class='ocrx_word' id='word_1_430' title='bbox 280 4615 396 4662; x_wconf 80' lang='lat' dir='ltr'>extendit</span> <span class='ocrx_word' id='word_1_431' title='bbox 407 4615 440 4660; x_wconf 88' lang='lat' dir='ltr'>ad</span> <span class='ocrx_word' id='word_1_432' title='bbox 451 4622 535 4662; x_wconf 85' lang='lat' dir='ltr'>totum</span> <span class='ocrx_word' id='word_1_433' title='bbox 545 4628 653 4672; x_wconf 67' lang='lat' dir='ltr'>reanum</span> <span class='ocrx_word' id='word_1_434' title='bbox 663 4617 865 4672; x_wconf 67' lang='lat' dir='ltr'>portugalliae,</span> <span class='ocrx_word' id='word_1_435' title='bbox 876 4617 943 4663; x_wconf 76' lang='lat' dir='ltr'>Acta</span> <span class='ocrx_word' id='word_1_436' title='bbox 953 4617 1125 4673; x_wconf 76' lang='lat' dir='ltr'>Sanctorum,</span> <span class='ocrx_word' id='word_1_437' title='bbox 1134 4620 1176 4664; x_wconf 87' lang='lat' dir='ltr'>dle</span> <span class='ocrx_word' id='word_1_438' title='bbox 1185 4631 1213 4664; x_wconf 81' lang='lat' dir='ltr'>tv</span> <span class='ocrx_word' id='word_1_439' title='bbox 1222 4619 1291 4673; x_wconf 85' lang='lat' dir='ltr'>Jalll,</span> <span class='ocrx_word' id='word_1_440' title='bbox 1300 4619 1322 4675; x_wconf 91' lang='lat' dir='ltr'>i,</span> <span class='ocrx_word' id='word_1_441' title='bbox 1334 4631 1359 4665; x_wconf 89' lang='grc' dir='ltr'>ιι.</span> <span class='ocrx_word' id='word_1_442' title='bbox 1371 4619 1391 4664; x_wconf 85' lang='grc'>1.</span> <span class='ocrx_word' id='word_1_443' title='bbox 1401 4619 1450 4674; x_wconf 82' lang='lat' dir='ltr'>Qui</span> 
     </span>
     <span class='ocr_line' id='line_1_46' title="bbox 219 4687 1448 4748; baseline 0.004 -16"><span class='ocrx_word' id='word_1_444' title='bbox 219 4687 333 4741; x_wconf 85' lang='lat' dir='ltr'>Joanaea</span> <span class='ocrx_word' id='word_1_445' title='bbox 343 4687 389 4742; x_wconf 88' lang='lat' dir='ltr'>Ill,</span> <span class='ocrx_word' id='word_1_446' title='bbox 400 4687 552 4734; x_wconf 84' lang='lat' dir='ltr'>Luaitaalae</span> <span class='ocrx_word' id='word_1_447' title='bbox 563 4687 617 4734; x_wconf 78' lang='lat' dir='ltr'>Rea</span> <span class='ocrx_word' id='word_1_448' title='bbox 628 4689 725 4734; x_wconf 81' lang='lat' dir='ltr'>“voluit</span> <span class='ocrx_word' id='word_1_449' title='bbox 736 4689 777 4735; x_wconf 79' lang='lat' dir='ltr'>lala</span> <span class='ocrx_word' id='word_1_450' title='bbox 787 4689 893 4736; x_wconf 84' lang='lat' dir='ltr'>bonoria</span> <span class='ocrx_word' id='word_1_451' title='bbox 902 4688 1135 4744; x_wconf 67' lang='lat' dir='ltr'>aitnilieatienlbaa</span> <span class='ocrx_word' id='word_1_452' title='bbox 1144 4691 1212 4736; x_wconf 81' lang='lat' dir='ltr'>iaaac</span> <span class='ocrx_word' id='word_1_453' title='bbox 1223 4703 1323 4748; x_wconf 82' lang='lat' dir='ltr'>qaoque</span> <span class='ocrx_word' id='word_1_454' title='bbox 1333 4691 1448 4748; x_wconf 55' lang='lat' dir='ltr'>mangi,</span> 
     </span>
    </p>
   </div>
   <div class='ocr_carea' id='block_1_7' title="bbox 0 0 1826 5350">
    <p class='ocr_par' dir='ltr' id='par_1_12' title="bbox 0 0 1826 5350">
     <span class='ocr_line' id='line_1_47' title="bbox 0 0 1826 5350; baseline 0 8"><span class='ocrx_word' id='word_1_455' title='bbox 0 0 1826 5350; x_wconf 95' lang='lat' dir='ltr'> </span> 
     </span>
    </p>
   </div>
  </div>
 </body>
</html>
