3642 5350
733 439 737 445 ·
775 421 953 484 'An'tono
985 441 990 449 ·
1438 424 1493 484 toa

322 568 409 634 1757.
453 566 525 635 Sub
540 566 649 650 hujus'
659 570 744 634 anni
757 570 862 634 finem
877 570 985 651 s'up'ra
1000 568 1283 651 expectationem
1297 567 1336 632 P.
1358 568 1492 634 Canisii

259 684 294 741 et
309 677 471 758 aliorum,
487 678 722 758 promovebat
740 676 915 742 Dominus
933 685 1136 741 nostrorum
1151 684 1301 741 conatus
1317 674 1491 755 Ingolsta-

259 781 319 863 dii,
336 793 371 849 et
385 802 489 851 suum
504 784 655 879 docendi
668 802 796 849 munus
813 802 943 866 magna
958 790 1048 849 cum'
1058 784 1271 849 auctoritate
1285 784 1399 849 nostri
1419 793 1491 849 tue·

257 893 399 972 bantur,
414 901 452 956 ut
467 893 575 957 etiam
585 893 764 957 lutherani
779 893 902 958 doctos
917 910 980 957 eos
993 901 1029 957 et
1039 892 1255 957 exercitatos
1265 891 1491 972 professores

258 1016 336 1063 esse
350 999 556 1081 faterentur,
573 1000 741 1082 adquam
757 1017 831 1063 rem
844 998 1047 1082 frequentes
1061 998 1330 1078 disputationes,
1354 1016 1446 1080 quae
1468 1018 1490 1064 a

261 1108 394 1171 nostris
420 1107 705 1186 instituebantur,
726 1109 938 1189 permultum
962 1106 1202 1187 conferebant;
1223 1116 1258 1170 et
1281 1106 1332 1171 ita
1356 1108 1492 1171 amicus

260 1210 461 1295 Societatis,
477 1224 512 1279 et
531 1215 786 1280 Universitatis
797 1225 980 1296 patronuS,
993 1213 1057 1279 Dr.
1070 1213 1246 1294 Hundius,
1258 1214 1490 1295 pollicebatur

260 1320 370 1386 Ducis
384 1321 538 1402 nomine,
559 1339 631 1386 non
651 1323 765 1386 solum
782 1323 827 1387 ad
842 1322 984 1386 scholas
999 1319 1239 1386 aedificandas
1258 1328 1420 1402 sumptus
1433 1338 1490 1386 ne·

259 1428 446 1509 cessarioS,
459 1447 585 1494 verum
599 1430 706 1494 etiam
717 1430 907 1509 ampliores
919 1439 1114 1511 proventus
1129 1428 1175 1493 ad
1190 1430 1310 1510 plures
1323 1428 1489 1508 collegia-

259 1537 312 1600 les
326 1536 590 1617 sustentandos,
606 1554 713 1619 quam
728 1536 773 1601 ab
788 1537 888 1601 initio
902 1537 1044 1601 fuerant
1058 1535 1252 1600 constituti.

322 1640 410 1706 1758.
454 1642 565 1708 Erant
584 1652 702 1709 autem
727 1642 775 1707 illi
796 1644 1080 1724 octingentorum
1102 1641 1330 1721 florenorum,
1350 1650 1492 1722 praeter

261 1750 394 1831 aliquot
408 1750 525 1815 modia
540 1750 707 1816 frumenti
721 1761 756 1815 et
777 1751 941 1831 siliginis;
957 1750 1021 1815 sed
1041 1759 1271 1830 augmentum
1290 1746 1492 1828 huJusmodi

259 1856 435 1922 redituum
449 1858 515 1923 hoc
531 1876 625 1923 anno
636 1857 772 1924 'sactum
787 1863 858 1923 non
874 1868 938 1923 est.
1146 1867 1148 1870 ’

322 1964 410 2029 1759.
452 1964 594 2029 Solebat
609 1966 695 2031 Dux
713 1984 757 2031 ex
776 1966 967 2030 venatione
985 1966 1118 2031 ferinas
1138 1982 1265 2029 carnes
1285 1964 1331 2029 ad
1346 1973 1492 2029 nostros

261 2072 412 2152 mittere,
435 2082 470 2137 et
491 2080 564 2137 tam
588 2072 634 2154 id,
652 2090 759 2155 quam
781 2073 984 2153 Augustani
1005 2072 1216 2153 Cardinalis,
1237 2072 1297 2154 qui
1317 2071 1363 2136 ad
1379 2071 1490 2137 Colle·

260 2180 359 2259 gium
379 2188 540 2245 nostrum
565 2180 789 2246 invisendum
813 2188 977 2259 venerat,
1004 2180 1119 2260 favor,
1139 2182 1328 2262 populares
1353 2179 1490 2243 animos

263 2303 335 2351 non
349 2303 475 2369 parum
491 2288 749 2353 commovebat.

322 2392 409 2459 1760.
454 2395 568 2460 Desiit
592 2398 699 2461 etiam
719 2395 757 2461 P.
779 2394 1023 2477 Coviglionius
1037 2398 1149 2479 queri,
1171 2404 1205 2461 et
1224 2396 1268 2461 de
1282 2394 1380 2460 abitu
1394 2394 1488 2474 cogi·

260 2508 349 2580 tare;
367 2501 448 2582 quia
463 2500 521 2566 ille
535 2512 569 2567 et
585 2504 645 2567 alii
660 2513 745 2584 potu
765 2504 974 2584 cerevisiae,
990 2521 1082 2585 quae
1096 2506 1218 2568 alvum
1237 2504 1347 2580 laxat,
1363 2501 1490 2567 melius

259 2606 383 2672 haberi
398 2618 590 2691 coeperunt
605 2607 625 2673 ¹.
643 2610 864 2693 Expectabat
886 2619 1005 2676 autem
1024 2627 1070 2676 ex
1088 2610 1354 2692 praedicatione
1369 2606 1406 2672 Ρ.
1423 2608 1489 2673 Ca·

259 2715 371 2780 nisius
386 2716 556 2798 majorem
571 2717 724 2783 fructum
739 2719 775 2782 in
795 2718 900 2799 pagis
919 2719 1059 2799 vicinis,
1075 2736 1183 2800 quam
1197 2717 1233 2781 in
1248 2716 1326 2797 ipsa
1341 2717 1487 2780 civitate

259 2823 539 2902 ingolstadiensi.

321 2929 408 2996 1761.
451 2931 540 2996 Cum
556 2951 601 2997 ex
615 2931 715 2998 Italia
730 2935 766 2998 in
780 2933 1010 2999 Germaniam
1022 2933 1153 2998 rediret
1168 2931 1205 2997 P.
1224 2930 1391 2996 Canisius
1405 2948 1486 2996 cum

261 3035 297 3100 P.
313 3039 475 3120 Lanoyo,
492 3048 526 3105 et
541 3039 739 3123 Oeniponte
753 3043 957 3119 transirent,
975 3043 1131 3123 amplam
1145 3041 1243 3105 illam
1254 3042 1406 3122 collegii,
1423 3056 1486 3106 seu

259 3147 466 3211 monasterii
490 3147 579 3228 regii
600 3149 728 3213 molem
752 3149 869 3213 adbuc
883 3149 1068 3214 informem
1088 3146 1429 3229 animadverterunt,
1451 3158 1486 3213 et

260 3251 321 3316 vix
337 3260 418 3317 ante
433 3252 523 3319 duos
542 3271 655 3319 annos
675 3255 874 3321 aediticium
896 3256 1034 3323 absolvi
1052 3273 1156 3338 posse
1174 3255 1435 3336 existimarunt;
1451 3264 1486 3320 et

258 3358 308 3424 ita
323 3359 610 3442 intempestivum
623 3363 690 3443 ipsi
705 3362 893 3428 videbatur
905 3363 1002 3444 'apud
1018 3362 1151 3444 Regem
1166 3379 1275 3443 agere
1290 3363 1333 3427 de
1354 3363 1486 3428 nostris

260 3465 495 3548 Oenipontem
509 3467 521 3500 ¹
537 3469 743 3536 evocandis.
807 3479 811 3486 '

322 3575 409 3640 1762.
452 3575 609 3642 Dimisso
629 3586 745 3643 autem
766 3579 804 3644 P.
827 3578 989 3662 Lanoyo,
1011 3581 1071 3661 qui
1091 3580 1128 3644 in
1147 3577 1389 3645 Austriam'se
1404 3595 1484 3644 con·

258 3683 349 3763 tulit,
372 3684 448 3765 ipse
468 3683 669 3765 Augustam
687 3695 722 3751 et
742 3686 824 3752 inde
848 3687 1031 3769 Dilingam
1051 3688 1238 3768 accedens,
1259 3686 1486 3752 Cardinalem

258 3788 509 3870 Augustanum
533 3794 713 3874 salutavit,
738 3812 758 3858 a
781 3813 851 3876 quo
865 3795 1118 3860 humanissime
1137 3804 1317 3877 exceptus,
1338 3812 1419 3860 cum
1440 3811 1486 3858 ex

255 3900 441 3963 stomacho
455 3900 646 3981 laboraret,
663 3903 902 3967 valetudinem
916 3901 1047 3967 ibidem
1061 3903 1212 3968 curavit.

323 4005 411 4069 1763.
455 4005 545 4073 Cum
572 4016 691 4072 autern
719 4008 951 4074 Ratisbonam
976 4010 1177 4075 Cardinalis
1204 4009 1347 4075 tandem
1372 4011 1486 4076 iturus

258 4122 363 4194 esset,
380 4124 414 4178 et
429 4114 641 4196 Ingolstadii
654 4116 792 4182 Ducem
810 4117 987 4182 Bavariae
1006 4127 1100 4182 esset
1120 4118 1348 4198 allocuturus,
1364 4118 1403 4183 P.
1420 4119 1485 4184 Ca-

258 4221 387 4286 nisium
402 4223 567 4287 comitem
581 4224 648 4288 sibi
664 4241 741 4288 esse
756 4225 879 4306 voluit,
895 4233 931 4289 et
946 4242 1027 4290 cum
1041 4223 1085 4289 de
1104 4224 1321 4291 medicorum
1336 4229 1485 4292 consilio

257 4328 385 4397 ibidem
405 4329 598 4396 subsistere
619 4331 783 4397 Canisius
801 4331 972 4414 debuerit3
988 4333 1111 4398 abiens
1133 4333 1180 4398 ad
1201 4333 1345 4399 comitia
1364 4334 1486 4400 Cardi-

298 4535 306 4570 t
335 4535 407 4582 liaec
415 4539 441 4583 ln
451 4549 498 4582 ms.
510 4539 548 4582 sic
558 4540 689 4594 leguntur:
700 4540 789 4596 ...quio
800 4541 843 4585 7777
852 4544 878 4585 et
888 4541 940 4586 7777
951 4519 1034 4597 porus
1043 4542 1200 4596 cerevisiae,
1210 4553 1280 4599 quae
1294 4543 1388 4589 alvum
1401 4543 1488 4600 laxat,

257 4608 356 4654 ortelius
365 4607 464 4654 7776777
473 4613 626 4665 coeperunt.

296 4677 308 4710 ¹
335 4679 380 4726 lta.
394 4679 544 4738 Oeniponte
