3642 5350
805 425 869 485 Art.
891 425 962 485 tono
1441 427 1490 489 171

266 567 516 641 invocatione
543 570 705 637 stabilem
731 590 771 637 se
796 572 1007 652 ostenderet,
1040 573 1221 640 exercitiis
1247 573 1492 655 spiritualibus

266 676 431 757 peractis,
448 684 694 760 tempestatem
707 680 943 749 tentationum
957 682 1106 759 sedavit,
1128 690 1165 745 et
1186 681 1279 749 votis
1294 679 1373 747 Deo
1386 683 1490 749 emm

266 784 329 864 sis,
342 800 424 850 cum
438 800 569 867 magna
585 787 825 855 consolatione
839 796 875 852 et
888 788 1005 873 quiete
1019 787 1097 853 Deo
1111 788 1246 856 servire
1260 787 1377 869 coepit
1393 787 1414 853 ¹.

325 892 397 962 627.
439 891 575 961 Eodem
599 904 759 976 tempore
780 894 948 961 Vicarius
972 894 1204 975 Magistratus
1220 896 1424 977 genuensis,
1447 897 1492 963 de

265 1016 335 1080 quo
349 1000 513 1081 superius
526 1000 665 1081 enimus
674 999 699 1081 ¹,
711 999 845 1067 Doctor
860 1002 996 1070 scilicet
1009 1000 1243 1083 Philiarchus,
1259 1003 1319 1082 nui
1334 1004 1491 1073 animum

267 1107 312 1183 ad
327 1104 541 1179 Societatem
555 1105 745 1191 adiecerat,
761 1116 930 1181 ettamen
943 1109 1100 1175 nondum
1114 1127 1136 1173 a
1150 1110 1303 1183 vinculis
1316 1109 1423 1182 officii
1435 1112 1493 1182 aui

265 1230 305 1283 se
324 1214 547 1296 expedierat,
572 1214 831 1295 impedimentis
853 1214 1006 1299 rejectis,
1031 1216 1182 1285 Romam
1205 1217 1251 1287 ad
1276 1216 1492 1291 Societatem

266 1322 374 1387 venit.

324 1430 396 1500 628.
440 1430 592 1512 Quidam
614 1431 704 1498 alius
718 1430 861 1513 juvenis
880 1433 1008 1501 nobilis
1031 1450 1077 1499 ex
1095 1432 1323 1500 Adornorum
1343 1433 1489 1513 familia,

265 1555 370 1621 quem
383 1538 548 1619 diximus,
571 1539 749 1605 ascholis
772 1548 982 1607 revocatum
996 1539 1020 1621 ⁸,
1043 1541 1151 1608 tacite
1171 1558 1301 1607 navem
1322 1558 1492 1611 conscen-

266 1645 361 1713 disse
379 1656 418 1713 ut
436 1646 588 1715 Romam
612 1647 761 1724 veniret,
789 1646 881 1713 Pisis
904 1647 1157 1729 deprehensus,
1182 1648 1347 1715 detentus
1367 1657 1433 1729 est,
1455 1659 1491 1715 et

265 1754 431 1836 quamtis
455 1751 530 1835 eius
554 1761 668 1820 mater
692 1763 728 1819 et
751 1770 843 1821 avus
867 1771 1080 1823 consensum
1100 1756 1323 1837 praeberent,
1345 1756 1490 1838 quidam

265 1869 385 1929 tamen
399 1860 475 1943 ejus
489 1870 649 1944 patrum,
663 1860 851 1943 diiigenter
861 1879 944 1929 eum
954 1880 1127 1930 revocare
1137 1862 1272 1930 studuit
1281 1872 1317 1929 et
1327 1872 1366 1929 ut
1376 1881 1399 1927 a
1411 1879 1491 1945 pro·

265 1969 381 2051 posito
399 1968 604 2048 diverteret,
620 1968 806 2052 Neapolim
820 1969 866 2034 ad
888 1980 1128 2038 mercaturam
1147 1970 1384 2039 exercendam
1408 1988 1490 2041 eum

263 2074 390 2144 deduci
401 2076 507 2158 jussit
521 2093 584 2155 per
597 2076 787 2159 quemdam
801 2077 909 2143 alium
923 2078 1000 2159 ejus
1013 2078 1318 2159 comanguineum
1332 2074 1357 2143 ⁸.

286 2194 294 2209 ·
323 2182 395 2249 629.
437 2183 602 2253 Dominis
616 2182 727 2249 Paulo
741 2182 852 2249 Doria
866 2202 908 2253 ac
928 2184 1076 2251 Nicolao
1090 2184 1189 2252 Sauli
1202 2184 1226 2265 ⁸,
1246 2193 1285 2253 ut
1298 2185 1491 2251 benemeri-

264 2290 311 2359 tis
335 2292 379 2357 de
403 2292 591 2370 Societate,
621 2292 899 2359 communicavit
924 2291 962 2357 P.
982 2292 1141 2373 [gnatius
1169 2291 1359 2358 Societatis
1383 2293 1489 2369 bona,

265 2399 358 2481 quod
373 2399 460 2481 ipsis
474 2415 540 2481 pro
556 2398 730 2478 singulari
744 2399 837 2463 dono
849 2397 926 2463 fuit.
941 2400 1043 2465 Multi
1054 2399 1197 2481 quidem
1206 2399 1490 2468 benevolentiam

263 2506 475 2575 exhibebant
489 2504 658 2573 societati
673 2524 718 2571 ex
733 2506 923 2587 primariis,
944 2504 1007 2571 sed
1022 2506 1128 2587 pauci
1149 2506 1195 2573 ad
1216 2524 1325 2587 opera
1344 2523 1489 2587 progre-

265 2612 571 2686 diebantur.1nter
586 2613 652 2684 bos
663 2623 740 2684 etat
754 2613 929 2686 Dominus
942 2613 1121 2680 Antonius
1131 2613 1256 2694 Dorie,
1271 2614 1331 2697 qui
1346 2613 1490 2686 domum

265 2721 311 2790 ad
325 2731 467 2789 nostros
481 2721 686 2789 invisendos
700 2721 810 2802 venit,
826 2730 861 2786 et
875 2738 1095 2802 magnopere
1106 2721 1383 2798 commodiorem
1395 2722 1490 2790 habi·

264 2830 435 2896 tationem
449 2829 583 2898 nostrie
592 2848 631 2897 se
646 2836 772 2910 optare
784 2828 936 2909 dicebat,
949 2829 1044 2912 quod
1054 2827 1268 2896 desiderium
1278 2846 1360 2896 cum
1370 2830 1492 2899 multis

265 2937 345 3014 aliis
359 2937 409 3006 illi
424 2954 612 3004 commune
625 2945 714 3006 erat.

323 3043 395 3110 630.
439 3044 611 3126 Quamvis
625 3045 796 3114 exercitia
810 3045 1009 3128 spiritualia
1028 3046 1148 3112 multis
1167 3046 1317 3128 proponi
1331 3046 1370 3113 Ρ.
1387 3045 1489 3127 lgna

265 3152 334 3218 tius
354 3153 680 3234 commendaverat,
701 3161 846 3234 propter
869 3153 1046 3222 deiectum
1067 3152 1193 3222 domas
1211 3163 1247 3218 et
1271 3153 1488 3236 temetipsa

263 3259 402 3328 difficile
416 3261 514 3342 Patri
533 3260 658 3330 Loarti
678 3259 877 3329 videbatur.
900 3260 1032 3344 Aliqua
1050 3270 1169 3328 tamen
1188 3261 1360 3329 exercitia
1383 3261 1490 3328 modo

306 3539 314 3572 ¹
329 3537 409 3584 little
420 3550 511 3584 nomen
520 3539 599 3586 initae
615 3539 719 3584 vitietur
732 3539 894 3594 Woiiangns.
911 3539 1048 3584 Scribebat
1064 3540 1140 3594 enim,
1152 3549 1185 3582 ex
1195 3550 1270 3593 eom„
1279 3539 1407 3584 Polances
1418 3530 1491 3584 Patri

160 3639 164 3646 -
263 3610 363 3658 Loarte
372 3611 423 3656 11·
432 3611 577 3657 Februarii:
587 3611 761 3667 “Risponderb
770 3621 816 3666 per
826 3617 916 3666 queste
927 3623 943 3655 a
953 3612 1036 3666 quelle
1051 3612 1098 3654 cite
1112 3610 1252 3656 babblamo
1266 3611 1291 3655 di
1302 3610 1335 3655 V.
1346 3611 1377 3655 li.
1388 3612 1421 3656 de
1429 3611 1458 3654 21
1468 3611 1493 3654 tii

264 3681 388 3730 Gennaro
398 3695 414 3728 a
422 3683 451 3730 bi
459 3684 503 3729 del
511 3690 639 3739 presente.
650 3681 684 3728 Et
694 3683 872 3729 comineiando
881 3683 916 3729 ‹la
929 3684 1065 3738 nolam,
1078 3694 1109 3728 aa
1122 3694 1172 3728 non
1186 3683 1205 3728 ii
1219 3686 1316 3738 patera
1330 3683 1379 3728 elie
1392 3683 1415 3727 al
1429 3683 1494 3726 aisti

264 3759 339 3808 coeti,
354 3757 380 3800 lo
394 3756 480 3800 mendi
495 3755 521 3800 in
534 3755 618 3802 Roma
631 3755 704 3802 accio
718 3756 788 3811 poesi
799 3756 893 3800 visitas
904 3757 929 3800 le
939 3755 1025 3800 cleleee
1034 3761 1062 3802 et
1072 3755 1242 3810 cnadagnare
1252 3755 1276 3800 le
1286 3755 1394 3800 stationi
1403 3761 1430 3798 et
1441 3755 1494 3799 aiu-

264 3826 331 3875 imi
340 3825 382 3872 ira
390 3827 428 3882 gli
439 3825 502 3872 altri
511 3825 553 3870 tlel
562 3835 608 3871 ano
617 3835 718 3881 paean„

303 3896 316 3934 1
342 3897 410 3944 Vltle
420 3907 508 3954 nupta,
520 3901 539 3942 t.
549 3910 576 3952 v,
586 3909 647 3952 pag.
658 3898 705 3950 itt.
715 3909 740 3944 n.
748 3897 855 3946 ata-ln
865 3896 963 3944 litteris
971 3908 989 3943 a
998 3897 1119 3950 Polancn,
1129 3907 1163 3942 ex
1176 3907 1253 3947 cone..
1265 3895 1372 3951 acrlptle
1387 3894 1494 3946 lienosi

263 3969 394 4018 Geumi
406 3970 430 4012 tt
439 3967 509 4025 itali.
519 3969 669 4024 appellatur
678 3969 721 4014 hle
731 3970 753 4014 ii
759 3969 862 4018 turario
871 3970 916 4017 del
922 3969 1046 4017 foreste.
1053 3969 1089 4015 “11
1097 3969 1197 4016 vicario
1206 3969 1248 4016 del
1255 3968 1367 4015 Potane
1375 3971 1390 4014 e
1398 3977 1493 4018 veneto

262 4047 289 4091 at
299 4043 335 4088 ba
343 4041 448 4097 pariam
456 4051 504 4086 con
513 4041 608 4088 Nostro
618 4041 704 4088 Patre
714 4053 727 4086 e
738 4043 779 4088 eol
789 4043 817 4088 Ρ.
828 4041 904 4090 litto.
915 4041 1029 4100 Laynez.
1039 4041 1089 4088 Dio
1099 4041 1195 4088 Nostro
1205 4039 1300 4096 sigum
1314 4039 1334 4086 ll
1349 4039 1392 4087 dia
1405 4041 1495 4096 aratia

264 4112 291 4160 til
301 4113 623 4170 larbaonarlaolntionen,

301 4183 314 4216 ⁸
341 4183 434 4240 Sapra,
444 4194 506 4240 pap.
518 4185 566 4236 itt,
578 4195 602 4230 n
610 4183 659 4232 did·

301 4257 315 4302 1
340 4254 634 4310 DebocitaPolancne,
644 4265 678 4302 ax
692 4267 758 4303 cem
773 4257 879 4305 Rectori
894 4259 1032 4304 Genaenn:
1047 4259 1138 4305 “cirea
1153 4261 1212 4315 quel
1225 4260 1344 4314 plovene,
1356 4263 1452 4315 nepem
1467 4259 1493 4306 di

260 4325 337 4380 utro.
345 4325 494 4376 Franceece.
502 4328 617 4380 Adoreo.
628 4327 650 4376 ci
661 4329 695 4374 da
705 4330 838 4384 meelate
848 4330 1013 4376 edificatione
1027 4331 1161 4377 intendere
1170 4332 1189 4376 ll
1198 4342 1245 4375 eno
1260 4331 1426 4378 desideriunt
1441 4341 1495 4374 aer·

261 4401 319 4444 vire
334 4410 350 4443 a
366 4398 439 4444 iddio
455 4409 481 4445 et
498 4401 581 4445 anche
597 4402 616 4445 ll
632 4412 756 4446 consenso
773 4403 843 4452 delia
860 4404 950 4449 madre
966 4415 1028 4454 ana
1044 4405 1091 4448 che
1108 4405 1135 4448 la
1152 4403 1292 4448 renitentia
1309 4404 1351 4447 dei
1368 4403 1423 4448 Zia.
1440 4403 1491 4448 Dio

262 4471 359 4516 Nostro
370 4469 478 4526 signore
489 4472 621 4527 sumenti
632 4473 650 4518 il
660 4484 707 4522 eno
724 4480 801 4520 santo
811 4475 879 4520 lame
890 4481 917 4519 et
927 4476 1148 4528 amorelntnttl
1159 4475 1207 4521 ln·
1215 4476 1325 4530 Aprilis.

306 4541 317 4573 ²
342 4541 373 4594 la
382 4541 427 4594 ila
440 4544 538 4600 ierim
553 4543 657 4592 halaa
666 4545 752 4594 Dorta
765 4555 797 4592 ce
811 4546 942 4598 Nicolaum
955 4547 1043 4596 Sauli
1056 4554 1085 4594 at
1098 4547 1289 4594 evidenaerror
1298 4548 1401 4593 librarii
1415 4552 1493 4592 eete-

263 4615 403 4664 caeam
416 4615 449 4664 de
462 4615 505 4664 tta
519 4613 659 4666 Societatle
673 4618 764 4669 amicit
777 4619 834 4674 agit
848 4619 976 4665 Polaticus
988 4619 1164 4677 repertoribus
1177 4620 1261 4676 annis,
1271 4620 1315 4666 nbi
1329 4631 1372 4664 rea
1382 4618 1495 4732 collegii

266 4685 412 4732 maenala
425 4686 597 4744 explicantur.
1340 4731 1343 4735 .
