3642 5350
361 396 413 455 112
818 392 947 454 Cnnon.
966 393 1044 453 Soc.
1070 392 1141 466 Jns.

360 542 456 605 tione
483 558 610 605 eorum
632 558 713 605 cum
738 540 828 619 anis,
854 536 915 623 dui
939 540 986 604 ad
1010 548 1170 604 nostram
1193 538 1417 618 disciplinam
1438 536 1485 601 e'x
1509 536 1588 600 aliis

363 650 495 713 scholis
509 646 748 714 convolabant
763 658 797 712 et
812 648 937 713 solutis
952 646 1142 712 admodum
1162 647 1321 712 moribus
1340 645 1586 725 cernebantur,

362 753 523 821 donec'et
537 758 604 839 ipsi
619 758 789 838 paulatim
804 758 1063 835 excolerentur,
1079 755 1177 819 cerni
1191 763 1342 837 poterat.

418 864 489 928 401.
533 863 665 929 Omnes
689 873 809 928 autem
829 865 938 928 semel
962 864 1112 943 singulis
1136 862 1333 940 mensibuS,
1356 860 1455 925 multi
1479 861 1586 924 etiam

360 972 509 1051 singulis
527 971 769 1051 hebdomadis,
792 970 1060 1050 confitebantur3
1085 978 1120 1033 et
1142 971 1235 1033 bona
1255 986 1302 1032 ex
1325 978 1438 1051 parte,
1459 968 1521 1049 qui
1539 967 1586 1031 acl

357 1076 570 1143 Societatem
581 1089 741 1144 nostram
753 1078 890 1142 admitti
901 1078 1102 1158 cupiebant,
1115 1094 1161 1141 ex
1172 1077 1300 1140 horum
1310 1092 1458 1140 numero
1469 1084 1585 1139 erant.

418 1185 489 1251 402.
532 1186 571 1251 In
586 1187 817 1251 renovatione
832 1186 1031 1250 studiorum
1050 1184 1241 1265 aquodam
1260 1200 1306 1247 ex
1318 1183 1451 1246 nostris
1463 1180 1588 1246 'oratio

360 1295 404 1359 de
418 1294 560 1358 vinculo
580 1302 614 1357 et
634 1293 881 1374 conjunctione
900 1292 1169 1373 disciplinarum
1190 1308 1262 1357 non
1282 1291 1358 1353 sine
1377 1306 1510 1369 magna
1530 1288 1590 1352 ad·

360 1400 556 1480 miratione,
583 1417 706 1463 eorum
731 1402 958 1480 praesertim,
984 1400 1111 1481 quibus
1134 1408 1260 1462 nostra
1283 1397 1382 1478 prius
1406 1399 1590 1461 nonsatis

359 1508 611 1590 probabantur,
623 1507 745 1571 habita
759 1518 812 1571 est
827 1518 861 1571 et
876 1508 1040 1588 dialogus
1054 1509 1162 1586 etiam
1175 1516 1427 1589 consequutus,
1442 1504 1543 1586 cujus
1553 1513 1589 1568 et

359 1616 507 1679 aliorum
522 1616 589 1678 hoc
604 1632 697 1679 anno
712 1624 873 1679 actorum
886 1626 1136 1695 argumentum
1155 1616 1201 1679 ad
1217 1632 1355 1679 morum
1369 1613 1588 1679 aedificatio-

361 1740 441 1786 nem
461 1722 669 1802 pertinebat;
695 1732 729 1785 et
754 1732 873 1786 tantus
898 1732 975 1786 erat
999 1724 1035 1787 in
1061 1723 1224 1787 omnibus
1247 1723 1304 1786 his
1328 1722 1534 1803 applausus
1549 1728 1590 1784 ut

365 1830 497 1893 nemini
512 1846 581 1893 non
597 1829 819 1893 satisfactum
830 1830 1022 1894 videretur.

422 1934 493 2000 403.
537 1935 631 2000 Ante
650 1947 769 2001 tamen
781 1955 888 2017 quam
899 1936 989 2001 haec
1000 1937 1236 2018 tranquillitas
1247 1938 1469 2015 accessisset,
1485 1936 1589 1999 male·

363 2043 459 2107 dicta
485 2052 519 2107 et
544 2043 692 2125 injurias
716 2046 846 2108 multas
869 2046 945 2126 pati
969 2054 1111 2109 nostros
1132 2046 1301 2125 oportuit;
1327 2045 1391 2109 sed
1406 2045 1589 2120 veritasa

364 2150 575 2231 quibusdam
604 2169 790 2233 oppressa,
820 2154 931 2217 eluxit
951 2154 1106 2217 tandem.
1133 2152 1321 2218 Exhibitae
1346 2153 1529 2218 molestiae
1555 2151 1592 2215 in

367 2258 649 2323 aedificationem
668 2260 811 2323 tandem
831 2277 894 2340 per
915 2261 1122 2341 patientiam
1143 2269 1337 2326 cesserunt.
1361 2260 1406 2323 Et
1427 2258 1592 2341 quamvis

364 2367 475 2446 multi,
492 2367 624 2431 nostris
640 2368 859 2445 inconsultis
881 2368 1117 2447 patrocinium
1131 2367 1318 2433 Societatis
1339 2367 1589 2450 suscipiebant,

365 2473 455 2538 nihil
469 2483 588 2538 tamen
603 2475 718 2555 magis
733 2492 839 2556 quam
854 2492 913 2539 res
926 2475 1004 2557 ipsa
1019 2473 1126 2557 [eam]
1142 2474 1308 2540 defendit.

424 2580 494 2644 404.
537 2580 615 2646 Hoc
631 2583 836 2663 singillatim
850 2584 980 2647 dicam:
994 2576 1180 2665 quodcum
1195 2594 1288 2648 esset
1301 2583 1436 2648 Perusii
1449 2582 1592 2665 quidam

364 2690 561 2754 litterarum
576 2692 823 2756 humaniorum
840 2691 1018 2773 professor
1034 2693 1124 2758 inter
1138 2693 1351 2774 praecipuos
1362 2692 1515 2772 habitus,
1531 2692 1593 2773 qui

365 2807 569 2862 nostrorum
589 2799 775 2863 conatibus
796 2799 972 2877 ob'stabat,
993 2809 1029 2864 et
1048 2818 1170 2866 eorum
1189 2801 1388 2865 doctrinam
1407 2799 1592 2881 aspernari

366 2921 477 2986 usque
508 2904 597 2969 adeo
627 2905 814 2971 videbatur
839 2915 877 2970 ut
905 2907 1040 2972 diceret
1067 2906 1164 2988 Mag.
1190 2909 1365 2990 Joannem
1398 2906 1594 2972 Antonium

366 3010 583 3093 Viperanum
595 3014 750 3076 scamnis
765 3015 1036 3094 praefecturam,
1053 3032 1133 3078 cum
1151 3015 1245 3079 inter
1264 3015 1424 3096 publicos
1438 3016 1592 3078 lectores

365 3119 619 3198 admitteretur,
636 3121 677 3198 is,
695 3120 849 3201 inquam,
867 3131 941 3186 tam
955 3123 1047 3185 male
1060 3121 1237 3187 divinavit
1246 3123 1339 3203 quod
1350 3123 1507 3187 futurum
1515 3130 1597 3184 erat

368 3235 406 3289 ut
421 3227 601 3290 contrario
616 3244 762 3307 prorsus
778 3227 882 3291 modo
897 3245 955 3292 res
971 3230 1141 3293 evenerit.
1163 3229 1343 3310 Quantum
1363 3229 1456 3293 enim
1472 3229 1597 3292 existi·

369 3333 534 3397 mationis
563 3333 658 3413 Mag.
685 3335 813 3418 Joanni
838 3333 996 3400 Antonio
1019 3335 1226 3416 accedebat,
1249 3345 1387 3400 tantum
1413 3335 1595 3417 praedicto

369 3440 563 3521 professori
577 3440 838 3522 detrahebatur;
860 3452 896 3507 et
917 3457 998 3507 cum
1016 3443 1147 3508 florens
1165 3444 1379 3508 auditorium
1398 3459 1546 3508 numero
1561 3449 1596 3505 et

369 3548 550 3612 nobilitate
577 3548 672 3629 Mag.
699 3550 854 3633 Joannes
877 3550 1054 3616 Antonius
1074 3551 1221 3616 haberet
1243 3552 1334 3616 etin
1359 3552 1434 3615 dies
1460 3567 1597 3616 cresce·

369 3665 435 3736 ret,
452 3654 631 3736 professor
645 3657 702 3720 ille
717 3675 797 3722 cum
811 3657 925 3722 tribus
946 3675 1034 3739 pene
1054 3659 1274 3749 auditoribus
1293 3659 1438 3722 relictus
1456 3656 1532 3737 fuit,
1551 3656 1597 3720 ad

370 3781 474 3844 quem
499 3773 537 3827 ut
562 3763 606 3827 ad
632 3766 813 3830 oraculum
838 3765 937 3844 prius
971 3765 1097 3830 harum
1122 3767 1317 3831 litterarum
1341 3764 1491 3829 studiosi
1515 3780 1597 3827 con·

370 3869 534 3935 fluebant.
1372 3931 1375 3935 .

431 3977 500 4042 405.
545 3979 688 4044 Timens
702 3989 821 4046 autem
831 3982 889 4045 ille
900 3999 944 4045 ne
955 3981 1131 4063 stipendio
1143 3982 1250 4046 etiam
1261 3981 1474 4063 privaretur,
1487 3978 1598 4042 multa

371 4084 461 4150 falso
476 4095 601 4150 contra
615 4096 758 4152 nostros
778 4098 1029 4170 praeceptores
1049 4089 1086 4154 in
1106 4091 1236 4170 vulgus
1255 4087 1512 4153 disseminavit.
1536 4086 1598 4151 Ce-

372 4203 487 4258 terum
505 4203 723 4275 provocatus
744 4203 782 4259 ut
802 4213 924 4260 coram
944 4196 1146 4261 hominibus
1168 4196 1316 4260 eruditis
1337 4196 1380 4259 de
1402 4195 1599 4259 eruditione

374 4301 485 4382 ipsius
499 4311 533 4366 et
549 4313 750 4368 nostrorum
765 4303 960 4386 periculum
974 4303 1051 4368 fieri
1066 4305 1183 4384 vellet,
1199 4303 1379 4368 recusavit
1391 4304 1449 4369 ille
1461 4303 1550 4394 adeo
1562 4312 1600 4366 ut

373 4425 442 4488 quo
465 4409 582 4473 animo
605 4411 752 4474 dixisset
772 4421 877 4493 atque
896 4414 1028 4492 egisset
1048 4412 1167 4495 aliqua
1185 4421 1310 4476 contra
1331 4420 1474 4475 nostros
1492 4409 1600 4473 omni·

375 4517 439 4578 bus
449 4513 523 4594 jam
538 4527 758 4596 compertum
782 4535 860 4582 esse
885 4517 1082 4599 videretur;
1104 4528 1138 4582 et
1161 4519 1249 4584 adeo
1268 4519 1361 4583 bona
1382 4516 1598 4583 existimatio

373 4631 575 4687 nostrarum
591 4624 793 4688 scholarum
809 4626 922 4690 crevit
944 4635 981 4689 ut
1001 4635 1119 4691 actum
1139 4627 1185 4691 sit
1204 4627 1296 4690 inter
1317 4627 1426 4705 viros,
1449 4642 1600 4707 quorum
