3642 5350
355 409 393 468 nb
495 437 498 447 ·
803 409 932 469 Canon.
958 408 1039 467 Soc.
1065 408 1136 481 Jns.

413 551 484 617 203.
528 553 686 616 Fuerunt
701 569 788 632 ergo
805 553 986 616 consectae
1005 554 1178 618 ecclesiae
1197 564 1334 634 portae,
1355 553 1481 635 quibus
1496 555 1589 618 indi-

353 661 471 740 gebat,
504 669 538 724 et
564 677 660 723 novo
686 661 891 740 pavimento
916 661 1076 724 latericio
1104 671 1287 725 constrata
1314 672 1384 740 est,
1413 671 1448 724 et
1473 672 1586 726 totum

356 769 524 850 templum
550 767 697 830 interius
722 768 934 830 dealbatum.
962 767 1145 846 Quaedam
1173 778 1291 832 autem
1316 769 1441 832 domus
1466 769 1586 832 vicina

352 875 524 938 ecelesiae
539 875 714 938 conducta
730 882 795 953 est,
812 875 858 937 ad
873 892 979 955 quam
994 873 1032 937 P.
1053 875 1205 938 Michael
1223 875 1379 939 Botellus
1397 876 1581 955 migravit;
1614 895 1618 902 ·

351 983 404 1046 sic
418 982 511 1045 enim
532 981 699 1062 expedite
719 983 835 1044 visum
856 991 909 1044 est
928 984 1058 1046 multas
1077 982 1124 1046 ob
1138 997 1277 1062 causas,
1298 993 1373 1046 tum
1392 983 1439 1046 ad
1458 983 1585 1047 decen·

350 1092 449 1168 tiam,
467 1099 540 1152 tum
555 1089 661 1152 etiam
677 1089 721 1152 ad
743 1090 964 1152 honestatem
983 1091 1210 1170 pertinentes;
1232 1100 1266 1152 et
1288 1089 1323 1152 id
1341 1093 1494 1170 populus
1509 1107 1581 1153 non

351 1213 477 1277 parum
491 1197 647 1277 optabat.
664 1195 787 1277 Itaque
800 1196 976 1275 vigesima
992 1206 1118 1277 quarta
1133 1196 1288 1276 Augusti
1306 1213 1348 1260 eo
1369 1197 1582 1277 commigra-

353 1302 414 1382 vit,
431 1312 525 1366 etex
541 1304 776 1386 eleemosynis
789 1305 907 1384 populi
925 1304 1046 1366 vivere
1061 1303 1187 1383 eoepit.
1204 1303 1278 1366 Nec
1292 1303 1500 1384 displicebat
1511 1305 1577 1382 eis,

351 1419 520 1490 tanquam
535 1411 765 1474 recreationis
779 1412 895 1475 locum
912 1421 946 1472 et
961 1409 1224 1473 confirmandae
1239 1411 1464 1489 valetudinis,
1487 1411 1582 1475 hunc

350 1518 468 1579 locum
485 1517 615 1580 assumi
631 1528 810 1598 tamquam
831 1517 1028 1581 membrum
1046 1515 1198 1581 Romani
1218 1516 1366 1597 Collegii
1388 1515 1410 1598 '3
1438 1527 1471 1580 et
1487 1535 1584 1598 pror·

351 1640 412 1685 sus
427 1623 488 1700 eis,
506 1623 564 1703 qui
580 1625 696 1703 capite
711 1624 932 1702 laborabant,
949 1633 1092 1702 propter
1107 1623 1201 1686 aeris
1219 1624 1409 1703 puritatem
1430 1625 1580 1688 multum

350 1731 574 1793 emolumenti
590 1731 741 1793 allatura
756 1729 844 1792 haec
861 1730 1034 1792 habitatio
1048 1728 1246 1792 videbatur.

410 1836 481 1900 204.
525 1837 687 1900 Habebat
702 1837 810 1900 etiam
825 1853 992 1916 magnam
1007 1837 1134 1917 quietis
1149 1837 1374 1900 occasionem
1386 1853 1428 1900 ea
1440 1837 1580 1914 civitas¹

351 1959 433 2006 cum
449 1951 551 2006 extra
571 1943 667 2007 viam
686 1943 806 2007 tritam
832 1945 868 2006 in
893 1944 1080 2007 Aemiliam
1102 1954 1137 2006 et
1162 1941 1450 2022 Longobardiam
1473 1959 1580 2021 esset,

352 2050 516 2131 quamvis
541 2051 703 2114 euntibus
729 2051 774 2114 ad
788 2051 1028 2114 Lauretanum
1053 2050 1248 2130 Collegium
1268 2061 1303 2112 et
1321 2049 1530 2114 Perusinum
1545 2063 1582 2115 et

350 2157 572 2220 commodior
587 2167 620 2220 et
634 2158 779 2221 brevior
795 2176 836 2220 ea
852 2159 912 2221 via
932 2157 1051 2220 sutura
1070 2157 1262 2220 dicebatur.
1287 2157 1330 2220 Et
1350 2159 1431 2238 quia
1452 2159 1582 2223 civitas

349 2273 495 2344 propter
515 2272 760 2344 paupertatem
780 2263 968 2328 aedificare
989 2281 1059 2327 non
1079 2273 1218 2344 poterat
1242 2263 1397 2344 domum,
1419 2265 1527 2342 illam,
1545 2267 1581 2328 in

349 2388 457 2452 quam
486 2369 524 2434 P.
556 2371 707 2434 Michael
736 2372 971 2449 migraverat,
1003 2370 1202 2434 conducere
1231 2371 1484 2450 decreverunt,
1519 2351 1580 2436 'cui

349 2494 479 2558 magna
495 2478 670 2558 quaedam
686 2480 811 2541 domus
826 2488 902 2540 erat
918 2477 1117 2557 coniuncta,
1140 2494 1230 2557 quae
1252 2477 1419 2541 trecentis
1440 2476 1581 2542 ducatis

347 2585 416 2648 emi
441 2601 544 2666 posse
570 2585 764 2649 dicebatur.
796 2585 840 2648 Et
869 2584 899 2647 si
927 2584 1122 2663 Collegium
1146 2582 1345 2647 Romanum
1374 2603 1420 2648 ex
1444 2586 1577 2649 nostris

347 2695 476 2756 multos
487 2693 654 2756 Ameriae
667 2692 867 2755 habiturum
879 2703 967 2771 erat,
984 2709 1055 2754 non
1068 2692 1131 2755 abs
1143 2710 1181 2755 re
1193 2692 1378 2755 videbatur
1390 2692 1420 2755 si
1433 2691 1575 2756 domum

347 2800 444 2863 illam
460 2808 603 2862 emeret.

407 2906 477 2970 205.
522 2906 688 2970 Mulieres
714 2908 904 2983 amerinae,
932 2923 975 2968 ac
997 2907 1204 2986 praesertim
1229 2905 1430 2986 religiosae,
1455 2907 1577 2970 multis

348 3013 568 3077 orationibus
592 3014 686 3093 apud
707 3012 822 3076 Deum
847 3014 1038 3091 instabant,
1062 3030 1142 3075 cum
1168 3022 1335 3091 ageretur
1360 3012 1577 3077 deecclesia

346 3120 407 3185 S.²¹
427 3120 568 3197 Angeli,
586 3133 624 3183 ut
639 3138 680 3182 ea
697 3120 926 3198 obtineretur;
947 3130 981 3181 et
1002 3136 1082 3182 cum
1101 3120 1281 3197 sacerdos,
1302 3119 1361 3199 qui
1384 3136 1464 3182 eam
1479 3121 1579 3199 prius

346 3227 561 3308 possidebat,
578 3227 677 3289 initio
693 3224 868 3289 difficilem
883 3242 921 3287 se
941 3224 1114 3302 redderet,
1136 3241 1177 3287 eo
1198 3224 1290 3305 quod
1312 3225 1454 3289 domum
1471 3227 1579 3290 aliam

347 3351 417 3397 non
432 3333 577 3395 haberet
592 3334 627 3397 in
643 3350 712 3413 qua
728 3334 915 3409 habitaret,
932 3333 1021 3395 civis
1041 3332 1184 3413 quidam
1209 3333 1352 3395 domum
1372 3333 1406 3395 ei
1424 3350 1577 3397 commo-

346 3441 428 3503 dam
444 3440 580 3517 obtulit,
597 3457 677 3520 qua,
696 3440 778 3502 dum
794 3438 944 3518 viveret,
965 3449 1133 3501 uteretur.
1198 3474 1202 3481 ·

406 3546 476 3610 206.
520 3546 688 3626 Deputati
703 3555 821 3610 autem
836 3546 1007 3626 praedicti
1023 3547 1034 3575 ¹
1049 3546 1182 3626 aliquot
1196 3546 1271 3609 vini
1289 3546 1383 3610 dolia
1403 3558 1438 3611 et
1457 3546 1575 3628 aliqua

346 3654 547 3717 necessaria
573 3662 722 3716 venturo
742 3650 895 3733 'collegio
920 3669 1049 3732 parare
1073 3652 1300 3733 incipiebant.
1324 3652 1431 3717 Pater
1456 3663 1575 3718 autem

345 3761 507 3840 Michael,
534 3770 675 3841 praeter
694 3760 970 3840 praedicationis
990 3759 1223 3823 ministerium
1242 3770 1277 3824 et
1295 3760 1456 3840 negotia,
1483 3778 1575 3842 quae

343 3868 389 3931 ad
405 3868 629 3931 obtinendam
645 3876 678 3930 et
694 3866 977 3930 concinnandam
992 3866 1179 3929 eeclesiam
1195 3884 1237 3930 ac
1253 3867 1398 3930 domum
1422 3869 1573 3949 pertine·

341 3976 438 4053 bant,
456 3975 536 4038 lieet
551 3974 830 4037 valetudinarius
845 3983 949 4052 esset,
965 3990 1036 4037 non
1056 3983 1194 4053 poterat
1214 3990 1316 4036 suam
1336 3990 1483 4054 operam
1498 3976 1574 4056 qui·

340 4080 503 4160 busdam,
520 4082 579 4161 qui
595 4081 626 4144 ei
641 4080 801 4143 confiteri
815 4080 994 4159 volebant,
1012 4080 1201 4159 denegare.

402 4186 473 4250 207.
518 4188 734 4267 Quibusdam
760 4188 867 4251 etiam
892 4187 982 4250 inter
1007 4205 1046 4251 se
1074 4186 1325 4251 dissidentibus
1350 4205 1393 4252 ac
1419 4190 1574 4254 inimicis

342 4349 553 4359 ...u-—

341 4434 366 4475 lo
376 4430 458 4474 heeho
469 4440 495 4471 se
506 4428 622 4481 suppllra
633 4438 705 4471 como
716 4428 796 4482 melon
804 4438 831 4471 se
839 4429 968 4484 pumera„
979 4428 1115 4483 Polancut,
1126 4438 1160 4473 ex
1169 4440 1234 4475 tom.
1245 4430 1303 4475 Vic.
1315 4431 1388 4484 Gen„
1398 4431 1446 4475 ll.⁰
1457 4432 1570 4487 Botello,

340 4500 500 4553 mauguin.

381 4574 388 4606 l
419 4570 485 4615 Vide
497 4580 584 4624 supra.
595 4580 655 4623 pag.
666 4570 701 4625 63,
712 4582 736 4612 ιι.
750 4570 795 4613 192.

380 4644 392 4677 ¹
420 4642 497 4687 Cives
508 4653 554 4686 sex
566 4653 582 4685 a
592 4642 776 4685 communitate
787 4642 925 4697 designati.
938 4642 1031 4696 Supra,
1042 4654 1066 4686 n.
1077 4642 1124 4686 200.
