3642 5350
786 417 847 476 Aa.
869 415 940 477 1556
1420 414 1472 474 127

245 560 339 640 gulis
353 562 532 625 mensibus
547 580 590 626 ac
609 580 748 644 panem,
765 564 853 627 nihil
873 582 894 627 a
914 561 1102 627 Cardinale
1122 562 1379 643 expectandum
1396 580 1475 626 esse

246 668 464 733 Licentiatus
479 668 659 735 Mercante
675 670 711 734 P.
729 670 948 752 Hieronymo
967 668 1243 749 significaverat.

305 776 376 840 463.
420 776 529 841 Paulo
544 788 733 859 postquam
748 779 993 857 migraverunt
1005 779 1041 842 in
1054 777 1241 842 ecclesiam
1252 776 1311 841 gn
1328 777 1420 855 Lilii,
1434 786 1472 840 ut

247 885 458 966 aperiendas
473 885 616 949 scholas
635 885 871 966 publicarent,
895 886 932 949 in
952 887 1082 966 templo
1102 884 1162 949 S.t¹
1190 883 1380 963 Dominici,
1403 901 1474 963 quo
1572 966 1576 971 ι

245 992 436 1072 praecipua
451 1008 535 1073 pars
549 992 705 1057 civitatis
721 1010 800 1057 curn
816 994 1037 1057 solemnitate
1056 992 1307 1070 conveniebat,
1330 991 1474 1072 scriptis

246 1097 360 1161 affixis
374 1098 617 1163 declararunt:
634 1116 747 1180 neque
762 1099 798 1162 id
813 1100 998 1162 monachis
1018 1099 1241 1179 displicebat;
1262 1117 1346 1163 nam
1368 1099 1473 1179 pauci

245 1204 294 1267 illi
308 1206 476 1284 religiosi,
493 1206 553 1286 qui
567 1203 670 1271 Senis
684 1193 764 1287 post
778 1207 868 1269 bella
884 1206 1009 1286 reliqui
1024 1206 1176 1285 fuerunt,
1194 1205 1298 1269 valde
1317 1206 1471 1269 benevo-

243 1312 296 1375 los
311 1309 481 1375 Societati
495 1328 534 1376 se
548 1314 772 1376 exhibebant.
795 1312 923 1377 Milites
943 1323 1063 1377 autem
1082 1322 1117 1376 et
1136 1314 1233 1377 cives
1252 1331 1323 1376 non
1344 1313 1380 1376 in
1401 1314 1469 1393 pri·

244 1419 337 1482 vatis
352 1427 490 1483 tanturn
504 1420 567 1483 sed
582 1420 617 1483 in
632 1421 874 1500 proximorum
889 1420 1043 1499 negotiis
1057 1422 1204 1484 multum
1220 1421 1271 1484 uti
1285 1438 1394 1501 opera
1410 1439 1470 1485 no·

242 1534 398 1590 strorum
413 1536 619 1607 coeperunt.

301 1632 372 1695 464.
415 1632 542 1698 Mulier
555 1634 731 1715 quaedam
743 1635 870 1698 nobilis
881 1652 1013 1715 genere
1025 1652 1105 1699 cum
1117 1635 1332 1714 gravissimo
1345 1636 1469 1699 morbo

241 1740 428 1804 duodecim
439 1738 513 1820 jam
528 1759 640 1805 annos
655 1743 862 1821 laborasset,
880 1743 1014 1807 nullum
1025 1741 1100 1821 jam
1112 1742 1179 1822 ipsi
1191 1741 1384 1806 remedium
1398 1760 1470 1806 me·

242 1846 401 1912 dicorum
416 1865 476 1911 ars
490 1849 641 1929 amplius
657 1848 869 1913 inveniebat.
886 1848 943 1912 Ab
958 1850 1027 1913 illis
1042 1866 1128 1929 ergo
1150 1850 1286 1927 relicta,
1307 1867 1388 1912 curn
1407 1868 1467 1913 no·

241 1962 396 2019 strorum
411 1955 605 2019 adventum
619 1956 656 2019 in
671 1974 750 2019 eam
772 1958 895 2020 urbem
915 1956 1143 2037 percepisset,
1159 1973 1222 2037 per
1243 1956 1404 2020 nuntium
1424 1958 1469 2020 ab

242 2062 294 2124 eis
308 2062 502 2143 postulavit
516 2072 555 2126 ut
574 2063 620 2127 ad
640 2082 678 2127 se
696 2063 921 2127 invisendam
944 2064 1053 2143 aliqui
1073 2065 1251 2142 venirent;
1274 2064 1367 2145 quod
1389 2082 1469 2128 cum

244 2170 358 2233 nostri
378 2169 525 2234 libenter
546 2170 713 2235 fecissent
731 2179 766 2235 et
786 2171 918 2235 hortati
938 2180 1057 2234 essent
1076 2182 1114 2233 ut
1135 2188 1234 2252 spem
1256 2172 1470 2235 valetudinis

244 2278 509 2357 recuperandae
523 2277 560 2341 in
574 2276 664 2357 Deo,
679 2286 718 2341 ut
730 2289 831 2358 patre
842 2278 1116 2342 clementissimo
1129 2291 1163 2341 et
1175 2277 1306 2358 optimo
1318 2278 1467 2354 medico,

243 2384 447 2463 collocaret,
463 2383 567 2449 fidem
582 2386 642 2449 illa
657 2384 938 2476 verbishabens,
960 2386 1111 2448 salutem
1131 2393 1322 2449 consecuta
1342 2394 1412 2448 est:
1434 2395 1469 2449 et

242 2492 367 2572 paucis
381 2501 462 2572 post
475 2492 608 2573 diebus,
625 2502 767 2574 praeter
783 2492 940 2556 omnium
954 2492 1167 2573 opinionem,
1181 2492 1216 2555 in
1227 2494 1395 2573 templum
1406 2509 1469 2554 no·

238 2606 350 2662 strum
364 2607 404 2662 ut
417 2597 499 2662 S.²¹1⁰
523 2598 655 2663 Christi
669 2599 827 2682 Corpore
842 2599 1046 2663 reficeretur
1065 2616 1104 2661 se
1119 2599 1278 2662 contulit.
1300 2598 1403 2680 Quod
1424 2617 1468 2663 eo

236 2706 481 2771 admirabilius
509 2709 626 2772 visum
653 2708 729 2788 suit,
759 2721 830 2789 quo
859 2709 934 2789 ejus
962 2709 1036 2770 vita
1065 2708 1181 2786 magis
1210 2708 1395 2788 deplorata
1420 2708 1465 2771 ab

237 2814 628 2894 omnibushabebatur;
645 2825 774 2879 etcum
790 2813 885 2879 sama
907 2833 970 2896 per
990 2816 1114 2879 urbem
1134 2823 1245 2878 totam
1265 2825 1464 2896 pervagata

235 2930 339 3000 esset,
356 2921 427 2986 dici
438 2939 459 2985 a
469 2921 682 2986 Senensibus
692 2923 841 3001 solebat,
854 2923 884 2986 si
897 2924 956 3003 qui
968 2922 1120 3002 longiori
1129 2922 1331 3002 etgraviori
1338 2924 1462 2986 morbo

235 3027 507 3107 afflictarentur,
538 3029 583 3093 ad
617 3039 817 3093 nostrorum
852 3030 1022 3093 auxilium
1050 3029 1240 3110 petendum
1271 3029 1464 3108 confugere

236 3135 374 3199 debere.

293 3241 364 3305 465.
408 3243 474 3307 Vir
487 3245 632 3325 quidam
651 3246 779 3309 nobilis
804 3253 839 3309 et
861 3245 957 3308 omni
982 3244 1211 3308 scientiarum
1236 3260 1378 3323 genere,
1399 3244 1462 3307 sed

233 3349 452 3430 potissimum
476 3351 742 3416 humanioribus
765 3352 902 3430 litteris,
925 3354 1098 3431 excultus,
1120 3368 1201 3414 cum
1221 3350 1264 3414 de
1285 3351 1461 3416 charitate

231 3465 433 3522 nostrorum
447 3459 652 3540 audivisset,
669 3460 833 3540 precibus
848 3469 886 3523 ut
898 3478 936 3523 se
949 3460 1143 3522 inviserent
1161 3458 1246 3537 egit;
1268 3457 1363 3538 quod
1378 3475 1459 3523 cum

231 3563 414 3644 fecissent,
442 3583 579 3630 summa
610 3568 852 3632 consolatione
879 3565 1027 3629 affectus
1052 3574 1086 3628 et
1113 3565 1299 3629 dilectione
1328 3581 1460 3644 magna

231 3679 374 3736 nostros
384 3690 613 3755 prosequens,
623 3675 742 3738 omnia
752 3674 934 3738 Ciceronis
946 3690 1054 3753 opera
1067 3680 1102 3735 et
1113 3673 1202 3736 alios
1210 3672 1318 3736 libros
1327 3674 1460 3736 nostris

231 3788 446 3859 opportunos
471 3780 639 3860 donavit;
664 3791 699 3845 et
729 3799 810 3846 curn
835 3780 932 3844 Patri
960 3780 1180 3860 Hieronymo
1205 3778 1349 3843 Rectori
1379 3796 1460 3843 cum

230 3901 359 3965 magna
374 3889 649 3968 compunctione
662 3887 844 3951 consessus
859 3897 964 3963 esset,
981 3888 1245 3967 eleemosynam
1263 3887 1295 3950 ei
1311 3887 1455 3967 elargiri

228 3992 351 4074 voluit;
366 3975 430 4057 sed
444 4013 525 4059 cum
539 4004 722 4060 recusaret
738 4011 816 4058 eam
836 3995 1011 4074 accipere,
1033 3993 1260 4068 nihilominus
1284 3993 1330 4057 ad
1345 3995 1456 4075 ipsius

226 4101 514 4180 consolationem,
536 4104 619 4184 quia
639 4103 743 4166 valde
762 4103 930 4180 instabat,
955 4103 1022 4165 hac
1035 4102 1236 4165 conditione
1249 4102 1399 4183 accepit,
1415 4112 1454 4167 ut

224 4209 436 4290 pauperibus
450 4221 627 4290 erogaret.
643 4212 703 4275 Ille
719 4219 836 4273 autem
852 4209 897 4273 ad
913 4208 1030 4273 omnia
1047 4219 1251 4272 nostrorum
1266 4209 1454 4274 commoda

223 4332 261 4379 se
285 4318 549 4397 paratissimum
579 4319 715 4383 obtulit.
743 4317 811 4382 Sed
837 4317 1079 4380 honestissimi
1105 4316 1204 4380 cives
1227 4317 1386 4398 plerique
1415 4319 1451 4382 in

224 4422 328 4487 rebus
342 4425 583 4506 spiritualibus
596 4437 631 4491 et
642 4427 850 4508 praesertim
862 4425 898 4488 in
910 4426 983 4487 suls
1000 4424 1145 4500 morbis,
1159 4425 1218 4504 qui
1235 4426 1303 4489 hac
1317 4435 1453 4489 aestate

223 4530 497 4610 frequentissimi
507 4534 660 4614 fuerunt,
673 4543 876 4598 nostrorum
898 4549 1006 4612 opera
1019 4529 1129 4609 adiuti
1146 4540 1240 4610 sunt3
1259 4549 1325 4594 nec
1340 4533 1453 4596 solum

223 4641 455 4706 consessionis
469 4642 598 4722 gratia,
615 4640 746 4706 sedvel
761 4638 1087 4724 componendarum
1102 4639 1217 4703 litium
1234 4640 1291 4702 vel
1307 4638 1454 4705 inimici·
