3642 5350
331 400 386 469 368
786 402 914 469 ennon.
934 406 1012 471 Soc.
1032 405 1106 485 Jes.

332 562 371 617 ut
385 552 555 633 patientia
569 554 655 635 ipsis
670 554 869 619 exercenda
884 557 1005 621 multis
1019 558 1057 621 in
1072 557 1179 621 rebus
1193 575 1265 622 non
1278 555 1397 640 fuerit;
1412 574 1498 624 nam
1510 574 1565 630 re<

332 660 478 739 ligiosos
492 660 626 725 ordinis
640 660 701 727 gn
721 660 899 728 Dominici
915 664 1009 744 apud
1024 662 1087 729 S.¹²¹
1102 663 1319 730 Clementem
1337 666 1562 749 invenerunt,

334 766 396 847 qui
407 768 563 831 nondum
577 768 659 833 inde
674 780 908 850 recesserant,
926 771 1090 853 quamvis
1105 789 1125 834 a
1141 771 1239 852 Rege
1251 790 1312 837 ore
1325 776 1469 855 proprio
1480 775 1564 840 luis·

334 884 412 938 sent
430 874 611 955 admoniti,
631 895 698 941 nec
716 881 828 941 lectos
846 895 972 949 omnes,
991 888 1053 942 aut
1071 891 1190 944 vestes
1212 880 1330 945 statim
1352 882 1484 947 habere
1502 900 1563 965 po·

333 990 489 1061 tuerunt,
514 982 621 1047 immo
646 984 760 1049 donec
780 1002 896 1048 novae
917 985 1188 1066 conficerentur,
1210 987 1305 1051 domi
1326 1006 1364 1052 se
1383 989 1564 1054 continere

335 1086 541 1154 debuerunt.

403 1199 488 1264 1545.
529 1202 641 1265 Laeto
655 1209 774 1264 tamen
791 1200 907 1263 animo
928 1208 962 1263 et
981 1201 1094 1264 alacri
1114 1218 1236 1265 omnes
1256 1210 1374 1281 erant,
1391 1213 1426 1267 et
1445 1220 1562 1268 move·

334 1311 394 1374 bat
409 1310 528 1373 divina
545 1307 683 1371 bonitas
699 1308 835 1389 aliquos
850 1307 995 1386 nobileS,
1009 1316 1046 1371 ut
1061 1308 1195 1388 vinum,
1213 1310 1419 1390 cervisiam,
1437 1328 1565 1375 carnes

335 1428 369 1482 et
383 1418 499 1498 pisces
514 1415 560 1478 ad
579 1431 641 1478 eos
661 1415 857 1493 mitterent;
878 1432 944 1478 nec
967 1415 1119 1494 amplius
1140 1433 1261 1480 rumor
1281 1417 1339 1480 ille
1360 1427 1487 1481 contra
1505 1434 1566 1481 no·

334 1535 438 1603 stroS,
460 1523 519 1605 qui
538 1522 637 1586 initio
662 1522 886 1586 increbuerat
912 1531 1056 1602 propter
1070 1540 1195 1587 eorum
1215 1524 1419 1604 adventum,
1442 1524 1567 1589 sentie-

336 1634 450 1697 batur.

398 1738 485 1801 1546.
528 1737 638 1803 Immo
667 1736 809 1801 scholas
839 1738 929 1802 satis
955 1737 1122 1802 florentes
1151 1738 1335 1803 habituros
1360 1739 1565 1819 sperabant,

337 1865 417 1911 curn
435 1845 534 1910 multi
552 1863 637 1909 suos
654 1844 747 1909 lilios
770 1862 790 1907 a
810 1846 943 1909 nostris
962 1846 1198 1909 instituendos
1218 1846 1395 1925 offerrent,
1419 1847 1526 1910 etiam
1546 1865 1568 1911 a

338 1953 586 2019 remotioribus
599 1953 699 2032 lociS,
717 1970 798 2017 cum
819 1970 989 2033 magnam
1010 1952 1199 2017 admodum
1222 1954 1506 2035 expectationem
1525 1955 1568 2017 de

337 2062 406 2125 illis
420 2060 624 2125 doctoribus
639 2078 682 2124 ac
698 2060 879 2139 magistris
895 2060 1154 2140 concepissent,
1175 2077 1264 2140 quos
1283 2061 1383 2141 regia
1398 2058 1568 2141 Maiestas

339 2166 409 2251 [ex]
425 2168 512 2232 locis
525 2177 599 2232 tam
614 2168 773 2248 procula
789 2167 957 2231 Bohemia
973 2168 1106 2232 dissitis
1118 2167 1344 2232 advocasset.

401 2276 487 2339 1547.
531 2275 703 2355 Quamvis
739 2284 858 2339 autem
891 2275 961 2338 duo
999 2275 1165 2339 doctores
1198 2275 1376 2355 theologi,
1416 2275 1577 2353 scilicet,

338 2383 405 2449 ΡΡ.
418 2383 594 2447 Henricus
605 2381 804 2463 Blysemius
816 2402 859 2446 ac
871 2382 1028 2463 Joannes
1039 2382 1198 2464 Tylanus
1210 2381 1219 2414 ¹
1232 2383 1339 2447 etalii
1352 2382 1480 2483 eruditi
1495 2400 1568 2446 ma·

338 2491 441 2573 gistri
452 2500 487 2555 et
500 2470 722 2571 theologicas
734 2500 768 2555 et
780 2491 1047 2571 philosophicas
1060 2491 1227 2554 lectiones
1239 2498 1383 2571 possent
1396 2490 1566 2571 profiteri;

339 2598 530 2663 convenire
556 2598 671 2678 magis
696 2597 796 2661 initio
821 2596 1021 2677 videbatur,
1047 2606 1086 2661 ut
1110 2599 1156 2661 ab
1182 2597 1311 2660 infimis
1332 2598 1568 2662 humanarum

338 2708 536 2771 litterarum
551 2706 724 2770 classibus
734 2705 850 2769 studia
862 2706 1126 2785 inchoarentur,
1140 2723 1220 2768 cum
1232 2706 1402 2786 perpauci
1414 2707 1569 2786 superio·

339 2831 417 2878 rum
431 2814 641 2878 facultatum
657 2812 848 2893 auditores
865 2823 899 2876 et
915 2813 990 2876 sine
1010 2813 1217 2877 inferiorum
1238 2812 1488 2893 fundamentis
1513 2830 1570 2877 ac·

340 2922 475 2986 cessuri
490 2921 705 2985 viderentur.
721 2920 853 3001 Magna
873 2922 966 2985 enim
988 2919 1178 2983 Bohemiae
1199 2920 1414 3000 ignorantia,
1437 2937 1570 3000 magna

341 3029 447 3092 etiam
461 3029 630 3092 librorum
645 3028 793 3108 penuria
813 3037 901 3108 erat;
923 3037 957 3091 et
979 3045 1051 3090 non
1066 3044 1192 3108 parum
1212 3028 1399 3090 molestum
1413 3028 1490 3091 lore
1508 3045 1569 3109 pa·

341 3137 453 3200 tronis
474 3135 621 3216 Collegii
643 3137 842 3214 videbatur,
866 3136 897 3199 si
921 3152 1122 3216 perpaucos
1147 3134 1327 3198 auditores
1354 3134 1400 3198 ad
1424 3135 1569 3199 scholas

340 3253 482 3308 nostras
492 3244 662 3307 accedere
674 3244 857 3324 vidissent;
871 3253 905 3306 et
919 3252 1037 3307 tamen
1049 3245 1218 3323 perpauci
1231 3242 1444 3323 expectandi
1452 3250 1564 3320 erant,

340 3353 370 3414 sl
385 3369 406 3414 a
421 3350 661 3430 superioribus
675 3349 903 3413 facultatibus
919 3350 1035 3413 studia
1049 3349 1199 3413 luissent
1213 3350 1393 3414 inchoata.

404 3457 490 3521 1548.
535 3457 615 3520 Non
629 3466 746 3520 autern
762 3457 989 3520 existimabat
1002 3455 1090 3534 Rex,
1103 3456 1164 3537 qui
1177 3456 1318 3536 Pragae
1331 3465 1417 3521 tunc
1433 3456 1569 3538 aderat,

340 3582 510 3646 magnum
524 3565 686 3628 favorem
701 3564 833 3627 nostris
848 3563 893 3627 ad
915 3563 1057 3627 scholas
1073 3563 1282 3643 aperiendas
1298 3562 1376 3626 dari
1391 3572 1569 3644 oportere;

341 3673 402 3738 sed
419 3671 535 3754 potius
551 3671 807 3735 modestissime
823 3669 938 3734 studia
954 3688 1032 3734 esse
1048 3670 1249 3734 inchoanda
1264 3679 1299 3733 et
1315 3671 1505 3751 humiliter,
1527 3688 1571 3735 ne

341 3781 439 3844 urbis
464 3789 499 3842 et
517 3777 769 3842 Universitatis
794 3778 986 3857 Pragensis
1011 3777 1121 3841 animi
1141 3778 1377 3856 irritarentur;
1403 3795 1487 3842 nam
1509 3777 1571 3841 vix

343 3889 492 3969 septima
517 3903 602 3966 pars
622 3886 804 3950 hominum
824 3886 1038 3949 catholicam
1058 3885 1268 3965 religionem
1291 3884 1431 3965 Pragae
1451 3902 1572 3966 seque·

343 3997 483 4059 bantur.
590 3997 593 4004 '

404 4101 491 4166 1549.
534 4099 644 4165 Immo
655 4099 1124 4165 licetmodestissimenostri
1136 4099 1380 4181 procederent,
1392 4100 1573 4164 acciderat

342 4220 390 4282 ut,
408 4209 553 4273 Missam
568 4209 769 4272 celebrante
784 4207 822 4272 P.
840 4207 982 4272 Canisio
997 4211 1033 4270 in
1045 4210 1201 4273 maximo
1217 4207 1334 4286 altari,
1347 4224 1436 4270 saxo
1453 4224 1515 4289 per
1526 4207 1573 4270 fe·

341 4329 498 4382 nestram
512 4317 683 4395 immisso,
700 4318 873 4382 salutatus
889 4318 1004 4397 luerit;
1021 4327 1056 4381 et
1070 4315 1196 4381 deinde
1218 4317 1255 4379 in
1277 4318 1368 4381 sesto
1383 4315 1573 4380 Ascensio·

286 4659 288 4666 y
384 4594 395 4629 ¹
421 4595 515 4640 Recole
526 4607 592 4651 quae
603 4595 713 4642 diximus
723 4607 810 4652 supra,
821 4608 881 4652 pag.
893 4597 926 4651 14,
936 4608 961 4640 n.
971 4597 1007 4651 al,
1017 4603 1104 4641 annot.
1115 4599 1135 4650 l;
1151 4609 1184 4641 ex
1194 4608 1244 4652 quo
1254 4597 1311 4642 loco
1324 4601 1429 4640 constat
1439 4596 1486 4640 hos
1496 4593 1574 4639 fuine

343 4667 456 4713 omnlum
465 4669 570 4725 primos,
582 4669 623 4723 qui
635 4669 659 4713 in
671 4669 787 4724 Colleglo
797 4669 913 4715 Romano
924 4669 1072 4725 theologiae
1083 4671 1173 4715 laurea
1184 4669 1272 4714 donati
1283 4673 1352 4713 sunt.
