3642 5350
785 426 849 495 Ali.
869 427 941 491 1556
1421 428 1473 489 751

246 573 387 639 hortum
401 581 560 639 nostrum
574 573 724 641 liberum
738 574 934 656 habebant;
950 576 1142 658 petendum
1155 592 1234 641 esse
1249 576 1476 657 privilegium

247 680 426 748 aSummo
444 680 615 748 Pontifice
633 683 869 749 Prouincialis
888 684 1049 765 petebat,
1069 702 1114 749 ne
1134 684 1170 749 in
1189 683 1345 766 quodam
1362 683 1480 765 spatio

248 805 358 871 prope
372 796 515 854 nostras
533 788 660 855 domus
682 789 774 856 aliae
791 799 937 872 possent
955 791 1058 873 erigi,
1077 808 1169 874 quae
1190 799 1420 873 prospectum
1442 790 1480 855 in

249 898 329 963 illas
344 897 526 963 haberent.
561 932 564 937 ‚

307 1002 398 1069 3249.
442 1002 533 1085 Quia
549 1003 586 1069 P.
603 1004 746 1070 Marcus
768 1004 945 1087 Georgius
966 1007 1004 1071 in
1023 1006 1264 1071 Universitate
1283 1005 1481 1072 Conimbri-

249 1111 345 1177 censi
359 1128 493 1193 magno
508 1114 545 1177 in
558 1112 689 1195 pretio,
711 1113 805 1194 quod
823 1112 869 1178 ad
887 1113 1149 1197 philosophiam
1169 1114 1313 1195 attinet,
1333 1114 1480 1179 habere·

248 1219 406 1299 tur;ideo
419 1219 511 1284 bona
522 1236 603 1284 cum
615 1220 720 1285 venia
732 1219 945 1299 Cardinalis,
957 1221 1077 1287 Ebora
1089 1220 1354 1289 Conimbricam
1365 1233 1480 1288 trans·

248 1328 341 1391 latus
354 1334 420 1407 est,
436 1335 474 1392 ut
488 1327 557 1392 hoc
572 1346 666 1391 anno
681 1343 825 1393 cursum
840 1328 971 1394 artium
985 1328 1185 1409 inchoaret,
1206 1328 1299 1395 sicut
1318 1329 1358 1395 P.
1378 1328 1481 1411 Igna·

249 1433 319 1498 tius
343 1432 533 1515 Martinez,
559 1435 619 1517 qui
641 1432 715 1515 J'am
739 1443 890 1516 quatuor
915 1452 1030 1501 annos
1053 1435 1257 1517 theologiae
1282 1436 1479 1517 studuerat,

253 1541 405 1606 Eboram
420 1539 465 1606 ad
480 1540 763 1624 philosophicum
777 1542 885 1608 etiam
896 1560 1052 1623 cursum,
1064 1544 1125 1624 qui
1140 1544 1208 1610 hoc
1224 1561 1319 1609 anno
1339 1543 1482 1609 inchoa·

252 1650 366 1729 batur,
383 1650 660 1731 praelegendum
675 1650 803 1715 missus
818 1660 871 1715 est
886 1650 991 1715 simul
1005 1668 1086 1715 cum
1100 1650 1140 1715 P.
1155 1651 1286 1731 Leone,
1302 1652 1363 1733 qui
1376 1668 1483 1717 casus

252 1756 509 1836 conscientiae,
536 1766 574 1822 ut
597 1756 753 1823 diximus
779 1756 800 1837 ¹,
821 1758 1065 1840 praelecturus
1084 1757 1096 1790 ⁸
1117 1767 1206 1824 erat.
1227 1759 1272 1824 Et
1294 1757 1482 1837 Rectorem

253 1863 552 1930 Conimbricensis
567 1864 715 1946 collegii
729 1864 897 1930 idoneum
910 1864 986 1930 fore
1000 1863 1039 1929 P.
1056 1866 1233 1945 ignatium
1252 1867 1296 1933 de
1315 1866 1483 1932 Azebedo

254 1973 458 2053 censebant;
475 1971 537 2037 sed
551 1973 677 2037 morbo
692 1972 806 2055 primo
826 1972 1027 2054 impeditus,
1042 1973 1170 2039 deinde
1189 1991 1277 2040 cura
1297 1974 1483 2057 vice-pro·

252 2078 416 2145 vincialis
431 2078 454 2159 ⁸,
471 2077 623 2144 officium
637 2078 723 2144 illud
737 2097 807 2144 non
823 2081 993 2162 suscepit,
1009 2080 1072 2144 sed
1086 2078 1125 2144 P.
1140 2079 1293 2146 Michael
1314 2081 1358 2146 de
1378 2080 1481 2161 Sosa;

253 2187 344 2253 sicut
356 2196 391 2252 et
405 2187 542 2252 Domus
556 2186 797 2268 professorum
808 2184 870 2251 sa
885 2186 1000 2251 Rochi
1012 2184 1279 2271 [Praepositusl]
1293 2187 1332 2254 P.
1343 2188 1483 2254 Emma-

252 2295 335 2359 nuel
349 2290 553 2375 R'odriguez
567 2305 621 2359 est
636 2295 792 2359 relictus.
805 2293 862 2358 Ad
873 2294 941 2359 has
952 2304 1070 2359 autem
1084 2296 1299 2361 mutationes
1309 2314 1484 2379 exequen-

252 2401 317 2466 das
329 2399 367 2465 P.
379 2400 582 2467 Ludovicus
593 2400 772 2466 Gouzalez
786 2401 1049 2467 Conimbricam
1067 2402 1198 2467 missus
1212 2411 1277 2469 est.

312 2508 403 2573 3250.
446 2508 558 2574 Auxit
572 2507 641 2574 hoc
656 2527 750 2573 anno
765 2508 900 2575 reditus
914 2510 970 2573 sui
983 2508 1134 2590 Collegii
1148 2510 1268 2575 infans
1278 2510 1480 2577 Cardinalis

254 2618 421 2683 trecentis
441 2617 515 2684 fere
534 2618 664 2698 aureis,
685 2626 723 2683 ut
742 2617 861 2699 plures
882 2635 928 2682 ex
942 2619 1074 2683 nostris
1093 2627 1239 2700 possent
1255 2618 1394 2686 Eborae
1408 2638 1481 2686 sus-

254 2725 401 2807 tentari;
423 2724 485 2791 sed
504 2725 652 2800 affectus
672 2724 833 2805 intimuS,
854 2743 925 2807 quo
939 2725 971 2790 is
989 2725 1160 2808 Princeps
1178 2723 1391 2793 Societatem
1411 2745 1481 2792 am·

254 2824 494 2914 plectebatur,
520 2833 629 2897 multo
655 2830 800 2914 majoris
820 2833 1001 2898 aestimari
1020 2850 1126 2916 quam
1145 2841 1294 2899 externa
1312 2835 1483 2902 beneficia

257 2941 382 3005 merito
397 2938 559 3021 debebat;
574 2957 658 3004 nam
670 2939 814 3003 omnino
828 2950 867 3004 ut
879 2940 1036 3022 propria,
1049 2939 1237 3006 Societatis
1251 2943 1395 3022 negotia
1409 2959 1484 3007 sus·

257 3047 420 3129 cipiebat,
436 3064 480 3110 ac
498 3048 639 3128 penitus
657 3044 733 3126 ejus
751 3046 954 3111 Institutum
973 3064 1017 3111 ac
1036 3045 1142 3112 finem
1161 3049 1387 3130 penetrabat,
1408 3066 1483 3130 per·

256 3153 339 3219 inde
351 3163 457 3235 atque
471 3153 502 3218 si
516 3152 705 3219 Societatis
716 3152 1036 3235 Prouincialisipse
1049 3163 1155 3219 esset.
1169 3155 1213 3219 Et
1224 3154 1270 3220 ad
1281 3156 1393 3237 ipsius
1401 3171 1483 3222 corr·

256 3261 467 3326 solationem
486 3262 639 3342 aliquem
663 3262 832 3326 lectorem
851 3260 966 3326 Roma
985 3261 1076 3326 mitti
1096 3261 1135 3327 P.
1155 3261 1186 3326 T
1187 3279 1288 3328 orres
1306 3263 1483 3346 cupiebat,

257 3378 294 3434 ut
313 3367 451 3433 videret
470 3367 672 3434 Cardinalis
691 3365 898 3451 [quantam]
918 3369 1189 3435 sollicitudinem
1210 3370 1254 3435 de
1274 3369 1386 3452 ipsius
1407 3370 1485 3436 Col·

256 3477 349 3558 legio
363 3475 605 3558 promovendo
619 3475 788 3557 habebat,
808 3474 902 3558 quod
921 3477 1066 3558 egregie
1081 3477 1205 3542 dotare
1225 3475 1334 3559 atque
1351 3495 1485 3560 augere

256 3584 426 3666 Princeps
441 3585 499 3649 hic
514 3584 708 3665 cogitabat.

315 3692 407 3757 3251.
450 3693 610 3758 Ecclesia
625 3708 720 3756 nova
731 3689 795 3756 Sti.
808 3691 924 3756 Rochi
934 3691 1076 3757 defectu
1085 3694 1393 3774 eleemosynarum
1403 3693 1485 3758 hae·

257 3801 369 3880 rebat,
385 3809 573 3883 postquam
588 3798 769 3864 aedificari
783 3808 913 3881 coepta
926 3798 1054 3880 fuerat;
1073 3811 1108 3864 et
1122 3799 1215 3879 ideo,
1238 3802 1321 3865 licet
1335 3800 1421 3882 quid
1435 3801 1485 3866 in·

256 3908 398 3972 solitum
413 3917 507 3972 esset
522 3905 702 3986 Societati,
718 3907 878 3987 permisit
891 3905 1139 3987 Provincialis,
1155 3918 1193 3973 ut
1208 3918 1289 3973 octo
1304 3908 1374 3974 viri
1388 3909 1486 3973 nobi·

257 4017 308 4081 les
319 4033 362 4080 ac
373 4015 493 4080 devoti
505 4013 552 4079 ad
562 4014 841 4097 promovendum
850 4013 1050 4079 aedificium
1057 4015 1303 4097 eleemosynas
1310 4026 1484 4097 peterent;

257 4124 351 4206 quod
365 4132 400 4188 et
417 4122 495 4187 Rex
510 4123 597 4204 ipse,
613 4122 808 4199 consultus,
825 4122 1050 4203 approbavit,
1072 4131 1108 4187 et
1124 4123 1279 4205 aliquem
1293 4141 1340 4188 ex
1353 4124 1486 4213 nostris

257 4231 362 4296 simul
376 4247 457 4296 cum
472 4231 557 4311 ipsis
572 4227 773 4312 hujusmodi
787 4230 1033 4310 eleemosynas
1045 4240 1166 4311 petere
1181 4231 1305 4298 voluit.

315 4337 408 4402 3252.
449 4337 521 4404 Sub
537 4346 745 4403 autumnum
759 4335 863 4419 hujus
882 4337 967 4402 anni
984 4337 1141 4421 Joannes
1157 4336 1356 4423 Antonius,
1378 4342 1484 4408 bono·

261 4481 458 4489 ————

297 4542 307 4577 ¹
335 4543 499 4600 Vldesupru,
511 4543 608 4588 nillbss.

296 4615 309 4649 ¹
334 4614 382 4661 lto.
391 4618 438 4670 our
448 4627 528 4661 casus
538 4617 726 4670 conscientiae.
737 4619 767 4661 ut
777 4617 907 4670 diximus,
917 4618 948 4661 ut
954 4616 1133 4672 praerogem.

299 4687 311 4720 ὓ
337 4686 405 4732 Vide
414 4698 503 4744 supra,
514 4700 539 4734 n.
548 4687 612 4734 ³22⁰.
