<?xml version="1.0" encoding="UTF-8"?>
<!DOCTYPE html PUBLIC "-//W3C//DTD XHTML 1.0 Transitional//EN"
    "http://www.w3.org/TR/xhtml1/DTD/xhtml1-transitional.dtd">
<html xmlns="http://www.w3.org/1999/xhtml" xml:lang="en" lang="en">
 <head>
  <title>
</title>
<meta http-equiv="Content-Type" content="text/html;charset=utf-8" />
  <meta name='ocr-system' content='tesseract 3.04.00' />
  <meta name='ocr-capabilities' content='ocr_page ocr_carea ocr_par ocr_line ocrx_word'/>
</head>
<body>
  <div class='ocr_page' id='page_1' title='image "./vitaignatiiloio00polagoog_0282.png"; bbox 0 0 3642 5350; ppageno 0'>
   <div class='ocr_carea' id='block_1_1' title="bbox 358 442 1130 520">
    <p class='ocr_par' dir='ltr' id='par_1_1' title="bbox 358 442 1130 520">
     <span class='ocr_line' id='line_1_1' title="bbox 358 442 1130 520; baseline -0.006 -13"><span class='ocrx_word' id='word_1_1' title='bbox 358 445 417 507; x_wconf 42' lang='lat'>274⁴</span> <span class='ocrx_word' id='word_1_2' title='bbox 816 444 944 507; x_wconf 76' lang='lat' dir='ltr'>Canon.</span> <span class='ocrx_word' id='word_1_3' title='bbox 963 443 1040 507; x_wconf 86' lang='lat' dir='ltr'>Soc.</span> <span class='ocrx_word' id='word_1_4' title='bbox 1060 442 1130 520; x_wconf 77' lang='lat' dir='ltr'>Jus.</span> 
     </span>
    </p>
   </div>
   <div class='ocr_carea' id='block_1_2' title="bbox 357 590 1589 1742">
    <p class='ocr_par' dir='ltr' id='par_1_2' title="bbox 357 590 1589 1742">
     <span class='ocr_line' id='line_1_2' title="bbox 358 590 1587 673; baseline 0 -18"><span class='ocrx_word' id='word_1_5' title='bbox 358 609 403 655; x_wconf 89' lang='lat' dir='ltr'>ac</span> <span class='ocrx_word' id='word_1_6' title='bbox 421 592 526 657; x_wconf 92' lang='lat' dir='ltr'>minis</span> <span class='ocrx_word' id='word_1_7' title='bbox 552 599 587 656; x_wconf 89' lang='lat' dir='ltr'>et</span> <span class='ocrx_word' id='word_1_8' title='bbox 606 591 784 657; x_wconf 91' lang='lat' dir='ltr'>interdum</span> <span class='ocrx_word' id='word_1_9' title='bbox 811 592 941 673; x_wconf 78' lang='lat' dir='ltr'>pugnis</span> <span class='ocrx_word' id='word_1_10' title='bbox 967 590 1177 656; x_wconf 89' lang='lat' dir='ltr'><strong>renitentem</strong></span> <span class='ocrx_word' id='word_1_11' title='bbox 1198 590 1495 673; x_wconf 81' lang='lat' dir='ltr'><strong>persequebatur,</strong></span> <span class='ocrx_word' id='word_1_12' title='bbox 1521 607 1587 654; x_wconf 90' lang='lat' dir='ltr'>nec</span> 
     </span>
     <span class='ocr_line' id='line_1_3' title="bbox 358 699 1586 781; baseline -0.002 -19"><span class='ocrx_word' id='word_1_13' title='bbox 358 699 485 763; x_wconf 90' lang='lat' dir='ltr'>baculo</span> <span class='ocrx_word' id='word_1_14' title='bbox 499 700 679 781; x_wconf 89' lang='lat' dir='ltr'>parcebat.</span> <span class='ocrx_word' id='word_1_15' title='bbox 696 699 816 764; x_wconf 91' lang='lat' dir='ltr'>Puella</span> <span class='ocrx_word' id='word_1_16' title='bbox 831 700 1074 779; x_wconf 88' lang='lat' dir='ltr'>nihilominus,</span> <span class='ocrx_word' id='word_1_17' title='bbox 1092 700 1211 763; x_wconf 88' lang='lat' dir='ltr'>animo</span> <span class='ocrx_word' id='word_1_18' title='bbox 1227 707 1411 779; x_wconf 85' lang='lat' dir='ltr'>constans,</span> <span class='ocrx_word' id='word_1_19' title='bbox 1429 699 1586 762; x_wconf 62' lang='lat' dir='ltr'>matrisse</span> 
     </span>
     <span class='ocr_line' id='line_1_4' title="bbox 359 805 1585 888; baseline -0.002 -17"><span class='ocrx_word' id='word_1_20' title='bbox 359 806 684 888; x_wconf 78' lang='lat' dir='ltr'>obtemperaturum</span> <span class='ocrx_word' id='word_1_21' title='bbox 709 806 908 886; x_wconf 89' lang='lat' dir='ltr'>insinuans,</span> <span class='ocrx_word' id='word_1_22' title='bbox 930 807 1154 870; x_wconf 84' lang='lat' dir='ltr'>occasionem</span> <span class='ocrx_word' id='word_1_23' title='bbox 1178 805 1345 886; x_wconf 77' lang='lat' dir='ltr'><strong>captabat</strong></span> <span class='ocrx_word' id='word_1_24' title='bbox 1365 805 1585 887; x_wconf 92' lang='lat' dir='ltr'>propositum</span> 
     </span>
     <span class='ocr_line' id='line_1_5' title="bbox 357 912 1584 995; baseline -0.002 -18"><span class='ocrx_word' id='word_1_25' title='bbox 357 914 454 979; x_wconf 90' lang='lat' dir='ltr'>vitae</span> <span class='ocrx_word' id='word_1_26' title='bbox 468 914 666 979; x_wconf 90' lang='lat' dir='ltr'>institutum</span> <span class='ocrx_word' id='word_1_27' title='bbox 681 915 859 995; x_wconf 86' lang='lat' dir='ltr'>captandi.</span> <span class='ocrx_word' id='word_1_28' title='bbox 875 913 926 978; x_wconf 90' lang='lat' dir='ltr'>At</span> <span class='ocrx_word' id='word_1_29' title='bbox 939 922 1054 977; x_wconf 88' lang='lat' dir='ltr'>mater</span> <span class='ocrx_word' id='word_1_30' title='bbox 1068 929 1148 979; x_wconf 91' lang='lat' dir='ltr'>cum</span> <span class='ocrx_word' id='word_1_31' title='bbox 1168 912 1287 977; x_wconf 91' lang='lat' dir='ltr'>suturo</span> <span class='ocrx_word' id='word_1_32' title='bbox 1301 928 1435 993; x_wconf 89' lang='lat' dir='ltr'>genero</span> <span class='ocrx_word' id='word_1_33' title='bbox 1457 930 1584 976; x_wconf 90' lang='lat' dir='ltr'>conve·</span> 
     </span>
     <span class='ocr_line' id='line_1_6' title="bbox 358 1020 1585 1103; baseline -0.003 -16"><span class='ocrx_word' id='word_1_34' title='bbox 358 1022 477 1102; x_wconf 90' lang='lat' dir='ltr'>niens,</span> <span class='ocrx_word' id='word_1_35' title='bbox 497 1022 541 1087; x_wconf 89' lang='lat' dir='ltr'>de</span> <span class='ocrx_word' id='word_1_36' title='bbox 557 1022 639 1087; x_wconf 90' lang='lat' dir='ltr'>dote</span> <span class='ocrx_word' id='word_1_37' title='bbox 658 1032 693 1086; x_wconf 90' lang='lat' dir='ltr'>et</span> <span class='ocrx_word' id='word_1_38' title='bbox 714 1022 938 1103; x_wconf 88' lang='lat' dir='ltr'>sponsalibus</span> <span class='ocrx_word' id='word_1_39' title='bbox 963 1037 1091 1103; x_wconf 86' lang='lat' dir='ltr'>agens,</span> <span class='ocrx_word' id='word_1_40' title='bbox 1114 1021 1239 1086; x_wconf 92' lang='lat' dir='ltr'>eodem</span> <span class='ocrx_word' id='word_1_41' title='bbox 1264 1020 1321 1084; x_wconf 92' lang='lat' dir='ltr'>die</span> <span class='ocrx_word' id='word_1_42' title='bbox 1346 1038 1417 1102; x_wconf 93' lang='lat' dir='ltr'>quo</span> <span class='ocrx_word' id='word_1_43' title='bbox 1442 1020 1585 1100; x_wconf 84' lang='lat' dir='ltr'>nuptiae</span> 
     </span>
     <span class='ocr_line' id='line_1_7' title="bbox 358 1127 1585 1211; baseline -0.002 -18"><span class='ocrx_word' id='word_1_44' title='bbox 358 1139 460 1193; x_wconf 89' lang='lat' dir='ltr'>erant</span> <span class='ocrx_word' id='word_1_45' title='bbox 480 1128 731 1209; x_wconf 85' lang='lat' dir='ltr'>celebrandae,</span> <span class='ocrx_word' id='word_1_46' title='bbox 753 1145 819 1211; x_wconf 92' lang='lat' dir='ltr'>pro</span> <span class='ocrx_word' id='word_1_47' title='bbox 841 1145 939 1193; x_wconf 92' lang='lat' dir='ltr'>more</span> <span class='ocrx_word' id='word_1_48' title='bbox 958 1127 1065 1192; x_wconf 90' lang='lat' dir='ltr'>filiam</span> <span class='ocrx_word' id='word_1_49' title='bbox 1086 1144 1188 1191; x_wconf 89' lang='lat' dir='ltr'>suam</span> <span class='ocrx_word' id='word_1_50' title='bbox 1210 1144 1331 1192; x_wconf 89' lang='lat' dir='ltr'>secum</span> <span class='ocrx_word' id='word_1_51' title='bbox 1350 1127 1497 1192; x_wconf 85' lang='lat' dir='ltr'>deduxit</span> <span class='ocrx_word' id='word_1_52' title='bbox 1517 1133 1526 1167; x_wconf 86' lang='lat'><strong>¹</strong></span> <span class='ocrx_word' id='word_1_53' title='bbox 1549 1127 1585 1191; x_wconf 93' lang='lat' dir='ltr'>in</span> 
     </span>
     <span class='ocr_line' id='line_1_8' title="bbox 359 1233 1585 1317; baseline -0.003 -15"><span class='ocrx_word' id='word_1_54' title='bbox 359 1238 531 1317; x_wconf 90' lang='lat' dir='ltr'>templum</span> <span class='ocrx_word' id='word_1_55' title='bbox 555 1245 717 1301; x_wconf 89' lang='lat' dir='ltr'>nostrum</span> <span class='ocrx_word' id='word_1_56' title='bbox 740 1245 780 1300; x_wconf 91' lang='lat' dir='ltr'>ut</span> <span class='ocrx_word' id='word_1_57' title='bbox 804 1236 1011 1301; x_wconf 89' lang='lat' dir='ltr'>concionem</span> <span class='ocrx_word' id='word_1_58' title='bbox 1037 1235 1195 1300; x_wconf 85' lang='lat' dir='ltr'>audiret:</span> <span class='ocrx_word' id='word_1_59' title='bbox 1216 1234 1274 1299; x_wconf 95' lang='lat' dir='ltr'>hic</span> <span class='ocrx_word' id='word_1_60' title='bbox 1297 1234 1385 1311; x_wconf 84' lang='lat' dir='ltr'>filia,</span> <span class='ocrx_word' id='word_1_61' title='bbox 1412 1234 1496 1298; x_wconf 93' lang='lat' dir='ltr'>dum</span> <span class='ocrx_word' id='word_1_62' title='bbox 1520 1233 1585 1299; x_wconf 89' lang='grc'><strong>116-</strong></span> 
     </span>
     <span class='ocr_line' id='line_1_9' title="bbox 362 1340 1587 1427; baseline -0.004 -17"><span class='ocrx_word' id='word_1_63' title='bbox 362 1361 475 1427; x_wconf 89' lang='lat' dir='ltr'>quens</span> <span class='ocrx_word' id='word_1_64' title='bbox 498 1344 686 1410; x_wconf 90' lang='lat' dir='ltr'>mulierum</span> <span class='ocrx_word' id='word_1_65' title='bbox 710 1342 897 1408; x_wconf 91' lang='lat' dir='ltr'>multitudo</span> <span class='ocrx_word' id='word_1_66' title='bbox 919 1343 1022 1407; x_wconf 91' lang='lat' dir='ltr'>simul</span> <span class='ocrx_word' id='word_1_67' title='bbox 1046 1340 1253 1423; x_wconf 84' lang='lat' dir='ltr'>ingreditur,</span> <span class='ocrx_word' id='word_1_68' title='bbox 1282 1359 1303 1405; x_wconf 93' lang='lat' dir='ltr'>a</span> <span class='ocrx_word' id='word_1_69' title='bbox 1327 1344 1437 1407; x_wconf 91' lang='lat' dir='ltr'>latere</span> <span class='ocrx_word' id='word_1_70' title='bbox 1462 1342 1587 1406; x_wconf 92' lang='lat' dir='ltr'>matris</span> 
     </span>
     <span class='ocr_line' id='line_1_10' title="bbox 359 1448 1526 1534; baseline -0.004 -18"><span class='ocrx_word' id='word_1_71' title='bbox 359 1451 518 1534; x_wconf 88' lang='lat' dir='ltr'>delapsa,</span> <span class='ocrx_word' id='word_1_72' title='bbox 535 1452 716 1533; x_wconf 89' lang='lat' dir='ltr'>virginum</span> <span class='ocrx_word' id='word_1_73' title='bbox 729 1450 984 1515; x_wconf 88' lang='lat' dir='ltr'>monasterium</span> <span class='ocrx_word' id='word_1_74' title='bbox 999 1450 1085 1514; x_wconf 92' lang='lat' dir='ltr'>adiit</span> <span class='ocrx_word' id='word_1_75' title='bbox 1101 1460 1135 1515; x_wconf 94' lang='lat' dir='ltr'>et</span> <span class='ocrx_word' id='word_1_76' title='bbox 1150 1450 1284 1515; x_wconf 89' lang='lat' dir='ltr'>eisdem</span> <span class='ocrx_word' id='word_1_77' title='bbox 1298 1467 1337 1513; x_wconf 90' lang='lat' dir='ltr'>se</span> <span class='ocrx_word' id='word_1_78' title='bbox 1352 1448 1526 1530; x_wconf 83' lang='lat' dir='ltr'>adjunxit.</span> 
     </span>
     <span class='ocr_line' id='line_1_11' title="bbox 421 1555 1589 1641; baseline -0.001 -19"><span class='ocrx_word' id='word_1_79' title='bbox 421 1559 509 1624; x_wconf 81' lang='grc'><strong>1063.</strong></span> <span class='ocrx_word' id='word_1_80' title='bbox 553 1559 735 1641; x_wconf 87' lang='lat' dir='ltr'>Quaedam</span> <span class='ocrx_word' id='word_1_81' title='bbox 749 1559 831 1639; x_wconf 89' lang='lat' dir='ltr'>alia,</span> <span class='ocrx_word' id='word_1_82' title='bbox 847 1556 961 1638; x_wconf 87' lang='lat' dir='ltr'>Regio</span> <span class='ocrx_word' id='word_1_83' title='bbox 977 1556 989 1588; x_wconf 80' lang='lat'>⁸</span> <span class='ocrx_word' id='word_1_84' title='bbox 1004 1555 1206 1621; x_wconf 87' lang='lat' dir='ltr'>Messanam</span> <span class='ocrx_word' id='word_1_85' title='bbox 1222 1557 1380 1636; x_wconf 90' lang='lat' dir='ltr'>veniens,</span> <span class='ocrx_word' id='word_1_86' title='bbox 1394 1564 1428 1621; x_wconf 91' lang='lat' dir='ltr'>et</span> <span class='ocrx_word' id='word_1_87' title='bbox 1444 1556 1589 1622; x_wconf 81' lang='lat' dir='ltr'>cuidant</span> 
     </span>
     <span class='ocr_line' id='line_1_12' title="bbox 359 1662 1586 1742; baseline -0.006 -9"><span class='ocrx_word' id='word_1_88' title='bbox 359 1676 546 1733; x_wconf 87' lang='lat' dir='ltr'>matronae</span> <span class='ocrx_word' id='word_1_89' title='bbox 571 1666 801 1731; x_wconf 91' lang='lat' dir='ltr'>concionibus</span> <span class='ocrx_word' id='word_1_90' title='bbox 824 1674 1027 1729; x_wconf 89' lang='lat' dir='ltr'>nostrorum</span> <span class='ocrx_word' id='word_1_91' title='bbox 1047 1662 1187 1729; x_wconf 91' lang='lat' dir='ltr'>deditae</span> <span class='ocrx_word' id='word_1_92' title='bbox 1208 1663 1425 1742; x_wconf 79' lang='lat' dir='ltr'>adhaerens,</span> <span class='ocrx_word' id='word_1_93' title='bbox 1444 1678 1526 1731; x_wconf 89' lang='lat' dir='ltr'>cum</span> <span class='ocrx_word' id='word_1_94' title='bbox 1550 1663 1586 1727; x_wconf 91' lang='lat' dir='ltr'>in</span> 
     </span>
    </p>
   </div>
   <div class='ocr_carea' id='block_1_3' title="bbox 359 1770 1704 1865">
    <p class='ocr_par' dir='ltr' id='par_1_3' title="bbox 359 1770 1704 1865">
     <span class='ocr_line' id='line_1_13' title="bbox 359 1770 1704 1865; baseline -0.004 -25"><span class='ocrx_word' id='word_1_95' title='bbox 359 1776 527 1857; x_wconf 90' lang='lat' dir='ltr'>templum</span> <span class='ocrx_word' id='word_1_96' title='bbox 538 1773 624 1838; x_wconf 91' lang='lat' dir='ltr'>Divi</span> <span class='ocrx_word' id='word_1_97' title='bbox 637 1770 801 1838; x_wconf 79' lang='lat' dir='ltr'>Nicolai³</span> <span class='ocrx_word' id='word_1_98' title='bbox 817 1773 983 1848; x_wconf 91' lang='lat' dir='ltr'>venisset,</span> <span class='ocrx_word' id='word_1_99' title='bbox 997 1780 1031 1835; x_wconf 90' lang='lat' dir='ltr'>et</span> <span class='ocrx_word' id='word_1_100' title='bbox 1046 1772 1267 1851; x_wconf 90' lang='lat' dir='ltr'>concionem,</span> <span class='ocrx_word' id='word_1_101' title='bbox 1281 1784 1371 1852; x_wconf 84' lang='lat' dir='ltr'>quae</span> <span class='ocrx_word' id='word_1_102' title='bbox 1383 1770 1426 1835; x_wconf 94' lang='lat' dir='ltr'>de</span> <span class='ocrx_word' id='word_1_103' title='bbox 1438 1770 1586 1851; x_wconf 89' lang='lat' dir='ltr'>virgini·</span> <span class='ocrx_word' id='word_1_104' title='bbox 1699 1855 1704 1865; x_wconf 36' lang='grc' dir='ltr'>Ι</span> 
     </span>
    </p>
   </div>
   <div class='ocr_carea' id='block_1_4' title="bbox 304 1877 1591 4433">
    <p class='ocr_par' dir='ltr' id='par_1_4' title="bbox 304 1877 1586 2401">
     <span class='ocr_line' id='line_1_14' title="bbox 359 1877 1583 1963; baseline -0.004 -17"><span class='ocrx_word' id='word_1_105' title='bbox 359 1882 443 1946; x_wconf 90' lang='lat' dir='ltr'>tatis</span> <span class='ocrx_word' id='word_1_106' title='bbox 457 1881 562 1947; x_wconf 87' lang='lat' dir='ltr'>laude</span> <span class='ocrx_word' id='word_1_107' title='bbox 577 1881 717 1963; x_wconf 85' lang='lat' dir='ltr'>agebat,</span> <span class='ocrx_word' id='word_1_108' title='bbox 734 1877 948 1958; x_wconf 75' lang='lat' dir='ltr'>audivisset,</span> <span class='ocrx_word' id='word_1_109' title='bbox 964 1880 1016 1943; x_wconf 92' lang='lat' dir='ltr'>sic</span> <span class='ocrx_word' id='word_1_110' title='bbox 1040 1894 1192 1943; x_wconf 88' lang='lat' dir='ltr'>accensa</span> <span class='ocrx_word' id='word_1_111' title='bbox 1208 1888 1261 1942; x_wconf 90' lang='lat' dir='ltr'>est</span> <span class='ocrx_word' id='word_1_112' title='bbox 1276 1888 1325 1958; x_wconf 94' lang='lat' dir='ltr'>ut,</span> <span class='ocrx_word' id='word_1_113' title='bbox 1347 1880 1511 1961; x_wconf 89' lang='lat' dir='ltr'>quamvis</span> <span class='ocrx_word' id='word_1_114' title='bbox 1534 1878 1583 1942; x_wconf 92' lang='lat' dir='ltr'>lit·</span> 
     </span>
     <span class='ocr_line' id='line_1_15' title="bbox 359 1986 1586 2070; baseline -0.004 -16"><span class='ocrx_word' id='word_1_115' title='bbox 359 1991 446 2055; x_wconf 88' lang='lat' dir='ltr'>teris</span> <span class='ocrx_word' id='word_1_116' title='bbox 470 1999 506 2055; x_wconf 93' lang='lat' dir='ltr'>et</span> <span class='ocrx_word' id='word_1_117' title='bbox 530 1990 671 2070; x_wconf 88' lang='lat' dir='ltr'>maguis</span> <span class='ocrx_word' id='word_1_118' title='bbox 690 1986 874 2068; x_wconf 88' lang='lat' dir='ltr'>promissis</span> <span class='ocrx_word' id='word_1_119' title='bbox 887 1986 1065 2067; x_wconf 83' lang='lat' dir='ltr'>Rhegium</span> <span class='ocrx_word' id='word_1_120' title='bbox 1091 1987 1135 2051; x_wconf 90' lang='lat' dir='ltr'>ab</span> <span class='ocrx_word' id='word_1_121' title='bbox 1149 1986 1238 2051; x_wconf 91' lang='lat' dir='ltr'>hero</span> <span class='ocrx_word' id='word_1_122' title='bbox 1258 1996 1500 2065; x_wconf 87' lang='lat' dir='ltr'>revocaretur,</span> <span class='ocrx_word' id='word_1_123' title='bbox 1527 1986 1586 2050; x_wconf 93' lang='lat' dir='ltr'>cui</span> 
     </span>
     <span class='ocr_line' id='line_1_16' title="bbox 360 2092 1583 2178; baseline -0.005 -17"><span class='ocrx_word' id='word_1_124' title='bbox 360 2096 628 2178; x_wconf 89' lang='lat' dir='ltr'>quatuordecim</span> <span class='ocrx_word' id='word_1_125' title='bbox 656 2096 759 2159; x_wconf 84' lang='lat' dir='ltr'>annis</span> <span class='ocrx_word' id='word_1_126' title='bbox 787 2094 978 2173; x_wconf 81' lang='lat' dir='ltr'>servierat,</span> <span class='ocrx_word' id='word_1_127' title='bbox 1009 2094 1132 2158; x_wconf 89' lang='lat' dir='ltr'>maluit</span> <span class='ocrx_word' id='word_1_128' title='bbox 1159 2094 1214 2158; x_wconf 92' lang='lat' dir='ltr'>sui</span> <span class='ocrx_word' id='word_1_129' title='bbox 1239 2092 1395 2158; x_wconf 90' lang='lat' dir='ltr'>diuturni</span> <span class='ocrx_word' id='word_1_130' title='bbox 1422 2092 1583 2176; x_wconf 92' lang='lat' dir='ltr'>obsequii</span> 
     </span>
     <span class='ocr_line' id='line_1_17' title="bbox 362 2200 1586 2285; baseline -0.003 -16"><span class='ocrx_word' id='word_1_131' title='bbox 362 2204 525 2269; x_wconf 91' lang='lat' dir='ltr'>mercede</span> <span class='ocrx_word' id='word_1_132' title='bbox 541 2212 575 2268; x_wconf 92' lang='lat' dir='ltr'>et</span> <span class='ocrx_word' id='word_1_133' title='bbox 597 2202 782 2285; x_wconf 91' lang='lat' dir='ltr'>promissis</span> <span class='ocrx_word' id='word_1_134' title='bbox 800 2200 902 2266; x_wconf 89' lang='lat' dir='ltr'>bonis</span> <span class='ocrx_word' id='word_1_135' title='bbox 919 2202 1073 2283; x_wconf 89' lang='lat' dir='ltr'>privari,</span> <span class='ocrx_word' id='word_1_136' title='bbox 1090 2218 1197 2283; x_wconf 90' lang='lat' dir='ltr'>quam</span> <span class='ocrx_word' id='word_1_137' title='bbox 1212 2200 1258 2265; x_wconf 90' lang='lat' dir='ltr'>ad</span> <span class='ocrx_word' id='word_1_138' title='bbox 1276 2218 1356 2265; x_wconf 90' lang='lat' dir='ltr'>eum</span> <span class='ocrx_word' id='word_1_139' title='bbox 1376 2200 1510 2281; x_wconf 86' lang='lat' dir='ltr'>redire,</span> <span class='ocrx_word' id='word_1_140' title='bbox 1526 2200 1586 2281; x_wconf 89' lang='lat' dir='ltr'>qui</span> 
     </span>
     <span class='ocr_line' id='line_1_18' title="bbox 304 2308 946 2401; baseline -0.003 -26"><span class='ocrx_word' id='word_1_141' title='bbox 304 2386 311 2401; x_wconf 40' lang='grc' dir='ltr'><em>Ι</em></span> <span class='ocrx_word' id='word_1_142' title='bbox 361 2311 475 2394; x_wconf 88' lang='lat' dir='ltr'>ipsius</span> <span class='ocrx_word' id='word_1_143' title='bbox 488 2310 689 2390; x_wconf 87' lang='lat' dir='ltr'>virginitati</span> <span class='ocrx_word' id='word_1_144' title='bbox 703 2308 946 2374; x_wconf 88' lang='lat' dir='ltr'>insidiabatur.</span> 
     </span>
    </p>

    <p class='ocr_par' dir='ltr' id='par_1_5' title="bbox 359 2415 1587 2916">
     <span class='ocr_line' id='line_1_19' title="bbox 423 2415 1583 2501; baseline -0.002 -18"><span class='ocrx_word' id='word_1_145' title='bbox 423 2419 510 2484; x_wconf 90' lang='grc'><strong>1064.</strong></span> <span class='ocrx_word' id='word_1_146' title='bbox 556 2417 776 2501; x_wconf 87' lang='lat' dir='ltr'>Sequebatur</span> <span class='ocrx_word' id='word_1_147' title='bbox 796 2416 836 2482; x_wconf 91' lang='lat' dir='ltr'>P.</span> <span class='ocrx_word' id='word_1_148' title='bbox 855 2416 1066 2497; x_wconf 90' lang='lat' dir='ltr'>Hieronymi</span> <span class='ocrx_word' id='word_1_149' title='bbox 1088 2415 1192 2481; x_wconf 91' lang='lat' dir='ltr'>Otelli</span> <span class='ocrx_word' id='word_1_150' title='bbox 1213 2417 1403 2482; x_wconf 89' lang='lat' dir='ltr'>conciones</span> <span class='ocrx_word' id='word_1_151' title='bbox 1424 2427 1498 2481; x_wconf 90' lang='lat' dir='ltr'>tam</span> <span class='ocrx_word' id='word_1_152' title='bbox 1519 2416 1583 2482; x_wconf 86' lang='lat' dir='ltr'>ire·</span> 
     </span>
     <span class='ocr_line' id='line_1_20' title="bbox 362 2522 1587 2610; baseline -0.002 -19"><span class='ocrx_word' id='word_1_153' title='bbox 362 2544 474 2610; x_wconf 90' lang='lat' dir='ltr'>quens</span> <span class='ocrx_word' id='word_1_154' title='bbox 494 2525 722 2605; x_wconf 87' lang='lat' dir='ltr'>auditorium,</span> <span class='ocrx_word' id='word_1_155' title='bbox 738 2534 787 2605; x_wconf 91' lang='lat' dir='ltr'>ut,</span> <span class='ocrx_word' id='word_1_156' title='bbox 808 2524 871 2587; x_wconf 85' lang='lat' dir='ltr'>vix</span> <span class='ocrx_word' id='word_1_157' title='bbox 885 2524 1110 2588; x_wconf 91' lang='lat' dir='ltr'>illucescente</span> <span class='ocrx_word' id='word_1_158' title='bbox 1125 2523 1193 2601; x_wconf 93' lang='lat' dir='ltr'>die,</span> <span class='ocrx_word' id='word_1_159' title='bbox 1210 2522 1312 2587; x_wconf 89' lang='lat' dir='ltr'>sedes</span> <span class='ocrx_word' id='word_1_160' title='bbox 1327 2542 1411 2589; x_wconf 91' lang='lat' dir='ltr'>snas</span> <span class='ocrx_word' id='word_1_161' title='bbox 1426 2525 1587 2590; x_wconf 90' lang='lat' dir='ltr'>homines</span> 
     </span>
     <span class='ocr_line' id='line_1_21' title="bbox 361 2630 1586 2718; baseline -0.002 -19"><span class='ocrx_word' id='word_1_162' title='bbox 361 2643 591 2718; x_wconf 88' lang='lat' dir='ltr'>occuparent,</span> <span class='ocrx_word' id='word_1_163' title='bbox 607 2642 642 2699; x_wconf 91' lang='lat' dir='ltr'>et</span> <span class='ocrx_word' id='word_1_164' title='bbox 661 2632 818 2714; x_wconf 90' lang='lat' dir='ltr'>plurimi,</span> <span class='ocrx_word' id='word_1_165' title='bbox 835 2630 966 2714; x_wconf 91' lang='lat' dir='ltr'>templo</span> <span class='ocrx_word' id='word_1_166' title='bbox 985 2630 1059 2713; x_wconf 85' lang='lat' dir='ltr'>jam</span> <span class='ocrx_word' id='word_1_167' title='bbox 1079 2633 1225 2712; x_wconf 90' lang='lat' dir='ltr'>repleto,</span> <span class='ocrx_word' id='word_1_168' title='bbox 1248 2631 1391 2697; x_wconf 93' lang='lat' dir='ltr'>domum</span> <span class='ocrx_word' id='word_1_169' title='bbox 1411 2631 1586 2712; x_wconf 89' lang='lat' dir='ltr'>redibant;</span> 
     </span>
     <span class='ocr_line' id='line_1_22' title="bbox 359 2732 1584 2822; baseline -0.002 -14"><span class='ocrx_word' id='word_1_170' title='bbox 359 2745 467 2810; x_wconf 90' lang='lat' dir='ltr'>immo</span> <span class='ocrx_word' id='word_1_171' title='bbox 483 2732 555 2807; x_wconf 82' lang='lat' dir='ltr'>non</span> <span class='ocrx_word' id='word_1_172' title='bbox 570 2742 647 2806; x_wconf 92' lang='lat' dir='ltr'>sine</span> <span class='ocrx_word' id='word_1_173' title='bbox 661 2741 812 2806; x_wconf 89' lang='lat' dir='ltr'>tumultu</span> <span class='ocrx_word' id='word_1_174' title='bbox 826 2741 945 2822; x_wconf 88' lang='lat' dir='ltr'>aliquo</span> <span class='ocrx_word' id='word_1_175' title='bbox 961 2749 995 2803; x_wconf 92' lang='lat' dir='ltr'>et</span> <span class='ocrx_word' id='word_1_176' title='bbox 1006 2738 1163 2820; x_wconf 89' lang='lat' dir='ltr'>periculo</span> <span class='ocrx_word' id='word_1_177' title='bbox 1178 2739 1237 2802; x_wconf 87' lang='lat' dir='ltr'>alii</span> <span class='ocrx_word' id='word_1_178' title='bbox 1249 2739 1328 2804; x_wconf 89' lang='lat' dir='ltr'>aliis</span> <span class='ocrx_word' id='word_1_179' title='bbox 1343 2741 1489 2806; x_wconf 92' lang='lat' dir='ltr'>nimium</span> <span class='ocrx_word' id='word_1_180' title='bbox 1505 2758 1584 2805; x_wconf 91' lang='lat' dir='ltr'>con·</span> 
     </span>
     <span class='ocr_line' id='line_1_23' title="bbox 360 2849 714 2916; baseline -0.006 -2"><span class='ocrx_word' id='word_1_181' title='bbox 360 2851 442 2916; x_wconf 86' lang='grc'><strong>16111</strong></span> <span class='ocrx_word' id='word_1_182' title='bbox 452 2849 714 2915; x_wconf 90' lang='lat' dir='ltr'>incumbebant.</span> 
     </span>
    </p>

    <p class='ocr_par' dir='ltr' id='par_1_6' title="bbox 360 2953 1585 3146">
     <span class='ocr_line' id='line_1_24' title="bbox 422 2953 1585 3037; baseline -0.001 -16"><span class='ocrx_word' id='word_1_183' title='bbox 422 2957 511 3021; x_wconf 81' lang='lat'>1065.</span> <span class='ocrx_word' id='word_1_184' title='bbox 554 2956 595 3020; x_wconf 92' lang='lat' dir='ltr'>ln</span> <span class='ocrx_word' id='word_1_185' title='bbox 619 2956 750 3036; x_wconf 91' lang='lat' dir='ltr'>templo</span> <span class='ocrx_word' id='word_1_186' title='bbox 779 2963 897 3019; x_wconf 89' lang='lat' dir='ltr'>autem</span> <span class='ocrx_word' id='word_1_187' title='bbox 927 2953 1147 3036; x_wconf 86' lang='lat' dir='ltr'>Cathedrali,</span> <span class='ocrx_word' id='word_1_188' title='bbox 1177 2954 1271 3036; x_wconf 91' lang='lat' dir='ltr'>quod</span> <span class='ocrx_word' id='word_1_189' title='bbox 1298 2957 1467 3037; x_wconf 89' lang='lat' dir='ltr'>capacius</span> <span class='ocrx_word' id='word_1_190' title='bbox 1496 2965 1585 3035; x_wconf 89' lang='lat' dir='ltr'>erat,</span> 
     </span>
     <span class='ocr_line' id='line_1_25' title="bbox 360 3061 1026 3146; baseline -0.005 -17"><span class='ocrx_word' id='word_1_191' title='bbox 360 3066 603 3146; x_wconf 90' lang='lat' dir='ltr'>multoplures</span> <span class='ocrx_word' id='word_1_192' title='bbox 617 3079 697 3126; x_wconf 93' lang='lat' dir='ltr'>eum</span> <span class='ocrx_word' id='word_1_193' title='bbox 713 3061 835 3126; x_wconf 90' lang='lat' dir='ltr'>audire</span> <span class='ocrx_word' id='word_1_194' title='bbox 850 3069 1026 3143; x_wconf 88' lang='lat' dir='ltr'>poterant.</span> 
     </span>
    </p>

    <p class='ocr_par' dir='ltr' id='par_1_7' title="bbox 360 3167 1588 3678">
     <span class='ocr_line' id='line_1_26' title="bbox 426 3167 1585 3252; baseline -0.001 -18"><span class='ocrx_word' id='word_1_195' title='bbox 426 3170 512 3236; x_wconf 88' lang='grc'><strong>1066.</strong></span> <span class='ocrx_word' id='word_1_196' title='bbox 555 3169 671 3250; x_wconf 78' lang='lat' dir='ltr'>HuJus</span> <span class='ocrx_word' id='word_1_197' title='bbox 684 3168 769 3232; x_wconf 90' lang='lat' dir='ltr'>anui</span> <span class='ocrx_word' id='word_1_198' title='bbox 787 3168 912 3248; x_wconf 91' lang='lat' dir='ltr'>primis</span> <span class='ocrx_word' id='word_1_199' title='bbox 932 3168 1113 3232; x_wconf 89' lang='lat' dir='ltr'>mensibus</span> <span class='ocrx_word' id='word_1_200' title='bbox 1132 3167 1178 3232; x_wconf 90' lang='lat' dir='ltr'>ad</span> <span class='ocrx_word' id='word_1_201' title='bbox 1198 3177 1377 3233; x_wconf 91' lang='lat' dir='ltr'>trecentos</span> <span class='ocrx_word' id='word_1_202' title='bbox 1397 3179 1432 3233; x_wconf 91' lang='lat' dir='ltr'>et</span> <span class='ocrx_word' id='word_1_203' title='bbox 1451 3179 1585 3252; x_wconf 91' lang='lat' dir='ltr'>septua·</span> 
     </span>
     <span class='ocr_line' id='line_1_27' title="bbox 360 3274 1585 3358; baseline -0.002 -16"><span class='ocrx_word' id='word_1_204' title='bbox 360 3278 461 3358; x_wconf 82' lang='lat' dir='ltr'>ginta</span> <span class='ocrx_word' id='word_1_205' title='bbox 486 3286 520 3342; x_wconf 92' lang='lat' dir='ltr'>et</span> <span class='ocrx_word' id='word_1_206' title='bbox 548 3294 591 3340; x_wconf 92' lang='lat' dir='ltr'>eo</span> <span class='ocrx_word' id='word_1_207' title='bbox 621 3276 774 3357; x_wconf 88' lang='lat' dir='ltr'>amplius</span> <span class='ocrx_word' id='word_1_208' title='bbox 806 3274 1102 3348; x_wconf 88' lang='lat' dir='ltr'>scholasticorum</span> <span class='ocrx_word' id='word_1_209' title='bbox 1130 3291 1299 3341; x_wconf 89' lang='lat' dir='ltr'>numerus</span> <span class='ocrx_word' id='word_1_210' title='bbox 1327 3277 1509 3358; x_wconf 74' lang='lat' dir='ltr'>pervenit,</span> <span class='ocrx_word' id='word_1_211' title='bbox 1540 3285 1585 3355; x_wconf 90' lang='lat' dir='ltr'>et,</span> 
     </span>
     <span class='ocr_line' id='line_1_28' title="bbox 361 3382 1586 3467; baseline 0 -19"><span class='ocrx_word' id='word_1_212' title='bbox 361 3385 525 3467; x_wconf 89' lang='lat' dir='ltr'>quamvis</span> <span class='ocrx_word' id='word_1_213' title='bbox 539 3385 576 3449; x_wconf 91' lang='lat' dir='ltr'>in</span> <span class='ocrx_word' id='word_1_214' title='bbox 598 3392 735 3448; x_wconf 89' lang='lat' dir='ltr'>aestate</span> <span class='ocrx_word' id='word_1_215' title='bbox 756 3383 821 3446; x_wconf 87' lang='grc'><strong>11111</strong></span> <span class='ocrx_word' id='word_1_216' title='bbox 836 3383 1058 3460; x_wconf 80' lang='lat' dir='ltr'>imminutuS,</span> <span class='ocrx_word' id='word_1_217' title='bbox 1082 3382 1118 3446; x_wconf 93' lang='lat' dir='ltr'>in</span> <span class='ocrx_word' id='word_1_218' title='bbox 1138 3384 1369 3448; x_wconf 90' lang='lat' dir='ltr'>renovatione</span> <span class='ocrx_word' id='word_1_219' title='bbox 1389 3384 1586 3448; x_wconf 91' lang='lat' dir='ltr'>studiorum</span> 
     </span>
     <span class='ocr_line' id='line_1_29' title="bbox 362 3490 1588 3571; baseline -0.002 -14"><span class='ocrx_word' id='word_1_220' title='bbox 362 3492 429 3557; x_wconf 90' lang='lat' dir='ltr'>sub</span> <span class='ocrx_word' id='word_1_221' title='bbox 443 3493 549 3558; x_wconf 88' lang='lat' dir='ltr'>finem</span> <span class='ocrx_word' id='word_1_222' title='bbox 563 3491 728 3555; x_wconf 91' lang='lat' dir='ltr'>Octobris</span> <span class='ocrx_word' id='word_1_223' title='bbox 750 3492 870 3571; x_wconf 90' lang='lat' dir='ltr'>plures</span> <span class='ocrx_word' id='word_1_224' title='bbox 884 3507 993 3571; x_wconf 90' lang='lat' dir='ltr'>quam</span> <span class='ocrx_word' id='word_1_225' title='bbox 1008 3490 1156 3553; x_wconf 89' lang='lat' dir='ltr'>trecenti</span> <span class='ocrx_word' id='word_1_226' title='bbox 1179 3498 1214 3554; x_wconf 90' lang='lat' dir='ltr'>et</span> <span class='ocrx_word' id='word_1_227' title='bbox 1233 3491 1361 3570; x_wconf 88' lang='lat' dir='ltr'>viginti</span> <span class='ocrx_word' id='word_1_228' title='bbox 1380 3491 1426 3554; x_wconf 87' lang='lat' dir='ltr'>ad</span> <span class='ocrx_word' id='word_1_229' title='bbox 1446 3491 1588 3555; x_wconf 90' lang='lat' dir='ltr'>scholas</span> 
     </span>
     <span class='ocr_line' id='line_1_30' title="bbox 363 3596 1362 3678; baseline -0.006 -13"><span class='ocrx_word' id='word_1_230' title='bbox 363 3599 596 3677; x_wconf 78' lang='lat' dir='ltr'>accedebant,</span> <span class='ocrx_word' id='word_1_231' title='bbox 612 3607 646 3663; x_wconf 93' lang='grc'>61</span> <span class='ocrx_word' id='word_1_232' title='bbox 665 3597 739 3662; x_wconf 87' lang='grc'><strong>1616</strong></span> <span class='ocrx_word' id='word_1_233' title='bbox 754 3596 896 3661; x_wconf 90' lang='lat' dir='ltr'>circiter</span> <span class='ocrx_word' id='word_1_234' title='bbox 910 3597 1060 3661; x_wconf 90' lang='lat' dir='ltr'>trecenti</span> <span class='ocrx_word' id='word_1_235' title='bbox 1075 3607 1362 3678; x_wconf 90' lang='lat' dir='ltr'>perseverarunt.</span> 
     </span>
    </p>

    <p class='ocr_par' dir='ltr' id='par_1_8' title="bbox 361 3703 1591 4433">
     <span class='ocr_line' id='line_1_31' title="bbox 410 3703 1584 3786; baseline -0.003 -14"><span class='ocrx_word' id='word_1_236' title='bbox 410 3706 515 3772; x_wconf 88' lang='grc'><strong>1067.</strong></span> <span class='ocrx_word' id='word_1_237' title='bbox 558 3704 662 3771; x_wconf 91' lang='lat' dir='ltr'>Duae</span> <span class='ocrx_word' id='word_1_238' title='bbox 676 3707 856 3770; x_wconf 91' lang='lat' dir='ltr'>orationes</span> <span class='ocrx_word' id='word_1_239' title='bbox 871 3704 908 3767; x_wconf 91' lang='lat' dir='ltr'>in</span> <span class='ocrx_word' id='word_1_240' title='bbox 922 3703 1104 3784; x_wconf 91' lang='lat' dir='ltr'>praedicta</span> <span class='ocrx_word' id='word_1_241' title='bbox 1120 3705 1362 3786; x_wconf 89' lang='lat' dir='ltr'>renovatione,</span> <span class='ocrx_word' id='word_1_242' title='bbox 1379 3721 1449 3770; x_wconf 88' lang='lat' dir='ltr'>una</span> <span class='ocrx_word' id='word_1_243' title='bbox 1463 3705 1584 3784; x_wconf 90' lang='lat' dir='ltr'>latina,</span> 
     </span>
     <span class='ocr_line' id='line_1_32' title="bbox 362 3810 1589 3896; baseline -0.003 -16"><span class='ocrx_word' id='word_1_244' title='bbox 362 3816 474 3880; x_wconf 90' lang='lat' dir='ltr'>altera</span> <span class='ocrx_word' id='word_1_245' title='bbox 487 3830 633 3896; x_wconf 90' lang='lat' dir='ltr'>graeca,</span> <span class='ocrx_word' id='word_1_246' title='bbox 649 3813 791 3877; x_wconf 88' lang='lat' dir='ltr'>habitae</span> <span class='ocrx_word' id='word_1_247' title='bbox 804 3812 957 3876; x_wconf 84' lang='lat' dir='ltr'>fuerunt.</span> <span class='ocrx_word' id='word_1_248' title='bbox 974 3810 1113 3892; x_wconf 88' lang='lat' dir='ltr'>Latina,</span> <span class='ocrx_word' id='word_1_249' title='bbox 1131 3811 1212 3894; x_wconf 91' lang='lat' dir='ltr'>quia</span> <span class='ocrx_word' id='word_1_250' title='bbox 1228 3829 1300 3877; x_wconf 94' lang='lat' dir='ltr'>non</span> <span class='ocrx_word' id='word_1_251' title='bbox 1314 3814 1463 3893; x_wconf 88' lang='lat' dir='ltr'>vulgare</span> <span class='ocrx_word' id='word_1_252' title='bbox 1478 3813 1589 3878; x_wconf 93' lang='lat' dir='ltr'>conti-</span> 
     </span>
     <span class='ocr_line' id='line_1_33' title="bbox 361 3917 1589 4002; baseline 0 -15"><span class='ocrx_word' id='word_1_253' title='bbox 361 3923 468 3988; x_wconf 91' lang='lat' dir='ltr'>nebat</span> <span class='ocrx_word' id='word_1_254' title='bbox 494 3930 761 4002; x_wconf 89' lang='lat' dir='ltr'>argumentum,</span> <span class='ocrx_word' id='word_1_255' title='bbox 791 3919 942 3999; x_wconf 89' lang='lat' dir='ltr'>scilicet,</span> <span class='ocrx_word' id='word_1_256' title='bbox 973 3917 1016 3982; x_wconf 93' lang='lat' dir='ltr'>de</span> <span class='ocrx_word' id='word_1_257' title='bbox 1044 3919 1178 4000; x_wconf 92' lang='lat' dir='ltr'>optimo</span> <span class='ocrx_word' id='word_1_258' title='bbox 1205 3936 1323 3984; x_wconf 89' lang='lat' dir='ltr'>rerum</span> <span class='ocrx_word' id='word_1_259' title='bbox 1351 3920 1589 4001; x_wconf 86' lang='lat' dir='ltr'>gerendarum</span> 
     </span>
     <span class='ocr_line' id='line_1_34' title="bbox 366 4026 1590 4111; baseline -0.002 -16"><span class='ocrx_word' id='word_1_260' title='bbox 366 4030 450 4110; x_wconf 89' lang='lat' dir='ltr'>fine,</span> <span class='ocrx_word' id='word_1_261' title='bbox 467 4047 539 4094; x_wconf 92' lang='lat' dir='ltr'>nou</span> <span class='ocrx_word' id='word_1_262' title='bbox 553 4045 680 4111; x_wconf 89' lang='lat' dir='ltr'>parum</span> <span class='ocrx_word' id='word_1_263' title='bbox 694 4027 842 4109; x_wconf 88' lang='lat' dir='ltr'>probata</span> <span class='ocrx_word' id='word_1_264' title='bbox 864 4026 940 4090; x_wconf 86' lang='grc'><strong>11111.</strong></span> <span class='ocrx_word' id='word_1_265' title='bbox 958 4026 1115 4107; x_wconf 88' lang='lat' dir='ltr'>Graeca,</span> <span class='ocrx_word' id='word_1_266' title='bbox 1139 4027 1191 4091; x_wconf 91' lang='lat' dir='ltr'>rei</span> <span class='ocrx_word' id='word_1_267' title='bbox 1210 4027 1368 4092; x_wconf 90' lang='lat' dir='ltr'>novitate</span> <span class='ocrx_word' id='word_1_268' title='bbox 1389 4027 1590 4093; x_wconf 90' lang='lat' dir='ltr'>admiratio·</span> 
     </span>
     <span class='ocr_line' id='line_1_35' title="bbox 361 4132 1591 4216; baseline -0.003 -13"><span class='ocrx_word' id='word_1_269' title='bbox 361 4155 442 4203; x_wconf 92' lang='lat' dir='ltr'>nem</span> <span class='ocrx_word' id='word_1_270' title='bbox 458 4155 530 4202; x_wconf 91' lang='lat' dir='ltr'>non</span> <span class='ocrx_word' id='word_1_271' title='bbox 544 4135 760 4201; x_wconf 88' lang='lat' dir='ltr'>mediocrem</span> <span class='ocrx_word' id='word_1_272' title='bbox 769 4134 918 4216; x_wconf 90' lang='lat' dir='ltr'>peperit.</span> <span class='ocrx_word' id='word_1_273' title='bbox 931 4132 1131 4214; x_wconf 89' lang='lat' dir='ltr'>Numquam</span> <span class='ocrx_word' id='word_1_274' title='bbox 1143 4134 1237 4198; x_wconf 90' lang='lat' dir='ltr'>enim</span> <span class='ocrx_word' id='word_1_275' title='bbox 1253 4145 1357 4200; x_wconf 86' lang='lat' dir='ltr'>antea</span> <span class='ocrx_word' id='word_1_276' title='bbox 1371 4151 1505 4216; x_wconf 87' lang='lat' dir='ltr'>graeco</span> <span class='ocrx_word' id='word_1_277' title='bbox 1520 4153 1591 4201; x_wconf 87' lang='lat' dir='ltr'>ser·</span> 
     </span>
     <span class='ocr_line' id='line_1_36' title="bbox 362 4240 1591 4324; baseline -0.001 -15"><span class='ocrx_word' id='word_1_278' title='bbox 362 4262 466 4309; x_wconf 89' lang='lat' dir='ltr'>mone</span> <span class='ocrx_word' id='word_1_279' title='bbox 481 4245 719 4309; x_wconf 89' lang='lat' dir='ltr'>declamatum</span> <span class='ocrx_word' id='word_1_280' title='bbox 732 4242 872 4324; x_wconf 92' lang='lat' dir='ltr'>publice</span> <span class='ocrx_word' id='word_1_281' title='bbox 890 4241 1018 4306; x_wconf 85' lang='lat' dir='ltr'>luerat.</span> <span class='ocrx_word' id='word_1_282' title='bbox 1041 4240 1204 4305; x_wconf 89' lang='lat' dir='ltr'>Accessit</span> <span class='ocrx_word' id='word_1_283' title='bbox 1219 4242 1274 4306; x_wconf 89' lang='lat' dir='ltr'>his</span> <span class='ocrx_word' id='word_1_284' title='bbox 1290 4243 1451 4324; x_wconf 84' lang='lat' dir='ltr'>dialogus</span> <span class='ocrx_word' id='word_1_285' title='bbox 1474 4243 1591 4308; x_wconf 90' lang='lat' dir='ltr'>latinis</span> 
     </span>
     <span class='ocr_line' id='line_1_37' title="bbox 361 4348 1590 4433; baseline -0.001 -17"><span class='ocrx_word' id='word_1_286' title='bbox 361 4352 540 4431; x_wconf 79' lang='lat' dir='ltr'>versibuS,</span> <span class='ocrx_word' id='word_1_287' title='bbox 557 4351 601 4416; x_wconf 89' lang='lat' dir='ltr'>de</span> <span class='ocrx_word' id='word_1_288' title='bbox 619 4348 823 4416; x_wconf 89' lang='lat' dir='ltr'>revocanda</span> <span class='ocrx_word' id='word_1_289' title='bbox 838 4350 883 4413; x_wconf 92' lang='lat' dir='ltr'>ab</span> <span class='ocrx_word' id='word_1_290' title='bbox 897 4349 1003 4412; x_wconf 84' lang='lat' dir='ltr'>exilio</span> <span class='ocrx_word' id='word_1_291' title='bbox 1018 4349 1204 4430; x_wconf 89' lang='lat' dir='ltr'>sapientia,</span> <span class='ocrx_word' id='word_1_292' title='bbox 1223 4351 1388 4432; x_wconf 91' lang='lat' dir='ltr'>scriptus,</span> <span class='ocrx_word' id='word_1_293' title='bbox 1406 4351 1467 4433; x_wconf 90' lang='lat' dir='ltr'>qui</span> <span class='ocrx_word' id='word_1_294' title='bbox 1483 4352 1590 4417; x_wconf 92' lang='lat' dir='ltr'>omni·</span> 
     </span>
    </p>
   </div>
   <div class='ocr_carea' id='block_1_5' title="bbox 402 4555 1069 4753">
    <p class='ocr_par' dir='ltr' id='par_1_9' title="bbox 402 4555 1069 4753">
     <span class='ocr_line' id='line_1_38' title="bbox 404 4555 644 4601; baseline 0 -2"><span class='ocrx_word' id='word_1_295' title='bbox 404 4557 412 4588; x_wconf 86' lang='lat'>¹</span> <span class='ocrx_word' id='word_1_296' title='bbox 441 4555 488 4600; x_wconf 81' lang='grc'><strong>111.</strong></span> <span class='ocrx_word' id='word_1_297' title='bbox 499 4556 644 4601; x_wconf 75' lang='lat' dir='ltr'>deducens.</span> 
     </span>
     <span class='ocr_line' id='line_1_39' title="bbox 402 4626 1069 4682; baseline 0 -9"><span class='ocrx_word' id='word_1_298' title='bbox 402 4627 414 4660; x_wconf 76' lang='lat'>²</span> <span class='ocrx_word' id='word_1_299' title='bbox 441 4626 926 4682; x_wconf 64' lang='grc' dir='ltr'><strong>1111116,1116ς1111111111,111166111</strong></span> <span class='ocrx_word' id='word_1_300' title='bbox 938 4626 1069 4673; x_wconf 79' lang='lat' dir='ltr'>Calabria.</span> 
     </span>
     <span class='ocr_line' id='line_1_40' title="bbox 403 4697 1005 4753; baseline 0.002 -10"><span class='ocrx_word' id='word_1_301' title='bbox 403 4699 414 4732; x_wconf 81' lang='lat'><strong>³</strong></span> <span class='ocrx_word' id='word_1_302' title='bbox 442 4699 563 4744; x_wconf 72' lang='lat' dir='ltr'>licuerat</span> <span class='ocrx_word' id='word_1_303' title='bbox 575 4697 715 4744; x_wconf 79' lang='lat' dir='ltr'>Societatls</span> <span class='ocrx_word' id='word_1_304' title='bbox 725 4700 850 4753; x_wconf 84' lang='lat' dir='ltr'>templum</span> <span class='ocrx_word' id='word_1_305' title='bbox 860 4697 1005 4746; x_wconf 72' lang='lat' dir='ltr'>areunae.</span> 
     </span>
    </p>
   </div>
   <div class='ocr_carea' id='block_1_6' title="bbox 0 0 1830 5350">
    <p class='ocr_par' dir='ltr' id='par_1_10' title="bbox 0 0 1830 5350">
     <span class='ocr_line' id='line_1_41' title="bbox 0 0 1830 5350; baseline 0 0"><span class='ocrx_word' id='word_1_306' title='bbox 0 0 1830 5350; x_wconf 95' lang='lat' dir='ltr'> </span> 
     </span>
    </p>
   </div>
  </div>
 </body>
</html>
