3642 5350
380 412 434 474 tol
597 494 599 498 y
837 413 1062 477 Corpusne.
1083 414 1154 489 Jns.

381 559 465 624 stris
479 559 612 623 scholis
627 560 664 623 in
678 559 947 626 humanioribus
960 560 1086 627 litteris
1102 560 1307 639 instructus,
1321 569 1355 625 et
1369 560 1549 625 Antonius
1563 559 1608 625 de

380 667 491 747 Leva,
507 667 773 748 Neapolitanus
790 669 861 750 qui,
879 668 1018 733 aurifex
1032 677 1109 733 erat
1123 677 1159 732 et
1172 668 1247 733 fere
1262 669 1529 750 sexagenarius,
1545 667 1611 735 So·

377 774 501 840 cietati
516 792 596 839 sese
610 773 861 856 adjunxerunt.

440 882 512 948 930.
554 884 730 967 Josephus
750 894 869 949 autem
887 884 1087 964 Fabricius,
1102 886 1174 967 qui,
1190 884 1305 949 Roma
1325 884 1464 965 missus,
1487 884 1609 950 huma,

378 992 498 1056 niores
516 990 654 1055 litteras
676 990 837 1071 docebat,
857 992 924 1057 sub
946 991 1051 1057 finem
1074 991 1178 1072 hujus
1200 993 1285 1056 anni
1303 992 1349 1059 ad
1369 992 1607 1063 sacerdotium

379 1106 563 1181 promotus
578 1107 643 1178 est,
659 1108 695 1163 et
709 1100 787 1180 ipso
801 1099 858 1163 die
873 1099 1177 1180 CircumcisioniS,
1193 1099 1253 1181 qui
1274 1100 1409 1180 primus
1429 1108 1506 1165 erat
1525 1100 1608 1164 anni

379 1207 570 1287 sequentis,
587 1206 739 1288 primum
753 1224 898 1272 sacrum
913 1207 1122 1287 celebravit;
1139 1216 1173 1272 et
1189 1207 1314 1273 eodem
1332 1206 1389 1271 die
1409 1217 1492 1273 ante
1511 1208 1609 1272 blen-

380 1313 477 1378 nium
490 1313 624 1378 dictum
639 1311 650 1346 ¹
665 1312 879 1379 Societatem
893 1314 1010 1379 fuerat
1024 1314 1208 1396 ingressus
1224 1312 1247 1378 ³.

437 1420 510 1485 931.
553 1421 718 1486 Matrona
732 1424 908 1505 quaedam
923 1423 1081 1503 illustris,
1097 1441 1189 1505 quae
1209 1422 1302 1505 apud
1324 1432 1465 1489 nostros
1488 1440 1606 1490 sacra·

379 1536 499 1594 menta
525 1529 782 1611 frequentabat,
810 1530 1006 1609 Collegium
1028 1540 1172 1596 nostrae
1197 1528 1387 1595 Societatis
1412 1532 1448 1595 in
1474 1532 1605 1613 oppido

379 1636 533 1717 quodam
547 1654 612 1701 suo
626 1637 811 1703 instituere
824 1638 981 1714 volebat3
1000 1638 1064 1702 sed
1077 1655 1121 1702 ne
1137 1638 1324 1703 satisfieret
1339 1638 1397 1720 pio
1420 1636 1495 1718 ejus
1515 1637 1606 1704 desi·

380 1745 490 1826 derio,
506 1745 655 1825 penuria
669 1746 914 1827 operariorum
928 1745 1043 1811 effecit
1058 1744 1082 1811 ⁸.

438 1851 510 1916 932.
553 1852 649 1937 Idem
663 1853 763 1919 cives
772 1853 913 1918 Massae
925 1852 937 1885 ⁴
947 1854 984 1917 in
996 1855 1082 1918 urbe
1094 1871 1157 1919 sua
1170 1854 1246 1919 lieri
1258 1854 1459 1937 cupiebant,
1473 1864 1508 1919 et
1520 1855 1603 1937 quia

378 1960 632 2025 saluberrimus
645 1968 707 2025 aer
721 1961 779 2025 ille
793 1961 941 2027 habetur
956 1971 1101 2044 propter
1116 1959 1192 2042 ejus
1203 1963 1373 2043 optimam
1384 1963 1604 2044 temperiem,

379 2068 451 2134 non
466 2070 581 2132 solum
595 2068 753 2149 ipsorum
768 2069 944 2149 spirituali
964 2069 1082 2149 saluti,
1102 2070 1166 2133 sed
1186 2070 1381 2135 valetudini
1401 2070 1509 2135 etiam
1530 2088 1607 2136 cor·

382 2177 497 2256 porali
511 2184 715 2240 nostrorum
730 2176 814 2239 utile
827 2176 904 2240 fore
914 2160 987 2240 'hoc
1006 2176 1203 2258 Collegium
1216 2177 1420 2257 videbatur;
1441 2195 1525 2243 nam
1544 2196 1607 2243 va-

380 2283 583 2348 letudinarii
596 2282 746 2365 Neapoli
762 2302 804 2348 eo
822 2282 949 2349 deduci
964 2282 1067 2348 facile
1082 2293 1260 2367 poterant;
1283 2285 1345 2349 sed
1365 2302 1410 2349 ne
1429 2286 1515 2351 illud
1534 2286 1607 2367 qui·

380 2390 460 2455 dem
476 2391 613 2456 admitti
627 2393 753 2474 potuit.
877 2385 884 2400 ’

437 2497 509 2563 933.
552 2500 709 2583 Joannes
720 2501 962 2566 Bernardiuus
976 2500 1163 2567 Ferrarius
1174 2500 1279 2582 huius
1291 2502 1375 2568 anni
1385 2503 1485 2569 initio
1498 2504 1534 2569 in
1546 2502 1606 2568 So·

378 2608 542 2671 cietatem
561 2607 735 2689 vigesimo
751 2608 879 2673 aetatis
894 2626 988 2675 anno
1004 2609 1179 2676 admissus
1195 2620 1259 2691 est,
1276 2628 1357 2676 cum
1374 2610 1448 2692 jam
1468 2612 1607 2693 logicae

377 2731 523 2795 operam
539 2716 625 2780 dare
645 2717 831 2799 coepisset.
1182 2723 1184 2728 ’

436 2821 506 2887 934.
550 2823 664 2906 Huius
689 2826 795 2890 etiam
818 2828 900 2891 anni
924 2827 1024 2892 initio
1045 2829 1256 2909 opusculum
1277 2829 1320 2892 de
1342 2827 1519 2910 frequenti
1540 2845 1605 2894 usu

376 2932 592 2996 sacramenti
606 2931 865 3014 Eucharistiae,
886 2952 908 2997 a
927 2934 966 2998 P.
988 2933 1162 2999 Madridio
1178 2937 1441 3016 concinnatum,
1458 2933 1606 3017 Neapoli

377 3031 473 3120 typis
487 3034 658 3103 excusum
672 3039 739 3104 fuit
753 3037 783 3119 ⁸3
806 3051 842 3106 et
864 3043 947 3121 quia
961 3042 1148 3107 multitudo
1168 3041 1474 3124 frequentantium
1488 3060 1606 3108 sacra·

377 3155 507 3226 menta,
531 3155 569 3210 ut
588 3145 743 3210 diximus
763 3145 776 3178 ⁰
797 3165 929 3229 magna
952 3158 1029 3214 erat
1050 3147 1211 3231 Neapoli,
1233 3150 1383 3215 libenter
1403 3151 1607 3232 praedictus

377 3251 516 3318 libellus
530 3253 578 3316 ibi
592 3264 764 3335 exceptus
778 3265 832 3318 est
847 3253 870 3317 ⁷.

415 3528 425 3563 Ι
454 3528 501 3575 liu.
510 3531 627 3574 doctum.

417 3600 429 3632 ¹
455 3600 618 3658 Videeupru,
629 3608 649 3646 t.
657 3613 683 3656 v,
693 3613 754 3658 pag.
764 3604 799 3656 u,
809 3615 834 3648 n.
843 3603 879 3648 83.

375 3673 378 3682 “
414 3671 433 3707 ⁸¹
455 3672 832 3731 Videinfrn,nn.1028et1021.

414 3745 427 3779 ⁴
452 3744 532 3790 Plura
542 3753 603 3790 eunt
611 3758 659 3802 per
669 3746 773 3791 itallam
786 3747 881 3802 oppida
895 3752 921 3792 et
935 3750 1012 3794 urbes
1028 3749 1075 3794 lroc
1090 3751 1241 3806 cognomine
1257 3751 1349 3798 Masso
1364 3753 1500 3811 diutinum
1512 3748 1604 3801 verum

373 3816 437 3861 nulli
447 3815 524 3861 dublo
536 3818 608 3861 locus
618 3825 658 3861 est
666 3819 726 3873 quln
734 3819 776 3863 bic
784 3829 869 3864 sermo
879 3819 925 3865 fiat
934 3821 965 3864 de
973 3823 1035 3866 urbe
1044 3821 1136 3868 Massa
1144 3823 1175 3868 dt
1182 3823 1352 3877 Surrentum
1360 3824 1457 3871 dictum
1465 3832 1506 3871 est
1515 3827 1540 3872 ln
1549 3826 1605 3872 trr-

372 3892 449 3933 ferae
459 3887 691 3941 Quadrimestres,
700 3895 719 3934 t.
730 3901 766 3943 rr,
774 3901 836 3945 pag.
843 3890 895 3936 260.

413 3959 426 3994 ὅ
453 3959 520 4005 Vide
530 3971 618 4016 supra,
629 3966 647 4005 t.
658 3972 695 4017 tv,
706 3973 765 4018 pag.
774 3963 808 4018 28,
819 3968 907 4008 annot.
918 3965 973 4009 iad
985 3977 1009 4010 n.
1019 3966 1054 4012 85.

413 4030 426 4065 θ
453 4031 547 4087 Supra,
558 4043 621 4087 pag.
631 4033 681 4086 212,
692 4045 718 4077 n.
728 4033 776 4078 oto.

389 4093 393 4100 '
412 4103 424 4136 '¹
452 4102 501 4149 illc
512 4105 614 4149 llbellus
624 4110 653 4150 ut
663 4106 746 4150 denno
756 4107 865 4162 Neapoli
875 4109 1048 4155 excuderetur
1057 4117 1148 4156 auctor
1163 4113 1319 4170 praecipuus
1328 4116 1415 4161 fuerat
1430 4115 1606 4175 Hieronymus

372 4174 480 4230 Vlgues.
490 4175 544 4220 “La
553 4177 730 4231 ringraziamo
739 4180 819 4224 etlam
826 4179 887 4224 delll
895 4181 955 4226 llbrl
963 4183 1094 4240 stumpatl,
1104 4185 1151 4228 che
1160 4183 1183 4228 cl
1194 4186 1287 4231 mundo
1297 4188 1337 4232 del
1347 4187 1501 4233 santissimo
1511 4187 1604 4234 Sucw

375 4253 471 4301 mentm
482 4257 496 4290 e
507 4247 533 4290 la
543 4254 620 4302 spese
630 4248 678 4293 che
688 4252 784 4304 parere
791 4261 808 4296 ι
817 4250 852 4296 ν.
859 4249 886 4296 S.
896 4252 918 4296 sl
928 4255 1006 4307 porra
1016 4261 1111 4300 mutter
1118 4267 1134 4300 u
1142 4261 1232 4301 nostro
1241 4266 1349 4313 contem
1360 4269 1423 4304 vero
1433 4261 1601 4306 mundaremu

370 4319 390 4363 ll
400 4319 460 4362 llbrl
476 4318 523 4363 che
539 4319 557 4362 ll
573 4330 719 4375 pererauno
733 4322 759 4366 ln
774 4324 959 4378 rumpente...
973 4325 1109 4381 Poluncue,
1120 4339 1154 4371 ex
1168 4339 1245 4381 com„
1258 4329 1416 4388 Hieronymo
1432 4331 1539 4387 Vignea,
1554 4331 1607 4378 33·

374 4389 600 4436 Februarii-Tot
611 4398 698 4437 tamen
708 4395 841 4439 errorlbus
854 4397 975 4441 scatebat
986 4397 1027 4442 bic
1038 4399 1148 4454 libellus,
1160 4407 1237 4456 prout
1247 4402 1355 4458 Neapoli
1367 4403 1452 4450 editus
1467 4405 1562 4456 fueret.
1576 4411 1605 4449 ut

372 4462 470 4508 Romae
480 4461 623 4517 iudicatum
632 4465 666 4509 slt
676 4473 797 4520 oportere
807 4473 895 4512 utnon
905 4467 978 4523 prius
988 4468 1182 4526 dlvenderetur,
1195 4484 1273 4528 quum
1283 4475 1387 4521 lllorum
1397 4487 1516 4521 errorum
1531 4477 1606 4521 taun-

371 4537 398 4580 la
413 4534 462 4589 lpsl
477 4540 563 4589 posset
574 4536 653 4591 afligi.
668 4536 729 4581 “Nel
744 4539 850 4583 llbretto
870 4544 1002 4595 stampato
1022 4540 1090 4586 della
1104 4543 1313 4600 frequentatione
1327 4547 1387 4592 dell·
1400 4547 1603 4595 Euchariston

371 4609 531 4650 troverunno
544 4607 618 4650 moltl
632 4607 715 4652 errori
730 4608 798 4653 della
812 4615 924 4666 stampe,
934 4621 948 4654 e
959 4612 1068 4666 qualche
1082 4625 1132 4660 uno
1142 4616 1166 4659 d’
1180 4617 1350 4674 importunae.
1367 4619 1389 4665 il
1403 4619 1512 4666 timedio
1522 4623 1536 4664 e
1547 4619 1604 4664 fure

372 4674 416 4721 ull·
430 4676 521 4722 ultimo
533 4683 667 4734 erumpere
678 4681 694 4724 t·
708 4682 791 4725 errorl
803 4681 939 4728 commeani
954 4682 980 4728 ln
993 4695 1027 4728 un
1040 4696 1105 4741 poco
1120 4689 1146 4733 cll
1157 4695 1241 4747 cartu,
1251 4701 1268 4736 ι
1283 4691 1325 4737 chi
1340 4703 1391 4737 non
1406 4691 1504 4740 roiensi
1518 4701 1603 4737 emen·
