3642 5350
790 422 854 483 An.
876 424 946 487 1556
1428 426 1485 485 ltu

250 578 324 648 rat;
339 576 374 631 et
388 570 493 649 paulo
508 579 588 649 post
603 568 825 633 confirmatio
840 571 1082 653 concessionis
1093 569 1279 652 Abbatiae,
1293 589 1401 652 quam
1415 572 1480 637 lm-

250 684 394 756 perator
408 674 559 739 Carolus
572 675 722 753 fecerat,
739 694 760 738 a
779 692 874 739 novo
892 675 991 755 Rege
1006 675 1167 758 Philippo
1182 678 1247 741 fuit
1267 678 1429 757 obtenta,
1445 690 1481 744 et

251 782 403 847 facultas
417 782 477 846 illa
491 783 703 846 extrahendi
723 783 875 847 ducenta
890 783 1008 846 modia
1030 802 1075 847 ex
1089 783 1211 849 Sicilia
1230 785 1267 849 in
1286 786 1481 851 subsidium

252 887 440 954 Societatis
454 888 638 953 Romanae
660 888 680 953 ¹.

315 996 402 1061 1924.
446 997 590 1061 Ineunte
606 1004 725 1061 autem
739 1013 859 1060 mense
874 996 1080 1075 Novembri,
1098 998 1236 1062 litteras
1250 1016 1272 1061 a
1283 997 1321 1062 P.
1336 1000 1484 1064 Vicario

251 1104 396 1186 Laynez
410 1106 548 1185 accepit
561 1104 599 1167 P.
616 1102 876 1184 Ribadencyra,
890 1104 1017 1183 quibus
1032 1103 1069 1167 in
1080 1104 1218 1169 Italiam
1232 1106 1298 1170 fuit
1310 1117 1483 1171 evocatus

252 1227 332 1275 cum
356 1211 455 1275 socio
475 1210 670 1275 Francisco
694 1209 878 1274 Ghiraldo.
903 1208 1076 1289 Adiunxit
1104 1222 1224 1276 autem
1248 1230 1287 1275 se
1311 1210 1484 1277 Societati

183 1306 187 1311 ’
251 1318 402 1383 Lovanii
417 1317 481 1381 Dr.
495 1317 680 1395 Ledesma‚
694 1318 753 1397 qui
768 1318 860 1381 inter
874 1317 1112 1381 scholasticos
1125 1319 1295 1399 hispanos
1309 1316 1385 1399 ejus
1398 1318 1481 1383 Uni·

253 1425 433 1488 versitatis
446 1425 581 1505 primas
596 1424 739 1488 tenebat
756 1422 778 1485 ¹.

315 1532 402 1596 1925.
446 1530 536 1595 Cum
568 1542 687 1595 autem
714 1531 837 1593 ultimo
860 1530 1059 1594 Lovanium
1088 1531 1245 1595 venisset
1270 1531 1308 1596 P.
1335 1532 1484 1597 Ribade·

252 1657 377 1721 myra,
393 1639 553 1704 decrevit
569 1635 767 1719 [Ledesma]
783 1637 851 1700 hoc
867 1637 1070 1702 institutum
1084 1639 1195 1718 sequi,
1212 1648 1247 1701 et
1261 1656 1342 1703 cum
1357 1640 1434 1721 ipso
1448 1641 1485 1703 in

252 1746 391 1809 Italiam
406 1746 515 1809 venit.
532 1744 637 1821 Ante,
651 1754 782 1822 tamen,
799 1760 906 1825 quam
917 1743 1214 1824 proficisceretur,
1228 1746 1302 1825 egit
1316 1762 1399 1810 cum
1412 1746 1482 1810 Do·

253 1854 348 1916 mino
362 1852 500 1934 Joanne
515 1852 558 1915 de
576 1849 605 1915 F
607 1851 772 1931 igueroa,
793 1851 854 1931 qui
868 1850 1072 1931 praefectus
1087 1852 1181 1915 arcis
1195 1852 1482 1932 mediolanensis,

253 1969 288 2023 et
303 1959 451 2025 Comitis
463 1958 492 2022 F
493 1960 589 2022 eriae
604 1957 715 2021 frater
731 1958 964 2021 consobrinus
983 1968 1078 2038 erat,
1105 1966 1140 2022 et
1155 1960 1260 2023 valde
1275 1959 1484 2041 conjunctus

253 2067 427 2146 sanguine
440 2063 533 2129 Duci
549 2066 699 2144 Albano,
713 2065 756 2128 de
768 2064 927 2143 Collegio
943 2064 1133 2129 Mediolani
1147 2066 1376 2148 instituendo,
1390 2068 1484 2149 quod

251 2174 454 2255 praedictus
465 2173 639 2237 Dominus
647 2173 804 2255 Joannes
815 2172 859 2235 de
870 2171 1049 2251 Figueroa
1060 2190 1132 2236 non
1147 2174 1375 2238 mediocriter
1386 2184 1483 2256 opta·

252 2284 328 2362 bat,
350 2298 430 2345 cum
450 2279 619 2345 societati
643 2289 788 2343 nostrae
806 2278 912 2341 valde
937 2278 1100 2343 addictus
1123 2290 1228 2343 esset.
1250 2280 1394 2345 Etcum
1415 2282 1483 2345 iter

252 2390 462 2453 instituisset
477 2387 514 2451 P.
532 2386 782 2467 Ribadeneyra
800 2386 1052 2465 Mediolanum,
1068 2404 1149 2450 cum
1169 2388 1296 2452 eodem
1315 2404 1424 2467 agere
1438 2388 1483 2453 de

253 2515 291 2560 re
307 2496 430 2560 eadem
445 2504 634 2559 statuerat.

315 2602 402 2667 1926.
447 2602 684 2667 contraxerat
701 2602 808 2663 etiam
823 2600 1017 2664 amicitiam
1037 2601 1074 2665 in
1096 2601 1202 2664 domo
1222 2600 1334 2665 Ducis
1355 2598 1482 2665 Feriae

253 2729 334 2776 cum
348 2710 449 2774 Duce
464 2709 798 2790 Methymnaecoeli,
816 2709 876 2788 qui
887 2708 1036 2771 Pro-rex
1046 2708 1084 2771 in
1094 2707 1252 2772 Siciliam
1263 2709 1481 2787 mittebatur,

254 2829 287 2882 et
302 2817 513 2883 Societatem
528 2825 687 2880 nostram
701 2815 803 2878 valde
818 2815 1004 2894 diligebat;
1021 2825 1055 2878 et
1071 2833 1151 2879 cum
1167 2816 1398 2879 intellexisset
1413 2817 1482 2878 col·

253 2927 345 3006 legia
367 2924 556 2990 Societatis
578 2941 620 2986 eo
642 2924 678 2986 in
703 2939 815 3002 regno
840 2939 934 3001 esse,
958 2921 1027 2985 hoc
1049 2932 1186 2985 tantum
1208 2922 1274 2986 sibi
1294 2923 1482 3003 displicere

253 3032 379 3113 ajebat,
396 3033 490 3113 quod
505 3032 580 3112 ipse
595 3047 718 3094 eorum
729 3029 962 3108 collegiorum
973 3030 1141 3093 fundator
1152 3047 1223 3092 non
1234 3039 1339 3095 esset.

313 3140 402 3204 1927.
444 3139 601 3202 Dederat
617 3138 723 3200 etiam
739 3145 821 3200 ante
840 3153 942 3198 suam
964 3135 1220 3216 prosectionem
1234 3154 1280 3200 ex
1299 3138 1401 3200 curia
1415 3136 1479 3200 Co·

250 3248 326 3311 miti
340 3246 465 3311 Feriae
485 3245 638 3323 litteraS,
662 3242 802 3306 nomine
827 3241 862 3303 Ρ.
879 3241 1018 3306 Vicarii
1039 3242 1207 3323 scriptaS,
1232 3242 1276 3305 de
1297 3243 1335 3307 P.
1353 3243 1482 3322 Ignatii

250 3355 415 3432 decessu,
439 3368 543 3432 quem
557 3351 685 3416 Comes
705 3349 810 3412 valde
829 3359 1006 3424 senserat,
1034 3359 1069 3412 et
1091 3349 1238 3412 contulit
1256 3367 1337 3413 cum
1359 3367 1414 3429 eo,
1435 3366 1483 3413 an

252 3460 339 3540 Regi
354 3460 515 3540 Philippo
530 3459 631 3537 alias,
648 3473 740 3538 quae
755 3455 823 3535 ipsi
838 3455 1085 3519 scribebantur
1098 3474 1141 3519 ea
1156 3456 1200 3519 de
1215 3473 1264 3534 re,
1278 3456 1364 3519 dare
1378 3456 1480 3519 debe·

252 3579 316 3644 ret,
333 3577 367 3632 et
382 3568 498 3631 visum
512 3566 561 3630 illi
575 3565 640 3628 iuit
654 3564 791 3629 dandas
806 3562 855 3625 illi
871 3579 965 3643 esse;
982 3574 1016 3625 et
1032 3563 1121 3627 alias
1136 3564 1242 3626 etiam
1255 3563 1386 3627 Comiti
1399 3562 1483 3626 Rui-

252 3693 387 3756 gomez.

315 3781 402 3846 1928.
446 3782 490 3845 Et
514 3781 564 3844 ita
589 3795 709 3842 mense
734 3775 929 3841 Novembri
953 3775 1090 3840 Italiam
1111 3793 1239 3840 versus
1259 3775 1381 3854 rediit,
1401 3793 1483 3840 cum

252 3891 352 3971 prius
371 3889 521 3954 Carolus
542 3887 752 3967 Imperator,
773 3882 809 3948 id
829 3893 898 3962 est,
923 3899 1044 3947 mense
1063 3881 1279 3963 Septembri,
1299 3884 1337 3946 in
1356 3881 1481 3964 Hispa·

251 3999 347 4060 niam
363 4013 441 4060 cum
457 3997 532 4060 suis
546 3993 730 4058 sororibus
750 3991 975 4069 recessisset,
998 4007 1068 4071 quo
1082 3989 1154 4055 27.ΙΙ
1173 3988 1331 4070 ejusdem
1350 3990 1483 4054 mensis

252 4121 423 4184 prospero
440 4112 546 4167 vento
566 4100 741 4182 pervenit,
759 4108 793 4162 et
809 4097 951 4162 Laredii
970 4108 1114 4178 portum
1133 4097 1317 4176 ingressus
1339 4095 1431 4180 [est];
1447 4107 1484 4162 et

251 4211 392 4292 quidem
403 4227 485 4274 cum
494 4207 593 4287 Rege
604 4205 745 4270 Galliae
754 4204 916 4268 inducias
931 4204 977 4266 ad
987 4204 1178 4268 triennium
1190 4203 1319 4284 factas,
1330 4203 1483 4269 Februa·

291 4454 298 4484 ¹
328 4452 395 4498 Vlde
405 4462 492 4507 supra,
499 4462 524 4496 n.
534 4449 714 4494 1907.-Verba
722 4456 810 4493 entem
818 4445 846 4490 Ρ.
855 4445 1039 4496 Rivadenelra.
1048 4445 1141 4500 qulbus
1149 4415 1203 4500 ipse
1210 4442 1356 4501 suffragiis
1364 4443 1394 4492 Ρ,
1403 4445 1483 4500 rgna-

251 4528 286 4570 tir'
299 4526 520 4580 irnpetrationem
535 4523 628 4567 barum
643 4531 730 4566 rerum
746 4519 928 4571 adscribebat,
942 4518 1078 4562 retulimus
1092 4527 1140 4562 nos
1155 4518 1259 4572 quidem
1272 4529 1362 4574 mn,
1376 4529 1438 4574 pag.
1447 4519 1484 4573 to,

250 4609 276 4642 n*
288 4599 379 4714 1132ςέ
381 4602 432 4713 {rc
441 4597 507 4720 um
517 4667 549 4712 P.
562 4665 659 4718 Jacobo
670 4665 701 4708 de
711 4663 850 4717 Ledesma‚
859 4662 1001 4707 iterabitur
1010 4672 1095 4706 sermo
1106 4659 1217 4711 inirem.
1228 4655 1292 4705 rm.

363 4759 401 4816 T.
424 4776 462 4815 vr.
1266 4767 1302 4824 29
