3642 5350
774 415 840 474 An.
861 414 932 476 l'a'tb
1315 467 1317 471 .
1412 417 1468 477 593

290 563 382 630 2556.
425 562 464 627 In
478 561 762 642 Quadragesima
776 570 896 624 autem
916 561 1050 640 aliquot
1067 561 1258 625 conciones
1278 561 1463 642 praedicto

229 673 328 737 Patri
342 670 565 736 Emmanueli
579 667 848 732 commendatae
864 666 1042 747 Compluti
1057 666 1211 746 fuerunt,
1226 677 1260 732 et
1273 668 1395 732 diebus
1407 686 1466 734 ve·

231 779 329 844 neris
343 787 379 842 et
397 776 607 859 quibusdam
628 775 735 838 etiam
757 773 946 838 dominicis
970 791 1051 837 cum
1072 789 1204 853 magna
1225 775 1468 841 satisfactione

233 897 267 950 et
283 901 461 951 concursu
477 884 705 948 ecclesiastes
718 898 866 946 munere
880 880 1025 967 iunctus
1040 889 1104 944 est.

293 992 386 1057 2557.
428 991 468 1055 In
483 989 708 1055 xenodochio
723 989 850 1066 etiam,
870 986 967 1068 quod
988 988 1103 1051 nostri
1122 987 1338 1068 invisebant,
1356 990 1469 1054 chari·

235 1110 292 1165 tas
311 1097 552 1178 compluribus
572 1097 732 1176 impensa
752 1104 823 1172 est,
845 1112 908 1159 eos
930 1093 1150 1158 consolando
1170 1104 1206 1158 et
1228 1093 1471 1161 consessiones

233 1222 356 1271 eorum
381 1203 570 1268 audiendo.
597 1202 824 1266 Assistebant
844 1201 952 1265 etiam
974 1201 1173 1282 morituris,
1198 1211 1233 1265 et
1258 1203 1328 1266 alia
1352 1202 1469 1283 buJ'us-

234 1313 340 1386 modi,
358 1329 448 1393 quae
464 1309 653 1375 Societatis
667 1309 814 1390 propria
829 1318 923 1386 sunt,
940 1308 1167 1372 exercebant.

295 1417 386 1482 2558.
430 1417 634 1499 Spiritualia
649 1416 820 1480 exercitia
835 1416 955 1479 multis
970 1424 1005 1478 et
1020 1416 1245 1479 scholasticis
1257 1425 1292 1480 et
1304 1411 1383 1482 alii's
1394 1433 1470 1497 per·

235 1527 333 1592 sonis
346 1543 419 1589 non
433 1525 594 1604 vulgaris
609 1523 832 1587 auctoritatis
847 1521 978 1586 tradita
994 1521 1154 1586 fuerunt:
1179 1532 1214 1586 et
1232 1523 1356 1603 primis
1376 1541 1469 1588 men-

235 1633 333 1697 sibus
346 1628 450 1712 hujus
470 1631 555 1695 anni
574 1647 638 1693 sex
653 1639 689 1694 et
706 1637 841 1710 septem
864 1630 971 1692 simul
994 1627 1195 1708 buJusmodi
1211 1630 1469 1695 exercitationi·

234 1739 301 1803 bus
315 1738 412 1802 domi
427 1745 571 1801 nostrae
585 1736 850 1812 excolebantur,
865 1745 900 1799 et
913 1735 943 1797 si
957 1736 1211 1816 occupationes
1223 1746 1425 1802 nostrorum
1435 1746 1472 1802 et

237 1845 468 1910 habitationis
483 1844 718 1908 commoditas
733 1843 769 1907 id
783 1843 1018 1923 permisisset,
1037 1844 1156 1924 plures
1175 1843 1271 1906 haud
1287 1844 1390 1908 dubie
1408 1861 1471 1907 no·

238 1964 393 2016 strorum
408 1968 517 2032 opera
532 1953 569 2015 in
583 1951 639 2014 bis
654 1967 692 2014 se
708 1949 996 2013 meditationibus
1015 1949 1269 2013 exercuissent.
1291 1949 1471 2031 Quantum

155 2121 160 2132 ,
239 2071 359 2123 autem
374 2059 409 2120 in
424 2059 476 2121 eis
490 2057 716 2137 proficerent,
734 2058 944 2137 qualemque
964 2055 1126 2136 spiritum
1141 2075 1162 2120 a
1177 2055 1333 2121 Domino
1347 2059 1471 2122 hause-

239 2168 326 2244 rint,
348 2164 556 2230 ostendebat
576 2165 723 2243 egregia
743 2164 857 2243 pietas
878 2172 914 2227 et
933 2162 1057 2227 servor
1079 2163 1223 2228 divinae
1242 2165 1332 2245 legis
1354 2166 1471 2230 obser·

239 2272 399 2350 vandae,
415 2283 450 2335 et
464 2272 500 2333 in
515 2271 610 2334 omni
625 2271 756 2333 virtute
776 2269 1000 2350 proficiendi,
1024 2287 1115 2351 quae
1135 2271 1172 2334 in
1192 2269 1392 2351 hujusmodi
1410 2272 1471 2336 bo·

239 2379 392 2444 minibus
405 2378 441 2441 in
457 2377 688 2458 consequenti
705 2378 776 2440 vita
791 2377 1039 2455 cernebantur;
1056 2395 1147 2456 quae
1163 2394 1310 2458 prorsus
1322 2381 1473 2442 mutatio

240 2487 408 2550 dexterae
424 2485 567 2549 Excelsi
578 2483 772 2564 judicanda
787 2493 876 2547 erat.

299 2592 389 2656 2550.
434 2590 562 2655 Primis
576 2600 694 2654 autem
710 2601 863 2671 quatuor
878 2590 1057 2654 mensibus
1073 2609 1118 2654 ex
1134 2592 1260 2655 horum
1272 2610 1419 2656 numero
1434 2593 1474 2656 in

240 2700 455 2766 Societatem
469 2699 616 2762 admissi
630 2708 712 2762 sunt
728 2699 1008 2778 quatuordecim,
1025 2700 1077 2761 eis
1092 2700 1242 2778 praediti
1258 2700 1415 2779 dotibus,
1433 2709 1473 2765 ut

241 2808 368 2871 merito
383 2822 552 2886 magnam
567 2804 854 2885 expectationem
869 2804 905 2869 in
920 2807 1053 2869 nostris
1068 2806 1283 2885 excitarent,
1304 2807 1474 2889 perutiles

241 2904 370 2977 vineae
387 2912 533 2977 Domini
554 2912 739 2993 operarios
758 2929 821 2975 eos
839 2910 997 2991 futuros,
1018 2922 1120 2976 erant
1142 2914 1237 2977 enim
1256 2913 1329 2978 fere
1350 2932 1476 2979 omnes

241 3022 334 3084 inter
348 3020 540 3101 primarios
553 3017 630 3100 ejus
643 3016 864 3082 Academiae
878 3020 1114 3083 scholasticos
1129 3022 1324 3102 computati
1343 3024 1361 3085 ¹.

301 3126 393 3191 2560.
437 3126 517 3207 Ipso
531 3128 568 3190 in
583 3127 684 3191 initio
699 3125 794 3204 anni,
808 3127 924 3207 primo
937 3128 1028 3207 loco,
1042 3127 1218 3192 admissus
1229 3128 1296 3193 fuit
1307 3128 1371 3193 Dr.
1388 3128 1472 3194 Saa-

242 3226 372 3314 uedra,
399 3236 458 3315 qui
482 3235 518 3297 in
539 3234 666 3297 litteris
690 3242 724 3297 et
745 3250 885 3298 morum
904 3234 1085 3313 gravitate
1104 3251 1273 3315 magnam
1298 3236 1474 3318 Compluti

241 3342 492 3406 auctoritatem
507 3340 575 3404 sibi
589 3340 859 3417 conciliaverat;
876 3340 923 3404 ad
938 3358 1018 3404 eum
1033 3342 1128 3405 enim
1142 3342 1288 3423 majoris
1306 3344 1477 3408 momenti

243 3450 388 3530 negotia
407 3448 668 3527 deserebantur,
690 3457 725 3511 et
746 3448 782 3511 in
805 3449 915 3512 rebus
940 3447 1055 3512 dubiis
1080 3466 1161 3513 eum
1186 3451 1418 3515 consulebant
1442 3460 1480 3514 et

245 3558 418 3621 arbitrum
433 3556 707 3620 constituebant:
731 3571 813 3618 cum
834 3556 870 3619 in
892 3556 960 3635 his,
983 3572 1074 3637 quae
1096 3556 1142 3620 ad
1164 3555 1239 3636 ejus
1259 3557 1479 3636 facultatem,

246 3666 395 3743 scilicet,
408 3662 499 3744 juris
517 3662 692 3741 canonici,
709 3662 931 3744 spectabant,
957 3662 1181 3727 dexteritatis
1201 3675 1235 3727 et
1254 3665 1478 3729 exercitatio·

246 3773 302 3837 nis
317 3772 507 3851 plurimum
521 3771 653 3834 habere
674 3787 756 3833 cum
777 3786 909 3849 magna
934 3772 1138 3850 integritate
1160 3770 1386 3851 conjunctum
1406 3772 1480 3836 exi-

247 3878 474 3957 stimabatur;
495 3887 531 3941 et
557 3878 607 3941 ita
631 3878 707 3940 suis
732 3876 993 3941 consultoribus
1018 3878 1101 3958 quid
1124 3876 1283 3957 iustitiae
1308 3888 1370 3942 aut
1396 3878 1477 3960 quid

247 3984 442 4065 injustitiae
456 3984 640 4062 baberent,
657 3986 791 4063 absque
805 3986 876 4047 ullo
892 3983 973 4048 fuco
989 3986 1108 4049 statim
1119 3986 1338 4049 declarabat.

310 4094 402 4158 2561.
447 4093 601 4156 Vivente
619 4091 731 4172 ipsius
754 4108 882 4171 uxore,
905 4092 1104 4173 spiritualia
1126 4093 1297 4158 exercitia
1319 4112 1480 4175 suscepes

247 4209 317 4277 rat,
339 4209 374 4265 et
393 4201 606 4279 simulatque
625 4199 685 4262 illa
710 4199 812 4277 obiit,
838 4199 875 4262 in
900 4198 1115 4263 Societatem
1140 4216 1179 4263 se
1203 4201 1342 4264 admitti
1363 4212 1480 4283 postu·

289 4512 298 4545 ¹
327 4510 398 4564 Quae
416 4511 448 4556 ll·
464 4508 577 4554 numeris
596 4519 613 4553 a
632 4507 745 4553 Polanco
760 4508 926 4564 posteritati·
936 4512 1075 4555 memoriae
1091 4513 1317 4564 commendantur,
1333 4526 1364 4557 ea
1377 4514 1486 4559 tradunt

248 4583 373 4629 laudatae
384 4582 507 4627 litterae
515 4580 747 4634 Quavrmesrm,
758 4579 886 4636 Compluti
898 4584 907 4625 l
920 4580 980 4637 blaJl
991 4584 1024 4626 ab
1039 4582 1197 4640 Hieronymo
1208 4584 1239 4628 de
1250 4584 1363 4640 Ripnlda
1373 4588 1489 4631 conscri-

249 4661 322 4711 ptae,
334 4665 399 4710 qun
407 4654 468 4698 vide
480 4659 502 4697 t.
514 4664 551 4707 iv,
561 4664 621 4708 paz.
633 4651 732 4697 ΜΗ.

402 4744 441 4802 T.
462 4759 504 4800 vr.
1276 4746 1309 4817 38
