<?xml version="1.0" encoding="UTF-8"?>
<!DOCTYPE html PUBLIC "-//W3C//DTD XHTML 1.0 Transitional//EN"
    "http://www.w3.org/TR/xhtml1/DTD/xhtml1-transitional.dtd">
<html xmlns="http://www.w3.org/1999/xhtml" xml:lang="en" lang="en">
 <head>
  <title>
</title>
<meta http-equiv="Content-Type" content="text/html;charset=utf-8" />
  <meta name='ocr-system' content='tesseract 3.04.00' />
  <meta name='ocr-capabilities' content='ocr_page ocr_carea ocr_par ocr_line ocrx_word'/>
</head>
<body>
  <div class='ocr_page' id='page_1' title='image "./vitaignatiiloio00polagoog_0399.png"; bbox 0 0 3642 5350; ppageno 0'>
   <div class='ocr_carea' id='block_1_1' title="bbox 809 446 1503 511">
    <p class='ocr_par' dir='ltr' id='par_1_1' title="bbox 809 446 1503 511">
     <span class='ocr_line' id='line_1_1' title="bbox 809 446 1503 511; baseline 0.003 -2"><span class='ocrx_word' id='word_1_1' title='bbox 809 446 872 509; x_wconf 78' lang='lat' dir='ltr'><strong>An.</strong></span> <span class='ocrx_word' id='word_1_2' title='bbox 895 448 966 511; x_wconf 82' lang='grc'>1566</span> <span class='ocrx_word' id='word_1_3' title='bbox 1448 449 1503 511; x_wconf 84' lang='grc'><strong>389</strong></span> 
     </span>
    </p>
   </div>
   <div class='ocr_carea' id='block_1_2' title="bbox 182 597 1586 2617">
    <p class='ocr_par' dir='ltr' id='par_1_2' title="bbox 269 597 1501 1002">
     <span class='ocr_line' id='line_1_2' title="bbox 269 597 1501 691; baseline -0.002 -27"><span class='ocrx_word' id='word_1_4' title='bbox 269 616 348 691; x_wconf 83' lang='lat' dir='ltr'><strong>rum</strong></span> <span class='ocrx_word' id='word_1_5' title='bbox 365 616 475 680; x_wconf 84' lang='lat' dir='ltr'><strong>opera</strong></span> <span class='ocrx_word' id='word_1_6' title='bbox 493 607 528 662; x_wconf 90' lang='lat' dir='ltr'><strong>et</strong></span> <span class='ocrx_word' id='word_1_7' title='bbox 547 598 696 663; x_wconf 90' lang='lat' dir='ltr'><strong>consilio</strong></span> <span class='ocrx_word' id='word_1_8' title='bbox 721 598 756 663; x_wconf 90' lang='lat' dir='ltr'><strong>in</strong></span> <span class='ocrx_word' id='word_1_9' title='bbox 781 598 900 661; x_wconf 88' lang='lat' dir='ltr'><strong>causis</strong></span> <span class='ocrx_word' id='word_1_10' title='bbox 924 598 1108 677; x_wconf 81' lang='lat' dir='ltr'><strong>religionis</strong></span> <span class='ocrx_word' id='word_1_11' title='bbox 1133 606 1168 662; x_wconf 94' lang='lat' dir='ltr'><strong>et</strong></span> <span class='ocrx_word' id='word_1_12' title='bbox 1188 598 1393 663; x_wconf 84' lang='lat' dir='ltr'><strong>academiae</strong></span> <span class='ocrx_word' id='word_1_13' title='bbox 1419 597 1501 661; x_wconf 86' lang='lat' dir='ltr'><strong>Dux</strong></span> 
     </span>
     <span class='ocr_line' id='line_1_3' title="bbox 270 705 1500 803; baseline -0.002 -31"><span class='ocrx_word' id='word_1_14' title='bbox 270 708 444 786; x_wconf 84' lang='lat' dir='ltr'><strong>utebatur;</strong></span> <span class='ocrx_word' id='word_1_15' title='bbox 460 714 494 771; x_wconf 91' lang='lat' dir='ltr'><strong>et</strong></span> <span class='ocrx_word' id='word_1_16' title='bbox 508 705 603 789; x_wconf 92' lang='lat' dir='ltr'><strong>quod</strong></span> <span class='ocrx_word' id='word_1_17' title='bbox 617 724 660 772; x_wconf 91' lang='lat' dir='ltr'><strong>eo</strong></span> <span class='ocrx_word' id='word_1_18' title='bbox 675 714 833 787; x_wconf 91' lang='lat' dir='ltr'><strong>tempore</strong></span> <span class='ocrx_word' id='word_1_19' title='bbox 845 705 938 770; x_wconf 89' lang='lat' dir='ltr'><strong>idem</strong></span> <span class='ocrx_word' id='word_1_20' title='bbox 951 706 988 769; x_wconf 88' lang='lat' dir='ltr'><strong>in</strong></span> <span class='ocrx_word' id='word_1_21' title='bbox 999 706 1161 803; x_wconf 80' lang='lat' dir='ltr'><strong>cogendo</strong></span> <span class='ocrx_word' id='word_1_22' title='bbox 1173 717 1352 771; x_wconf 89' lang='lat' dir='ltr'><strong>conventu</strong></span> <span class='ocrx_word' id='word_1_23' title='bbox 1365 706 1500 770; x_wconf 87' lang='lat' dir='ltr'><strong>ordinis</strong></span> 
     </span>
     <span class='ocr_line' id='line_1_4' title="bbox 270 810 1501 895; baseline -0.001 -17"><span class='ocrx_word' id='word_1_24' title='bbox 270 814 325 879; x_wconf 89' lang='lat' dir='ltr'><strong>sui</strong></span> <span class='ocrx_word' id='word_1_25' title='bbox 346 823 460 878; x_wconf 88' lang='lat' dir='ltr'><strong>status</strong></span> <span class='ocrx_word' id='word_1_26' title='bbox 483 821 677 895; x_wconf 85' lang='lat' dir='ltr'><strong>occupatus</strong></span> <span class='ocrx_word' id='word_1_27' title='bbox 697 820 790 891; x_wconf 85' lang='lat' dir='ltr'><strong>erat,</strong></span> <span class='ocrx_word' id='word_1_28' title='bbox 811 810 945 877; x_wconf 86' lang='lat' dir='ltr'><strong>differri</strong></span> <span class='ocrx_word' id='word_1_29' title='bbox 964 830 1068 894; x_wconf 92' lang='lat' dir='ltr'><strong>posse</strong></span> <span class='ocrx_word' id='word_1_30' title='bbox 1083 814 1340 894; x_wconf 89' lang='lat' dir='ltr'><strong>aliquantulum</strong></span> <span class='ocrx_word' id='word_1_31' title='bbox 1360 813 1501 893; x_wconf 88' lang='lat' dir='ltr'><strong>collegii</strong></span> 
     </span>
     <span class='ocr_line' id='line_1_5' title="bbox 272 920 727 1002; baseline -0.004 -15"><span class='ocrx_word' id='word_1_32' title='bbox 272 922 477 987; x_wconf 88' lang='lat' dir='ltr'><strong>missionem</strong></span> <span class='ocrx_word' id='word_1_33' title='bbox 492 920 727 1002; x_wconf 86' lang='lat' dir='ltr'><strong>significabat.</strong></span> 
     </span>
    </p>

    <p class='ocr_par' dir='ltr' id='par_1_3' title="bbox 270 1027 1503 1649">
     <span class='ocr_line' id='line_1_6' title="bbox 332 1027 1503 1111; baseline 0 -17"><span class='ocrx_word' id='word_1_34' title='bbox 332 1027 420 1094; x_wconf 89' lang='grc'>1646.</span> <span class='ocrx_word' id='word_1_35' title='bbox 465 1027 535 1094; x_wconf 90' lang='lat' dir='ltr'><strong>Sed</strong></span> <span class='ocrx_word' id='word_1_36' title='bbox 555 1044 638 1094; x_wconf 93' lang='lat' dir='ltr'><strong>cum</strong></span> <span class='ocrx_word' id='word_1_37' title='bbox 659 1028 835 1093; x_wconf 87' lang='lat' dir='ltr'><strong>Dominus</strong></span> <span class='ocrx_word' id='word_1_38' title='bbox 853 1028 919 1093; x_wconf 88' lang='lat' dir='ltr'><strong>Dr.</strong></span> <span class='ocrx_word' id='word_1_39' title='bbox 942 1027 1105 1094; x_wconf 88' lang='lat' dir='ltr'><strong>Huudius</strong></span> <span class='ocrx_word' id='word_1_40' title='bbox 1121 1028 1152 1109; x_wconf 87' lang='lat'><strong>¹,</strong></span> <span class='ocrx_word' id='word_1_41' title='bbox 1172 1029 1234 1111; x_wconf 91' lang='lat' dir='ltr'><strong>qui</strong></span> <span class='ocrx_word' id='word_1_42' title='bbox 1251 1029 1503 1109; x_wconf 87' lang='lat' dir='ltr'><strong>Universitatis</strong></span> 
     </span>
     <span class='ocr_line' id='line_1_7' title="bbox 270 1136 1500 1219; baseline -0.001 -17"><span class='ocrx_word' id='word_1_43' title='bbox 270 1136 462 1218; x_wconf 88' lang='lat' dir='ltr'><strong>Prageusis</strong></span> <span class='ocrx_word' id='word_1_44' title='bbox 476 1145 648 1218; x_wconf 89' lang='lat' dir='ltr'><strong>patronus</strong></span> <span class='ocrx_word' id='word_1_45' title='bbox 669 1146 758 1216; x_wconf 88' lang='lat' dir='ltr'><strong>erat,</strong></span> <span class='ocrx_word' id='word_1_46' title='bbox 782 1136 851 1201; x_wconf 93' lang='lat' dir='ltr'><strong>hoc</strong></span> <span class='ocrx_word' id='word_1_47' title='bbox 872 1137 1055 1216; x_wconf 83' lang='lat' dir='ltr'><strong>negotium</strong></span> <span class='ocrx_word' id='word_1_48' title='bbox 1076 1138 1171 1219; x_wconf 89' lang='lat' dir='ltr'><strong>apud</strong></span> <span class='ocrx_word' id='word_1_49' title='bbox 1189 1137 1326 1203; x_wconf 89' lang='lat' dir='ltr'><strong>Ducem</strong></span> <span class='ocrx_word' id='word_1_50' title='bbox 1345 1148 1500 1218; x_wconf 86' lang='lat' dir='ltr'><strong>urgeret,</strong></span> 
     </span>
     <span class='ocr_line' id='line_1_8' title="bbox 271 1242 1500 1325; baseline 0 -16"><span class='ocrx_word' id='word_1_51' title='bbox 271 1246 389 1310; x_wconf 88' lang='lat' dir='ltr'><strong>omnia</strong></span> <span class='ocrx_word' id='word_1_52' title='bbox 410 1245 662 1325; x_wconf 86' lang='lat' dir='ltr'><strong>impedimenta</strong></span> <span class='ocrx_word' id='word_1_53' title='bbox 682 1242 821 1309; x_wconf 86' lang='lat' dir='ltr'><strong>sublata</strong></span> <span class='ocrx_word' id='word_1_54' title='bbox 845 1244 999 1323; x_wconf 86' lang='lat' dir='ltr'><strong>iueruut;</strong></span> <span class='ocrx_word' id='word_1_55' title='bbox 1025 1254 1061 1309; x_wconf 90' lang='lat' dir='ltr'><strong>et</strong></span> <span class='ocrx_word' id='word_1_56' title='bbox 1084 1244 1206 1310; x_wconf 87' lang='lat' dir='ltr'><strong>statim</strong></span> <span class='ocrx_word' id='word_1_57' title='bbox 1232 1246 1328 1309; x_wconf 91' lang='lat' dir='ltr'><strong>misit</strong></span> <span class='ocrx_word' id='word_1_58' title='bbox 1351 1244 1500 1309; x_wconf 90' lang='lat' dir='ltr'><strong>Romam</strong></span> 
     </span>
     <span class='ocr_line' id='line_1_9' title="bbox 270 1352 1500 1435; baseline 0.001 -18"><span class='ocrx_word' id='word_1_59' title='bbox 270 1352 354 1417; x_wconf 83' lang='lat' dir='ltr'><strong>Dux</strong></span> <span class='ocrx_word' id='word_1_60' title='bbox 368 1352 536 1418; x_wconf 89' lang='lat' dir='ltr'><strong>Albertus</strong></span> <span class='ocrx_word' id='word_1_61' title='bbox 549 1362 728 1417; x_wconf 90' lang='lat' dir='ltr'><strong>trecentos</strong></span> <span class='ocrx_word' id='word_1_62' title='bbox 743 1370 874 1417; x_wconf 90' lang='lat' dir='ltr'><strong>aureos</strong></span> <span class='ocrx_word' id='word_1_63' title='bbox 888 1353 925 1417; x_wconf 93' lang='lat' dir='ltr'><strong>in</strong></span> <span class='ocrx_word' id='word_1_64' title='bbox 938 1352 1123 1433; x_wconf 85' lang='lat' dir='ltr'><strong>viaticum,</strong></span> <span class='ocrx_word' id='word_1_65' title='bbox 1138 1363 1177 1418; x_wconf 90' lang='lat' dir='ltr'><strong>ut</strong></span> <span class='ocrx_word' id='word_1_66' title='bbox 1191 1353 1239 1418; x_wconf 89' lang='lat' dir='ltr'><strong>ad</strong></span> <span class='ocrx_word' id='word_1_67' title='bbox 1257 1352 1500 1435; x_wconf 88' lang='lat' dir='ltr'><strong>Septembrem</strong></span> 
     </span>
     <span class='ocr_line' id='line_1_10' title="bbox 271 1458 1499 1549; baseline -0.001 -24"><span class='ocrx_word' id='word_1_68' title='bbox 271 1460 487 1542; x_wconf 88' lang='lat' dir='ltr'><strong>proximum,</strong></span> <span class='ocrx_word' id='word_1_69' title='bbox 515 1461 574 1524; x_wconf 87' lang='lat' dir='ltr'><strong>vel</strong></span> <span class='ocrx_word' id='word_1_70' title='bbox 603 1458 818 1549; x_wconf 66' lang='lat' dir='ltr'><strong>citiuspro</strong></span> <span class='ocrx_word' id='word_1_71' title='bbox 847 1460 1005 1541; x_wconf 90' lang='lat' dir='ltr'><strong>ipsorum</strong></span> <span class='ocrx_word' id='word_1_72' title='bbox 1032 1462 1284 1525; x_wconf 89' lang='lat' dir='ltr'><strong>commoditate</strong></span> <span class='ocrx_word' id='word_1_73' title='bbox 1309 1462 1499 1541; x_wconf 84' lang='lat' dir='ltr'><strong>collegium</strong></span> 
     </span>
     <span class='ocr_line' id='line_1_11' title="bbox 272 1566 904 1649; baseline -0.006 -16"><span class='ocrx_word' id='word_1_74' title='bbox 272 1568 527 1647; x_wconf 91' lang='lat' dir='ltr'><strong>ingolstadium</strong></span> <span class='ocrx_word' id='word_1_75' title='bbox 543 1566 704 1632; x_wconf 90' lang='lat' dir='ltr'><strong>invenire</strong></span> <span class='ocrx_word' id='word_1_76' title='bbox 718 1575 848 1649; x_wconf 89' lang='lat' dir='ltr'><strong>posset.</strong></span> <span class='ocrx_word' id='word_1_77' title='bbox 902 1627 904 1629; x_wconf 77' lang='grc'>,</span> 
     </span>
    </p>

    <p class='ocr_par' dir='ltr' id='par_1_4' title="bbox 271 1674 1500 2077">
     <span class='ocr_line' id='line_1_12' title="bbox 334 1674 1500 1757; baseline -0.001 -18"><span class='ocrx_word' id='word_1_78' title='bbox 334 1674 422 1740; x_wconf 89' lang='grc'>1647.</span> <span class='ocrx_word' id='word_1_79' title='bbox 465 1674 576 1757; x_wconf 89' lang='lat' dir='ltr'><strong>Jussit</strong></span> <span class='ocrx_word' id='word_1_80' title='bbox 597 1674 738 1740; x_wconf 89' lang='lat' dir='ltr'><strong>interim</strong></span> <span class='ocrx_word' id='word_1_81' title='bbox 759 1674 1016 1739; x_wconf 85' lang='lat' dir='ltr'><strong>habitationem</strong></span> <span class='ocrx_word' id='word_1_82' title='bbox 1036 1674 1072 1739; x_wconf 93' lang='lat' dir='ltr'><strong>iu</strong></span> <span class='ocrx_word' id='word_1_83' title='bbox 1092 1674 1262 1754; x_wconf 86' lang='lat' dir='ltr'><strong>Collegio,</strong></span> <span class='ocrx_word' id='word_1_84' title='bbox 1278 1676 1374 1755; x_wconf 89' lang='lat' dir='ltr'><strong>quod</strong></span> <span class='ocrx_word' id='word_1_85' title='bbox 1387 1675 1500 1740; x_wconf 88' lang='lat' dir='ltr'><strong>Vetus</strong></span> 
     </span>
     <span class='ocr_line' id='line_1_13' title="bbox 272 1782 1498 1863; baseline 0 -16"><span class='ocrx_word' id='word_1_86' title='bbox 272 1783 462 1861; x_wconf 84' lang='lat' dir='ltr'><strong>vocabant,</strong></span> <span class='ocrx_word' id='word_1_87' title='bbox 479 1782 686 1847; x_wconf 89' lang='lat' dir='ltr'><strong>concinnari</strong></span> <span class='ocrx_word' id='word_1_88' title='bbox 705 1791 740 1847; x_wconf 91' lang='lat' dir='ltr'><strong>et</strong></span> <span class='ocrx_word' id='word_1_89' title='bbox 758 1782 989 1863; x_wconf 89' lang='lat' dir='ltr'><strong>supellectilia</strong></span> <span class='ocrx_word' id='word_1_90' title='bbox 1009 1784 1117 1847; x_wconf 90' lang='lat' dir='ltr'><strong>etiam</strong></span> <span class='ocrx_word' id='word_1_91' title='bbox 1136 1782 1267 1863; x_wconf 88' lang='lat' dir='ltr'><strong>parari.</strong></span> <span class='ocrx_word' id='word_1_92' title='bbox 1294 1782 1498 1848; x_wconf 91' lang='lat' dir='ltr'><strong>Octodecim</strong></span> 
     </span>
     <span class='ocr_line' id='line_1_14' title="bbox 271 1884 1499 1972; baseline 0.001 -19"><span class='ocrx_word' id='word_1_93' title='bbox 271 1884 470 1970; x_wconf 85' lang='lat' dir='ltr'><strong>vel&#39;viginti</strong></span> <span class='ocrx_word' id='word_1_94' title='bbox 480 1906 656 1972; x_wconf 86' lang='lat' dir='ltr'><strong>personae</strong></span> <span class='ocrx_word' id='word_1_95' title='bbox 668 1887 890 1971; x_wconf 89' lang='lat' dir='ltr'><strong>petebantur,</strong></span> <span class='ocrx_word' id='word_1_96' title='bbox 904 1891 988 1971; x_wconf 90' lang='lat' dir='ltr'><strong>quia</strong></span> <span class='ocrx_word' id='word_1_97' title='bbox 999 1889 1146 1954; x_wconf 91' lang='lat' dir='ltr'><strong>totidem</strong></span> <span class='ocrx_word' id='word_1_98' title='bbox 1157 1888 1193 1952; x_wconf 93' lang='lat' dir='ltr'><strong>in</strong></span> <span class='ocrx_word' id='word_1_99' title='bbox 1205 1892 1334 1970; x_wconf 88' lang='lat' dir='ltr'><strong>quovis</strong></span> <span class='ocrx_word' id='word_1_100' title='bbox 1344 1887 1499 1971; x_wconf 88' lang='lat' dir='ltr'><strong>Collegio</strong></span> 
     </span>
     <span class='ocr_line' id='line_1_15' title="bbox 271 1996 887 2077; baseline -0.002 -15"><span class='ocrx_word' id='word_1_101' title='bbox 271 2015 350 2063; x_wconf 89' lang='lat' dir='ltr'><strong>esse</strong></span> <span class='ocrx_word' id='word_1_102' title='bbox 364 1998 492 2063; x_wconf 89' lang='lat' dir='ltr'><strong>debere</strong></span> <span class='ocrx_word' id='word_1_103' title='bbox 507 1996 745 2077; x_wconf 86' lang='lat' dir='ltr'><strong>significatum</strong></span> <span class='ocrx_word' id='word_1_104' title='bbox 760 1996 887 2061; x_wconf 86' lang='lat' dir='ltr'><strong>iuerat.</strong></span> 
     </span>
    </p>

    <p class='ocr_par' dir='ltr' id='par_1_5' title="bbox 182 2104 1586 2617">
     <span class='ocr_line' id='line_1_16' title="bbox 333 2104 1586 2194; baseline 0.001 -24"><span class='ocrx_word' id='word_1_105' title='bbox 333 2104 420 2170; x_wconf 84' lang='grc'>1648.</span> <span class='ocrx_word' id='word_1_106' title='bbox 465 2104 605 2170; x_wconf 87' lang='lat' dir='ltr'><strong>Octava</strong></span> <span class='ocrx_word' id='word_1_107' title='bbox 620 2122 707 2187; x_wconf 90' lang='lat' dir='ltr'><strong>ergo</strong></span> <span class='ocrx_word' id='word_1_108' title='bbox 722 2104 780 2169; x_wconf 91' lang='lat' dir='ltr'><strong>die</strong></span> <span class='ocrx_word' id='word_1_109' title='bbox 793 2105 889 2189; x_wconf 91' lang='lat' dir='ltr'><strong>Junii</strong></span> <span class='ocrx_word' id='word_1_110' title='bbox 904 2108 1049 2185; x_wconf 88' lang='lat' dir='ltr'><strong>mensis,</strong></span> <span class='ocrx_word' id='word_1_111' title='bbox 1065 2110 1179 2173; x_wconf 87' lang='lat' dir='ltr'><strong>nostri</strong></span> <span class='ocrx_word' id='word_1_112' title='bbox 1191 2108 1497 2188; x_wconf 87' lang='lat' dir='ltr'><strong>ingolstadienses,</strong></span> <span class='ocrx_word' id='word_1_113' title='bbox 1581 2186 1586 2194; x_wconf 10' lang='lat' dir='ltr'><strong>g</strong></span> 
     </span>
     <span class='ocr_line' id='line_1_17' title="bbox 182 2209 1499 2293; baseline -0.004 -11"><span class='ocrx_word' id='word_1_114' title='bbox 182 2270 189 2283; x_wconf 95' lang='lat'><strong>.</strong></span> <span class='ocrx_word' id='word_1_115' title='bbox 270 2212 423 2277; x_wconf 88' lang='lat' dir='ltr'><strong>Rectore</strong></span> <span class='ocrx_word' id='word_1_116' title='bbox 438 2210 477 2277; x_wconf 90' lang='lat' dir='ltr'><strong>P.</strong></span> <span class='ocrx_word' id='word_1_117' title='bbox 493 2211 630 2277; x_wconf 91' lang='lat' dir='ltr'><strong>Thoma</strong></span> <span class='ocrx_word' id='word_1_118' title='bbox 651 2209 812 2291; x_wconf 88' lang='lat' dir='ltr'><strong>Lentu10,</strong></span> <span class='ocrx_word' id='word_1_119' title='bbox 833 2213 1115 2293; x_wconf 82' lang='lat' dir='ltr'><strong>noviomagensi,</strong></span> <span class='ocrx_word' id='word_1_120' title='bbox 1140 2216 1238 2279; x_wconf 91' lang='lat' dir='ltr'><strong>missi</strong></span> <span class='ocrx_word' id='word_1_121' title='bbox 1257 2223 1352 2289; x_wconf 84' lang='lat' dir='ltr'><strong>sunt;</strong></span> <span class='ocrx_word' id='word_1_122' title='bbox 1377 2224 1413 2278; x_wconf 93' lang='lat' dir='ltr'><strong>et</strong></span> <span class='ocrx_word' id='word_1_123' title='bbox 1431 2215 1499 2277; x_wconf 92' lang='lat' dir='ltr'><strong>duo</strong></span> 
     </span>
     <span class='ocr_line' id='line_1_18' title="bbox 270 2318 1498 2402; baseline -0.002 -17"><span class='ocrx_word' id='word_1_124' title='bbox 270 2321 434 2385; x_wconf 89' lang='lat' dir='ltr'><strong>doctores</strong></span> <span class='ocrx_word' id='word_1_125' title='bbox 449 2319 619 2399; x_wconf 89' lang='lat' dir='ltr'><strong>theologi,</strong></span> <span class='ocrx_word' id='word_1_126' title='bbox 635 2319 782 2399; x_wconf 91' lang='lat' dir='ltr'><strong>scilicet,</strong></span> <span class='ocrx_word' id='word_1_127' title='bbox 798 2318 836 2385; x_wconf 91' lang='lat' dir='ltr'><strong>P.</strong></span> <span class='ocrx_word' id='word_1_128' title='bbox 849 2320 1007 2402; x_wconf 88' lang='lat' dir='ltr'><strong>Joaunes</strong></span> <span class='ocrx_word' id='word_1_129' title='bbox 1018 2321 1209 2402; x_wconf 87' lang='lat' dir='ltr'><strong>Coviglion</strong></span> <span class='ocrx_word' id='word_1_130' title='bbox 1221 2340 1264 2386; x_wconf 89' lang='lat' dir='ltr'><strong>ac</strong></span> <span class='ocrx_word' id='word_1_131' title='bbox 1277 2321 1314 2386; x_wconf 90' lang='lat' dir='ltr'><strong>P.</strong></span> <span class='ocrx_word' id='word_1_132' title='bbox 1327 2321 1498 2385; x_wconf 90' lang='lat' dir='ltr'><strong>Herman-</strong></span> 
     </span>
     <span class='ocr_line' id='line_1_19' title="bbox 268 2426 1497 2509; baseline -0.001 -17"><span class='ocrx_word' id='word_1_133' title='bbox 268 2444 336 2492; x_wconf 91' lang='lat' dir='ltr'><strong>nus</strong></span> <span class='ocrx_word' id='word_1_134' title='bbox 351 2426 501 2509; x_wconf 74' lang='lat' dir='ltr'><strong>TyreuS,</strong></span> <span class='ocrx_word' id='word_1_135' title='bbox 519 2443 562 2491; x_wconf 86' lang='lat' dir='ltr'><strong>ac</strong></span> <span class='ocrx_word' id='word_1_136' title='bbox 580 2427 652 2491; x_wconf 91' lang='lat' dir='ltr'><strong>&#39;duo</strong></span> <span class='ocrx_word' id='word_1_137' title='bbox 667 2426 727 2490; x_wconf 91' lang='lat' dir='ltr'><strong>alii</strong></span> <span class='ocrx_word' id='word_1_138' title='bbox 742 2427 959 2507; x_wconf 87' lang='lat' dir='ltr'><strong>sacerdotes,</strong></span> <span class='ocrx_word' id='word_1_139' title='bbox 975 2428 1122 2505; x_wconf 91' lang='lat' dir='ltr'><strong>scilicet,</strong></span> <span class='ocrx_word' id='word_1_140' title='bbox 1138 2427 1175 2492; x_wconf 89' lang='lat' dir='ltr'><strong>P.</strong></span> <span class='ocrx_word' id='word_1_141' title='bbox 1193 2427 1375 2493; x_wconf 91' lang='lat' dir='ltr'><strong>Hurtadus</strong></span> <span class='ocrx_word' id='word_1_142' title='bbox 1389 2426 1497 2492; x_wconf 89' lang='lat' dir='ltr'><strong>Perez</strong></span> 
     </span>
     <span class='ocr_line' id='line_1_20' title="bbox 269 2533 1498 2617; baseline -0.002 -17"><span class='ocrx_word' id='word_1_143' title='bbox 269 2544 304 2600; x_wconf 91' lang='lat' dir='ltr'><strong>et</strong></span> <span class='ocrx_word' id='word_1_144' title='bbox 319 2533 357 2597; x_wconf 90' lang='lat' dir='ltr'><strong>P.</strong></span> <span class='ocrx_word' id='word_1_145' title='bbox 374 2533 583 2599; x_wconf 91' lang='lat' dir='ltr'><strong>Theodorus</strong></span> <span class='ocrx_word' id='word_1_146' title='bbox 596 2533 776 2615; x_wconf 86' lang='lat' dir='ltr'><strong>Peltanus,</strong></span> <span class='ocrx_word' id='word_1_147' title='bbox 789 2543 824 2598; x_wconf 89' lang='lat' dir='ltr'><strong>et</strong></span> <span class='ocrx_word' id='word_1_148' title='bbox 839 2534 898 2598; x_wconf 89' lang='lat' dir='ltr'><strong>alii</strong></span> <span class='ocrx_word' id='word_1_149' title='bbox 913 2535 1032 2615; x_wconf 87' lang='lat' dir='ltr'><strong>etiam,</strong></span> <span class='ocrx_word' id='word_1_150' title='bbox 1045 2536 1105 2617; x_wconf 94' lang='lat' dir='ltr'><strong>qui</strong></span> <span class='ocrx_word' id='word_1_151' title='bbox 1119 2536 1256 2601; x_wconf 86' lang='lat' dir='ltr'><strong>litteras</strong></span> <span class='ocrx_word' id='word_1_152' title='bbox 1270 2536 1498 2601; x_wconf 87' lang='lat' dir='ltr'><strong>humaniores</strong></span> 
     </span>
    </p>
   </div>
   <div class='ocr_carea' id='block_1_3' title="bbox 269 2640 1497 3262">
    <p class='ocr_par' dir='ltr' id='par_1_6' title="bbox 269 2640 1496 2940">
     <span class='ocr_line' id='line_1_21' title="bbox 269 2640 1496 2724; baseline -0.002 -16"><span class='ocrx_word' id='word_1_153' title='bbox 269 2642 397 2708; x_wconf 90' lang='lat' dir='ltr'><strong>docere</strong></span> <span class='ocrx_word' id='word_1_154' title='bbox 417 2650 575 2724; x_wconf 90' lang='lat' dir='ltr'><strong>possent,</strong></span> <span class='ocrx_word' id='word_1_155' title='bbox 597 2640 696 2706; x_wconf 86' lang='lat' dir='ltr'><strong>missi</strong></span> <span class='ocrx_word' id='word_1_156' title='bbox 717 2650 810 2707; x_wconf 93' lang='lat' dir='ltr'><strong>sunt.</strong></span> <span class='ocrx_word' id='word_1_157' title='bbox 831 2640 1004 2723; x_wconf 89' lang='lat' dir='ltr'><strong>Quamvis</strong></span> <span class='ocrx_word' id='word_1_158' title='bbox 1025 2641 1070 2722; x_wconf 81' lang='lat' dir='ltr'><strong>id,</strong></span> <span class='ocrx_word' id='word_1_159' title='bbox 1081 2644 1250 2724; x_wconf 90' lang='lat' dir='ltr'><strong>temporis</strong></span> <span class='ocrx_word' id='word_1_160' title='bbox 1269 2643 1339 2708; x_wconf 92' lang='lat' dir='ltr'><strong>duo</strong></span> <span class='ocrx_word' id='word_1_161' title='bbox 1361 2651 1496 2707; x_wconf 88' lang='lat' dir='ltr'><strong>tautum</strong></span> 
     </span>
     <span class='ocr_line' id='line_1_22' title="bbox 269 2737 1496 2832; baseline 0 -18"><span class='ocrx_word' id='word_1_162' title='bbox 269 2737 420 2816; x_wconf 83' lang='lat' dir='ltr'><strong>lectores</strong></span> <span class='ocrx_word' id='word_1_163' title='bbox 434 2749 627 2831; x_wconf 89' lang='lat' dir='ltr'><strong>theologia</strong></span> <span class='ocrx_word' id='word_1_164' title='bbox 648 2749 748 2814; x_wconf 92' lang='lat' dir='ltr'><strong>Duce</strong></span> <span class='ocrx_word' id='word_1_165' title='bbox 763 2750 940 2815; x_wconf 87' lang='lat' dir='ltr'><strong>Bavariae</strong></span> <span class='ocrx_word' id='word_1_166' title='bbox 961 2751 1183 2832; x_wconf 90' lang='lat' dir='ltr'><strong>petebantur;</strong></span> <span class='ocrx_word' id='word_1_167' title='bbox 1204 2752 1266 2816; x_wconf 91' lang='lat' dir='ltr'><strong>sed</strong></span> <span class='ocrx_word' id='word_1_168' title='bbox 1281 2751 1326 2816; x_wconf 87' lang='lat' dir='ltr'><strong>ad</strong></span> <span class='ocrx_word' id='word_1_169' title='bbox 1348 2752 1439 2815; x_wconf 91' lang='lat' dir='ltr'><strong>alias</strong></span> <span class='ocrx_word' id='word_1_170' title='bbox 1452 2753 1496 2814; x_wconf 93' lang='lat' dir='ltr'><strong>le·</strong></span> 
     </span>
     <span class='ocr_line' id='line_1_23' title="bbox 269 2854 1292 2940; baseline -0.003 -16"><span class='ocrx_word' id='word_1_171' title='bbox 269 2861 404 2924; x_wconf 89' lang='lat' dir='ltr'><strong>ctiones</strong></span> <span class='ocrx_word' id='word_1_172' title='bbox 417 2859 511 2924; x_wconf 90' lang='lat' dir='ltr'><strong>ultro</strong></span> <span class='ocrx_word' id='word_1_173' title='bbox 526 2854 724 2922; x_wconf 81' lang='lat' dir='ltr'><strong>offerendas</strong></span> <span class='ocrx_word' id='word_1_174' title='bbox 738 2857 777 2921; x_wconf 89' lang='lat' dir='ltr'><strong>P.</strong></span> <span class='ocrx_word' id='word_1_175' title='bbox 792 2857 953 2938; x_wconf 86' lang='lat' dir='ltr'><strong>ignatius</strong></span> <span class='ocrx_word' id='word_1_176' title='bbox 966 2876 1165 2940; x_wconf 90' lang='lat' dir='ltr'><strong>propensus</strong></span> <span class='ocrx_word' id='word_1_177' title='bbox 1179 2870 1256 2924; x_wconf 88' lang='lat' dir='ltr'><strong>erat</strong></span> <span class='ocrx_word' id='word_1_178' title='bbox 1269 2858 1292 2921; x_wconf 79' lang='lat'><strong>&#39;.</strong></span> 
     </span>
    </p>

    <p class='ocr_par' dir='ltr' id='par_1_7' title="bbox 269 2963 1497 3262">
     <span class='ocr_line' id='line_1_24' title="bbox 331 2963 1494 3048; baseline -0.003 -16"><span class='ocrx_word' id='word_1_179' title='bbox 331 2965 419 3032; x_wconf 90' lang='grc'>1649.</span> <span class='ocrx_word' id='word_1_180' title='bbox 462 2965 655 3030; x_wconf 90' lang='lat' dir='ltr'><strong>Lauretum</strong></span> <span class='ocrx_word' id='word_1_181' title='bbox 668 2963 796 3046; x_wconf 91' lang='lat' dir='ltr'><strong>majori</strong></span> <span class='ocrx_word' id='word_1_182' title='bbox 812 2984 857 3030; x_wconf 84' lang='lat' dir='ltr'><strong>ex</strong></span> <span class='ocrx_word' id='word_1_183' title='bbox 871 2975 972 3047; x_wconf 91' lang='lat' dir='ltr'><strong>parte</strong></span> <span class='ocrx_word' id='word_1_184' title='bbox 986 2965 1135 3048; x_wconf 91' lang='lat' dir='ltr'><strong>pedites,</strong></span> <span class='ocrx_word' id='word_1_185' title='bbox 1154 2966 1364 3048; x_wconf 88' lang='lat' dir='ltr'><strong>quibusdam</strong></span> <span class='ocrx_word' id='word_1_186' title='bbox 1379 2977 1494 3030; x_wconf 89' lang='lat' dir='ltr'><strong>tamen</strong></span> 
     </span>
     <span class='ocr_line' id='line_1_25' title="bbox 269 3071 1496 3156; baseline -0.004 -16"><span class='ocrx_word' id='word_1_187' title='bbox 269 3075 369 3156; x_wconf 91' lang='lat' dir='ltr'><strong>equis</strong></span> <span class='ocrx_word' id='word_1_188' title='bbox 388 3071 557 3139; x_wconf 89' lang='lat' dir='ltr'><strong>adhibitis</strong></span> <span class='ocrx_word' id='word_1_189' title='bbox 581 3073 626 3138; x_wconf 91' lang='lat' dir='ltr'><strong>ad</strong></span> <span class='ocrx_word' id='word_1_190' title='bbox 651 3075 814 3139; x_wconf 89' lang='lat' dir='ltr'><strong>sarcinas</strong></span> <span class='ocrx_word' id='word_1_191' title='bbox 839 3072 1061 3154; x_wconf 84' lang='lat' dir='ltr'><strong>deferendas,</strong></span> <span class='ocrx_word' id='word_1_192' title='bbox 1088 3083 1335 3154; x_wconf 86' lang='lat' dir='ltr'><strong>pervenerunt.</strong></span> <span class='ocrx_word' id='word_1_193' title='bbox 1367 3072 1496 3137; x_wconf 89' lang='lat' dir='ltr'><strong>Docuit</strong></span> 
     </span>
     <span class='ocr_line' id='line_1_26' title="bbox 269 3180 1497 3262; baseline -0.002 -16"><span class='ocrx_word' id='word_1_194' title='bbox 269 3189 389 3246; x_wconf 84' lang='lat' dir='ltr'><strong>tamen</strong></span> <span class='ocrx_word' id='word_1_195' title='bbox 404 3181 624 3262; x_wconf 80' lang='lat' dir='ltr'><strong>experientia</strong></span> <span class='ocrx_word' id='word_1_196' title='bbox 645 3189 782 3245; x_wconf 89' lang='lat' dir='ltr'><strong>tantam</strong></span> <span class='ocrx_word' id='word_1_197' title='bbox 797 3180 1057 3246; x_wconf 91' lang='lat' dir='ltr'><strong>multitudinem</strong></span> <span class='ocrx_word' id='word_1_198' title='bbox 1071 3181 1176 3246; x_wconf 92' lang='lat' dir='ltr'><strong>simul</strong></span> <span class='ocrx_word' id='word_1_199' title='bbox 1196 3181 1288 3246; x_wconf 91' lang='lat' dir='ltr'><strong>mitti</strong></span> <span class='ocrx_word' id='word_1_200' title='bbox 1308 3198 1379 3245; x_wconf 91' lang='lat' dir='ltr'><strong>non</strong></span> <span class='ocrx_word' id='word_1_201' title='bbox 1394 3197 1497 3261; x_wconf 83' lang='lat' dir='ltr'><strong>expe·</strong></span> 
     </span>
    </p>
   </div>
   <div class='ocr_carea' id='block_1_4' title="bbox 266 3493 1500 4770">
    <p class='ocr_par' dir='ltr' id='par_1_8' title="bbox 269 3493 1497 3616">
     <span class='ocr_line' id='line_1_27' title="bbox 309 3493 1497 3553; baseline -0.002 -13"><span class='ocrx_word' id='word_1_202' title='bbox 309 3497 318 3531; x_wconf 84' lang='lat'><strong>¹</strong></span> <span class='ocrx_word' id='word_1_203' title='bbox 346 3495 483 3551; x_wconf 83' lang='lat' dir='ltr'><strong>Wiguleus</strong></span> <span class='ocrx_word' id='word_1_204' title='bbox 500 3495 597 3541; x_wconf 85' lang='lat' dir='ltr'><strong>liuudt.</strong></span> <span class='ocrx_word' id='word_1_205' title='bbox 609 3493 677 3540; x_wconf 83' lang='lat' dir='ltr'><strong>Vide</strong></span> <span class='ocrx_word' id='word_1_206' title='bbox 693 3505 781 3552; x_wconf 80' lang='lat' dir='ltr'><strong>supra.</strong></span> <span class='ocrx_word' id='word_1_207' title='bbox 799 3503 817 3540; x_wconf 91' lang='lat' dir='ltr'><strong>t.</strong></span> <span class='ocrx_word' id='word_1_208' title='bbox 833 3508 869 3552; x_wconf 83' lang='lat' dir='ltr'><strong>rr,</strong></span> <span class='ocrx_word' id='word_1_209' title='bbox 886 3507 947 3553; x_wconf 82' lang='lat' dir='ltr'><strong>pag.</strong></span> <span class='ocrx_word' id='word_1_210' title='bbox 956 3495 1005 3550; x_wconf 78' lang='grc'>244,</span> <span class='ocrx_word' id='word_1_211' title='bbox 1018 3507 1043 3541; x_wconf 91' lang='lat' dir='ltr'><strong>u.</strong></span> <span class='ocrx_word' id='word_1_212' title='bbox 1057 3497 1107 3551; x_wconf 77' lang='grc'>636,</span> <span class='ocrx_word' id='word_1_213' title='bbox 1123 3504 1212 3542; x_wconf 86' lang='lat' dir='ltr'><strong>suunt.</strong></span> <span class='ocrx_word' id='word_1_214' title='bbox 1224 3497 1247 3552; x_wconf 83' lang='lat' dir='ltr'><strong>t,</strong></span> <span class='ocrx_word' id='word_1_215' title='bbox 1261 3501 1287 3540; x_wconf 89' lang='lat' dir='ltr'><strong>et</strong></span> <span class='ocrx_word' id='word_1_216' title='bbox 1303 3502 1322 3540; x_wconf 89' lang='lat' dir='ltr'><strong>t.</strong></span> <span class='ocrx_word' id='word_1_217' title='bbox 1340 3508 1364 3548; x_wconf 84' lang='lat' dir='ltr'><strong>v.</strong></span> <span class='ocrx_word' id='word_1_218' title='bbox 1380 3505 1440 3550; x_wconf 80' lang='lat' dir='ltr'><strong>pag.</strong></span> <span class='ocrx_word' id='word_1_219' title='bbox 1448 3493 1497 3546; x_wconf 82' lang='grc'>266,</span> 
     </span>
     <span class='ocr_line' id='line_1_28' title="bbox 269 3567 478 3616; baseline -0.014 -3"><span class='ocrx_word' id='word_1_220' title='bbox 269 3580 292 3613; x_wconf 89' lang='grc'><strong>6.</strong></span> <span class='ocrx_word' id='word_1_221' title='bbox 302 3567 445 3616; x_wconf 78' lang='grc'>71666661.</span> <span class='ocrx_word' id='word_1_222' title='bbox 458 3567 478 3611; x_wconf 89' lang='grc'><strong>1.</strong></span> 
     </span>
    </p>

    <p class='ocr_par' dir='ltr' id='par_1_9' title="bbox 266 3637 1500 4770">
     <span class='ocr_line' id='line_1_29' title="bbox 308 3637 1500 3694; baseline -0.002 -12"><span class='ocrx_word' id='word_1_223' title='bbox 308 3641 320 3674; x_wconf 79' lang='lat'><strong>¹</strong></span> <span class='ocrx_word' id='word_1_224' title='bbox 346 3639 414 3684; x_wconf 84' lang='lat' dir='ltr'><strong>Vide</strong></span> <span class='ocrx_word' id='word_1_225' title='bbox 424 3638 566 3692; x_wconf 77' lang='lat' dir='ltr'><strong>Catslogus</strong></span> <span class='ocrx_word' id='word_1_226' title='bbox 576 3649 679 3690; x_wconf 80' lang='lat' dir='ltr'><strong>eorum,</strong></span> <span class='ocrx_word' id='word_1_227' title='bbox 694 3649 759 3694; x_wconf 78' lang='lat' dir='ltr'><strong>quos</strong></span> <span class='ocrx_word' id='word_1_228' title='bbox 774 3637 973 3693; x_wconf 77' lang='lat' dir='ltr'><strong>ingolstadium</strong></span> <span class='ocrx_word' id='word_1_229' title='bbox 989 3639 1136 3684; x_wconf 80' lang='lat' dir='ltr'><strong>mittendos</strong></span> <span class='ocrx_word' id='word_1_230' title='bbox 1151 3640 1311 3684; x_wconf 77' lang='lat' dir='ltr'><strong>decernebat</strong></span> <span class='ocrx_word' id='word_1_231' title='bbox 1327 3637 1360 3682; x_wconf 88' lang='lat' dir='ltr'><strong>R.</strong></span> <span class='ocrx_word' id='word_1_232' title='bbox 1369 3637 1402 3682; x_wconf 87' lang='lat' dir='ltr'><strong>P.</strong></span> <span class='ocrx_word' id='word_1_233' title='bbox 1418 3637 1500 3691; x_wconf 81' lang='lat' dir='ltr'><strong>Igna·</strong></span> 
     </span>
     <span class='ocr_line' id='line_1_30' title="bbox 269 3709 1498 3766; baseline -0.004 -11"><span class='ocrx_word' id='word_1_234' title='bbox 269 3710 628 3762; x_wconf 81' lang='lat' dir='ltr'><strong>iius.necuon1nsirusione</strong></span> <span class='ocrx_word' id='word_1_235' title='bbox 641 3710 688 3766; x_wconf 80' lang='grc'><strong>661</strong></span> <span class='ocrx_word' id='word_1_236' title='bbox 704 3710 816 3764; x_wconf 80' lang='lat' dir='ltr'><strong>collegio</strong></span> <span class='ocrx_word' id='word_1_237' title='bbox 831 3711 878 3756; x_wconf 83' lang='lat' dir='ltr'><strong>cire</strong></span> <span class='ocrx_word' id='word_1_238' title='bbox 892 3713 919 3754; x_wconf 79' lang='lat' dir='ltr'><strong>si</strong></span> <span class='ocrx_word' id='word_1_239' title='bbox 933 3712 1035 3755; x_wconf 82' lang='lat' dir='ltr'><strong>manda</strong></span> <span class='ocrx_word' id='word_1_240' title='bbox 1049 3713 1086 3756; x_wconf 80' lang='lat' dir='ltr'><strong>ad</strong></span> <span class='ocrx_word' id='word_1_241' title='bbox 1100 3711 1273 3766; x_wconf 77' lang='lat' dir='ltr'><strong>Ingoisiadio.</strong></span> <span class='ocrx_word' id='word_1_242' title='bbox 1284 3711 1380 3754; x_wconf 80' lang='lat' dir='ltr'><strong>carras</strong></span> <span class='ocrx_word' id='word_1_243' title='bbox 1394 3711 1427 3754; x_wconf 81' lang='lat' dir='ltr'><strong>de</strong></span> <span class='ocrx_word' id='word_1_244' title='bbox 1442 3709 1498 3753; x_wconf 82' lang='lat' dir='ltr'><strong>San</strong></span> 
     </span>
     <span class='ocr_line' id='line_1_31' title="bbox 269 3781 1499 3839; baseline -0.002 -12"><span class='ocrx_word' id='word_1_245' title='bbox 269 3783 388 3836; x_wconf 70' lang='grc'>1666616,</span> <span class='ocrx_word' id='word_1_246' title='bbox 402 3787 421 3825; x_wconf 82' lang='grc'><strong>1.</strong></span> <span class='ocrx_word' id='word_1_247' title='bbox 432 3793 468 3834; x_wconf 88' lang='lat' dir='ltr'><strong>vr,</strong></span> <span class='ocrx_word' id='word_1_248' title='bbox 484 3793 544 3837; x_wconf 75' lang='lat' dir='ltr'><strong>pag.</strong></span> <span class='ocrx_word' id='word_1_249' title='bbox 561 3781 655 3826; x_wconf 72' lang='lat' dir='ltr'><strong>tut-512</strong></span> <span class='ocrx_word' id='word_1_250' title='bbox 671 3787 697 3826; x_wconf 89' lang='lat' dir='ltr'><strong>et</strong></span> <span class='ocrx_word' id='word_1_251' title='bbox 714 3781 811 3836; x_wconf 60' lang='lat'>29331&amp;</span> <span class='ocrx_word' id='word_1_252' title='bbox 829 3782 972 3832; x_wconf 77' lang='lat' dir='ltr'><strong>Aourcocs.</strong></span> <span class='ocrx_word' id='word_1_253' title='bbox 989 3782 1131 3828; x_wconf 68' lang='grc'>11161866.</span> <span class='ocrx_word' id='word_1_254' title='bbox 1149 3782 1299 3839; x_wconf 56' lang='grc'>1661166.</span> <span class='ocrx_word' id='word_1_255' title='bbox 1315 3782 1406 3826; x_wconf 84' lang='lat' dir='ltr'><strong>Germ.</strong></span> <span class='ocrx_word' id='word_1_256' title='bbox 1425 3781 1499 3836; x_wconf 71' lang='lat' dir='ltr'><strong>Sap..</strong></span> 
     </span>
     <span class='ocr_line' id='line_1_32' title="bbox 269 3853 1498 3910; baseline -0.002 -11"><span class='ocrx_word' id='word_1_257' title='bbox 269 3853 333 3900; x_wconf 88' lang='lat' dir='ltr'><strong>Dec.</strong></span> <span class='ocrx_word' id='word_1_258' title='bbox 345 3853 366 3905; x_wconf 85' lang='lat'><strong>2.</strong></span> <span class='ocrx_word' id='word_1_259' title='bbox 377 3865 401 3897; x_wconf 92' lang='lat' dir='ltr'><strong>n.</strong></span> <span class='ocrx_word' id='word_1_260' title='bbox 412 3853 439 3898; x_wconf 76' lang='lat'><strong>2⁶</strong></span> <span class='ocrx_word' id='word_1_261' title='bbox 459 3853 520 3905; x_wconf 83' lang='lat' dir='ltr'><strong>Nos,</strong></span> <span class='ocrx_word' id='word_1_262' title='bbox 535 3855 657 3909; x_wconf 82' lang='lat' dir='ltr'><strong>qrronlsm</strong></span> <span class='ocrx_word' id='word_1_263' title='bbox 666 3865 773 3898; x_wconf 88' lang='lat' dir='ltr'><strong>noscere</strong></span> <span class='ocrx_word' id='word_1_264' title='bbox 780 3856 909 3899; x_wconf 91' lang='lat' dir='ltr'><strong>sociorum</strong></span> <span class='ocrx_word' id='word_1_265' title='bbox 923 3856 1026 3899; x_wconf 86' lang='lat' dir='ltr'><strong>nomina</strong></span> <span class='ocrx_word' id='word_1_266' title='bbox 1037 3854 1071 3898; x_wconf 83' lang='lat' dir='ltr'><strong>ad</strong></span> <span class='ocrx_word' id='word_1_267' title='bbox 1085 3855 1212 3910; x_wconf 84' lang='lat' dir='ltr'><strong>reliquum</strong></span> <span class='ocrx_word' id='word_1_268' title='bbox 1228 3855 1304 3905; x_wconf 88' lang='lat' dir='ltr'><strong>huius</strong></span> <span class='ocrx_word' id='word_1_269' title='bbox 1318 3853 1428 3908; x_wconf 87' lang='lat' dir='ltr'><strong>Collegll</strong></span> <span class='ocrx_word' id='word_1_270' title='bbox 1440 3865 1498 3897; x_wconf 84' lang='lat' dir='ltr'><strong>nar·</strong></span> 
     </span>
     <span class='ocr_line' id='line_1_33' title="bbox 268 3925 1499 3982; baseline -0.002 -11"><span class='ocrx_word' id='word_1_271' title='bbox 268 3928 398 3971; x_wconf 84' lang='lat' dir='ltr'><strong>rsilouem</strong></span> <span class='ocrx_word' id='word_1_272' title='bbox 408 3925 466 3970; x_wconf 88' lang='lat' dir='ltr'><strong>usui</strong></span> <span class='ocrx_word' id='word_1_273' title='bbox 480 3925 623 3970; x_wconf 89' lang='lat' dir='ltr'><strong>lectoribus</strong></span> <span class='ocrx_word' id='word_1_274' title='bbox 636 3926 751 3970; x_wconf 81' lang='lat' dir='ltr'><strong>futurum</strong></span> <span class='ocrx_word' id='word_1_275' title='bbox 761 3933 810 3976; x_wconf 87' lang='lat' dir='ltr'><strong>est.</strong></span> <span class='ocrx_word' id='word_1_276' title='bbox 825 3937 857 3971; x_wconf 82' lang='lat' dir='ltr'><strong>ea</strong></span> <span class='ocrx_word' id='word_1_277' title='bbox 872 3927 1031 3982; x_wconf 76' lang='lat' dir='ltr'><strong>subjicimus,</strong></span> <span class='ocrx_word' id='word_1_278' title='bbox 1047 3927 1148 3972; x_wconf 90' lang='lat' dir='ltr'><strong>omissis</strong></span> <span class='ocrx_word' id='word_1_279' title='bbox 1164 3937 1231 3981; x_wconf 84' lang='lat' dir='ltr'><strong>quae</strong></span> <span class='ocrx_word' id='word_1_280' title='bbox 1248 3926 1281 3970; x_wconf 87' lang='lat' dir='ltr'><strong>sd</strong></span> <span class='ocrx_word' id='word_1_281' title='bbox 1295 3927 1423 3970; x_wconf 85' lang='lat' dir='ltr'><strong>sociorum</strong></span> <span class='ocrx_word' id='word_1_282' title='bbox 1433 3936 1499 3968; x_wconf 90' lang='lat' dir='ltr'><strong>corn·</strong></span> 
     </span>
     <span class='ocr_line' id='line_1_34' title="bbox 269 3997 1497 4052; baseline -0.002 -9"><span class='ocrx_word' id='word_1_283' title='bbox 269 3997 457 4043; x_wconf 75' lang='lat' dir='ltr'><strong>mendationem</strong></span> <span class='ocrx_word' id='word_1_284' title='bbox 470 3997 584 4042; x_wconf 84' lang='lat' dir='ltr'><strong>sddebst</strong></span> <span class='ocrx_word' id='word_1_285' title='bbox 598 3997 723 4052; x_wconf 79' lang='lat' dir='ltr'><strong>ignatius.</strong></span> <span class='ocrx_word' id='word_1_286' title='bbox 735 3997 799 4042; x_wconf 86' lang='lat' dir='ltr'><strong>Sunt</strong></span> <span class='ocrx_word' id='word_1_287' title='bbox 815 4001 910 4042; x_wconf 81' lang='lat' dir='ltr'><strong>sutem:</strong></span> <span class='ocrx_word' id='word_1_288' title='bbox 927 4000 948 4049; x_wconf 92' lang='grc'><strong>1,</strong></span> <span class='ocrx_word' id='word_1_289' title='bbox 962 3998 1030 4052; x_wconf 81' lang='lat' dir='ltr'><strong>hisg.</strong></span> <span class='ocrx_word' id='word_1_290' title='bbox 1041 3997 1154 4042; x_wconf 81' lang='lat' dir='ltr'><strong>Thomas</strong></span> <span class='ocrx_word' id='word_1_291' title='bbox 1168 3998 1304 4043; x_wconf 84' lang='lat' dir='ltr'><strong>Lentulus.</strong></span> <span class='ocrx_word' id='word_1_292' title='bbox 1314 4000 1497 4051; x_wconf 70' lang='grc'>6661666666-</span> 
     </span>
     <span class='ocr_line' id='line_1_35' title="bbox 268 4067 1497 4122; baseline -0.001 -9"><span class='ocrx_word' id='word_1_293' title='bbox 268 4071 313 4122; x_wconf 87' lang='grc'>616,</span> <span class='ocrx_word' id='word_1_294' title='bbox 323 4068 427 4114; x_wconf 84' lang='lat' dir='ltr'><strong>Rector.</strong></span> <span class='ocrx_word' id='word_1_295' title='bbox 437 4068 459 4121; x_wconf 81' lang='grc'><strong>2,</strong></span> <span class='ocrx_word' id='word_1_296' title='bbox 469 4067 514 4113; x_wconf 89' lang='lat' dir='ltr'><strong>Dr.</strong></span> <span class='ocrx_word' id='word_1_297' title='bbox 526 4068 638 4122; x_wconf 83' lang='lat' dir='ltr'><strong>Josnues</strong></span> <span class='ocrx_word' id='word_1_298' title='bbox 653 4069 772 4114; x_wconf 82' lang='lat' dir='ltr'><strong>Cuvlllou</strong></span> <span class='ocrx_word' id='word_1_299' title='bbox 787 4069 951 4121; x_wconf 63' lang='grc' dir='ltr'><strong>Ι’0666111661</strong></span> <span class='ocrx_word' id='word_1_300' title='bbox 966 4069 1073 4114; x_wconf 76' lang='lat' dir='ltr'><strong>flander.</strong></span> <span class='ocrx_word' id='word_1_301' title='bbox 1085 4070 1108 4122; x_wconf 84' lang='lat'><strong>8,</strong></span> <span class='ocrx_word' id='word_1_302' title='bbox 1121 4068 1167 4114; x_wconf 88' lang='lat' dir='ltr'><strong>Dr.</strong></span> <span class='ocrx_word' id='word_1_303' title='bbox 1178 4068 1342 4113; x_wconf 84' lang='lat' dir='ltr'><strong>Hermsunus</strong></span> <span class='ocrx_word' id='word_1_304' title='bbox 1354 4075 1381 4120; x_wconf 83' lang='grc'><strong>16</strong></span> <span class='ocrx_word' id='word_1_305' title='bbox 1392 4069 1497 4112; x_wconf 81' lang='lat' dir='ltr'><strong>Pulsuci</strong></span> 
     </span>
     <span class='ocr_line' id='line_1_36' title="bbox 267 4140 1497 4196; baseline -0.001 -11"><span class='ocrx_word' id='word_1_306' title='bbox 267 4141 375 4186; x_wconf 80' lang='lat' dir='ltr'><strong>librarlo</strong></span> <span class='ocrx_word' id='word_1_307' title='bbox 388 4141 484 4195; x_wconf 86' lang='lat' dir='ltr'><strong>passim</strong></span> <span class='ocrx_word' id='word_1_308' title='bbox 494 4141 618 4186; x_wconf 82' lang='lat' dir='ltr'><strong>scribitur</strong></span> <span class='ocrx_word' id='word_1_309' title='bbox 629 4140 785 4194; x_wconf 84' lang='lat' dir='ltr'><strong>Hermuuus)</strong></span> <span class='ocrx_word' id='word_1_310' title='bbox 795 4141 940 4196; x_wconf 84' lang='lat' dir='ltr'><strong>Thyraeus.</strong></span> <span class='ocrx_word' id='word_1_311' title='bbox 950 4141 1118 4185; x_wconf 82' lang='lat' dir='ltr'><strong>noresieusis.</strong></span> <span class='ocrx_word' id='word_1_312' title='bbox 1131 4142 1154 4192; x_wconf 80' lang='grc'>4,</span> <span class='ocrx_word' id='word_1_313' title='bbox 1171 4141 1304 4186; x_wconf 76' lang='lat' dir='ltr'><strong>Hurtadus</strong></span> <span class='ocrx_word' id='word_1_314' title='bbox 1314 4140 1401 4190; x_wconf 81' lang='lat' dir='ltr'><strong>Perea.</strong></span> <span class='ocrx_word' id='word_1_315' title='bbox 1411 4141 1497 4194; x_wconf 83' lang='lat' dir='ltr'><strong>hispa-</strong></span> 
     </span>
     <span class='ocr_line' id='line_1_37' title="bbox 266 4211 1498 4267; baseline -0.002 -9"><span class='ocrx_word' id='word_1_316' title='bbox 266 4223 325 4258; x_wconf 83' lang='lat' dir='ltr'><strong>nus.</strong></span> <span class='ocrx_word' id='word_1_317' title='bbox 334 4212 356 4267; x_wconf 77' lang='grc'><strong>6,</strong></span> <span class='ocrx_word' id='word_1_318' title='bbox 366 4212 436 4265; x_wconf 76' lang='lat' dir='ltr'><strong>Mag.</strong></span> <span class='ocrx_word' id='word_1_319' title='bbox 447 4213 580 4258; x_wconf 86' lang='lat' dir='ltr'><strong>Gerardus</strong></span> <span class='ocrx_word' id='word_1_320' title='bbox 594 4212 740 4258; x_wconf 85' lang='lat' dir='ltr'><strong>Werdenus</strong></span> <span class='ocrx_word' id='word_1_321' title='bbox 755 4215 782 4267; x_wconf 91' lang='grc'><strong>(6</strong></span> <span class='ocrx_word' id='word_1_322' title='bbox 793 4213 916 4257; x_wconf 81' lang='lat' dir='ltr'><strong>Puchtler</strong></span> <span class='ocrx_word' id='word_1_323' title='bbox 931 4213 1027 4258; x_wconf 86' lang='lat' dir='ltr'><strong>dicitur</strong></span> <span class='ocrx_word' id='word_1_324' title='bbox 1041 4211 1198 4264; x_wconf 86' lang='lat' dir='ltr'><strong>Wertenus).</strong></span> <span class='ocrx_word' id='word_1_325' title='bbox 1213 4225 1244 4257; x_wconf 84' lang='lat' dir='ltr'><strong>ex</strong></span> <span class='ocrx_word' id='word_1_326' title='bbox 1259 4211 1375 4257; x_wconf 89' lang='lat' dir='ltr'><strong>inierlorl</strong></span> <span class='ocrx_word' id='word_1_327' title='bbox 1390 4211 1498 4256; x_wconf 79' lang='lat' dir='ltr'><strong>Germa-</strong></span> 
     </span>
     <span class='ocr_line' id='line_1_38' title="bbox 267 4282 1498 4339; baseline -0.001 -11"><span class='ocrx_word' id='word_1_328' title='bbox 267 4283 319 4328; x_wconf 85' lang='grc'>616.</span> <span class='ocrx_word' id='word_1_329' title='bbox 328 4283 350 4334; x_wconf 87' lang='grc'><strong>6.</strong></span> <span class='ocrx_word' id='word_1_330' title='bbox 364 4282 433 4338; x_wconf 68' lang='lat' dir='ltr'><strong>ling.</strong></span> <span class='ocrx_word' id='word_1_331' title='bbox 444 4283 594 4329; x_wconf 84' lang='lat' dir='ltr'><strong>Theodorus</strong></span> <span class='ocrx_word' id='word_1_332' title='bbox 609 4285 741 4332; x_wconf 81' lang='lat' dir='ltr'><strong>Peltsnus.</strong></span> <span class='ocrx_word' id='word_1_333' title='bbox 757 4284 902 4329; x_wconf 83' lang='lat' dir='ltr'><strong>leodiensis.</strong></span> <span class='ocrx_word' id='word_1_334' title='bbox 917 4285 938 4336; x_wconf 88' lang='grc'><strong>7,</strong></span> <span class='ocrx_word' id='word_1_335' title='bbox 954 4283 1081 4339; x_wconf 80' lang='lat' dir='ltr'><strong>Georgius</strong></span> <span class='ocrx_word' id='word_1_336' title='bbox 1093 4283 1238 4328; x_wconf 81' lang='lat' dir='ltr'><strong>Germanus</strong></span> <span class='ocrx_word' id='word_1_337' title='bbox 1262 4283 1462 4338; x_wconf 83' lang='lat' dir='ltr'><strong>meisslngensls.</strong></span> <span class='ocrx_word' id='word_1_338' title='bbox 1476 4282 1498 4334; x_wconf 84' lang='grc'><strong>8,</strong></span> 
     </span>
     <span class='ocr_line' id='line_1_39' title="bbox 267 4353 1498 4412; baseline -0.001 -12"><span class='ocrx_word' id='word_1_339' title='bbox 267 4353 378 4409; x_wconf 80' lang='lat' dir='ltr'><strong>jodocus</strong></span> <span class='ocrx_word' id='word_1_340' title='bbox 389 4354 532 4400; x_wconf 85' lang='lat' dir='ltr'><strong>Carcereus</strong></span> <span class='ocrx_word' id='word_1_341' title='bbox 542 4355 567 4410; x_wconf 85' lang='lat' dir='ltr'><strong>(a</strong></span> <span class='ocrx_word' id='word_1_342' title='bbox 577 4357 702 4401; x_wconf 80' lang='lat' dir='ltr'><strong>Pschtier</strong></span> <span class='ocrx_word' id='word_1_343' title='bbox 710 4357 835 4401; x_wconf 87' lang='lat' dir='ltr'><strong>scribitur</strong></span> <span class='ocrx_word' id='word_1_344' title='bbox 845 4355 1002 4410; x_wconf 82' lang='lat' dir='ltr'><strong>Csrclueus).</strong></span> <span class='ocrx_word' id='word_1_345' title='bbox 1011 4356 1142 4411; x_wconf 85' lang='lat' dir='ltr'><strong>spirensis.</strong></span> <span class='ocrx_word' id='word_1_346' title='bbox 1152 4355 1174 4405; x_wconf 88' lang='grc'><strong>9,</strong></span> <span class='ocrx_word' id='word_1_347' title='bbox 1185 4355 1325 4412; x_wconf 86' lang='lat' dir='ltr'><strong>Dionysius</strong></span> <span class='ocrx_word' id='word_1_348' title='bbox 1336 4353 1498 4412; x_wconf 76' lang='lat' dir='ltr'><strong>Feyrabend,</strong></span> 
     </span>
     <span class='ocr_line' id='line_1_40' title="bbox 267 4426 1498 4482; baseline 0 -12"><span class='ocrx_word' id='word_1_349' title='bbox 267 4426 573 4481; x_wconf 70' lang='lat' dir='ltr'><strong>austrinum-germane.</strong></span> <span class='ocrx_word' id='word_1_350' title='bbox 592 4426 626 4478; x_wconf 85' lang='lat' dir='ltr'><strong>lu.</strong></span> <span class='ocrx_word' id='word_1_351' title='bbox 643 4427 755 4482; x_wconf 79' lang='lat' dir='ltr'><strong>loannes</strong></span> <span class='ocrx_word' id='word_1_352' title='bbox 772 4427 865 4482; x_wconf 78' lang='lat' dir='ltr'><strong>limet,</strong></span> <span class='ocrx_word' id='word_1_353' title='bbox 883 4427 1017 4482; x_wconf 85' lang='lat' dir='ltr'><strong>spirensis.</strong></span> <span class='ocrx_word' id='word_1_354' title='bbox 1035 4428 1068 4479; x_wconf 91' lang='grc'><strong>11,</strong></span> <span class='ocrx_word' id='word_1_355' title='bbox 1090 4427 1238 4482; x_wconf 79' lang='lat' dir='ltr'><strong>Stephanus</strong></span> <span class='ocrx_word' id='word_1_356' title='bbox 1252 4427 1373 4471; x_wconf 82' lang='lat' dir='ltr'><strong>Liberius</strong></span> <span class='ocrx_word' id='word_1_357' title='bbox 1389 4426 1498 4481; x_wconf 78' lang='lat' dir='ltr'><strong>(Liber).</strong></span> 
     </span>
     <span class='ocr_line' id='line_1_41' title="bbox 266 4498 1498 4556; baseline -0.001 -12"><span class='ocrx_word' id='word_1_358' title='bbox 266 4508 406 4555; x_wconf 82' lang='lat' dir='ltr'><strong>germsuus</strong></span> <span class='ocrx_word' id='word_1_359' title='bbox 422 4510 454 4543; x_wconf 86' lang='lat' dir='ltr'><strong>ex</strong></span> <span class='ocrx_word' id='word_1_360' title='bbox 469 4499 609 4556; x_wconf 69' lang='grc'>81661611,</span> <span class='ocrx_word' id='word_1_361' title='bbox 624 4499 729 4549; x_wconf 80' lang='lat' dir='ltr'><strong>Paulus.</strong></span> <span class='ocrx_word' id='word_1_362' title='bbox 744 4499 941 4545; x_wconf 82' lang='lat' dir='ltr'><strong>lsudshuranus.</strong></span> <span class='ocrx_word' id='word_1_363' title='bbox 953 4499 986 4553; x_wconf 84' lang='grc'><strong>13,</strong></span> <span class='ocrx_word' id='word_1_364' title='bbox 997 4499 1090 4544; x_wconf 86' lang='lat' dir='ltr'><strong>Petrus</strong></span> <span class='ocrx_word' id='word_1_365' title='bbox 1101 4499 1223 4552; x_wconf 81' lang='lat' dir='ltr'><strong>linotten.</strong></span> <span class='ocrx_word' id='word_1_366' title='bbox 1234 4500 1365 4544; x_wconf 83' lang='lat' dir='ltr'><strong>clivensis.</strong></span> <span class='ocrx_word' id='word_1_367' title='bbox 1376 4499 1410 4552; x_wconf 88' lang='grc'><strong>14,</strong></span> <span class='ocrx_word' id='word_1_368' title='bbox 1420 4498 1498 4551; x_wconf 86' lang='lat' dir='ltr'><strong>Joan·</strong></span> 
     </span>
     <span class='ocr_line' id='line_1_42' title="bbox 268 4569 1499 4625; baseline 0.001 -11"><span class='ocrx_word' id='word_1_369' title='bbox 268 4580 314 4614; x_wconf 88' lang='lat' dir='ltr'><strong>ues</strong></span> <span class='ocrx_word' id='word_1_370' title='bbox 328 4569 454 4620; x_wconf 79' lang='lat' dir='ltr'><strong>Rossuns,</strong></span> <span class='ocrx_word' id='word_1_371' title='bbox 469 4573 566 4625; x_wconf 83' lang='lat' dir='ltr'><strong>gallus.</strong></span> <span class='ocrx_word' id='word_1_372' title='bbox 584 4571 617 4625; x_wconf 82' lang='grc'><strong>16,</strong></span> <span class='ocrx_word' id='word_1_373' title='bbox 628 4571 731 4617; x_wconf 81' lang='lat' dir='ltr'><strong>Blasius</strong></span> <span class='ocrx_word' id='word_1_374' title='bbox 743 4571 774 4616; x_wconf 87' lang='lat' dir='ltr'><strong>de</strong></span> <span class='ocrx_word' id='word_1_375' title='bbox 790 4571 917 4624; x_wconf 77' lang='lat' dir='ltr'><strong>Eugublo,</strong></span> <span class='ocrx_word' id='word_1_376' title='bbox 927 4571 1014 4616; x_wconf 86' lang='lat' dir='ltr'><strong>italus.</strong></span> <span class='ocrx_word' id='word_1_377' title='bbox 1029 4571 1061 4622; x_wconf 89' lang='grc'><strong>16,</strong></span> <span class='ocrx_word' id='word_1_378' title='bbox 1076 4569 1231 4615; x_wconf 82' lang='lat' dir='ltr'><strong>Franciscus</strong></span> <span class='ocrx_word' id='word_1_379' title='bbox 1245 4571 1276 4614; x_wconf 92' lang='lat' dir='ltr'><strong>de</strong></span> <span class='ocrx_word' id='word_1_380' title='bbox 1291 4569 1499 4624; x_wconf 81' lang='lat' dir='ltr'><strong>Suismatsissl·</strong></span> 
     </span>
     <span class='ocr_line' id='line_1_43' title="bbox 269 4641 1498 4698; baseline 0 -12"><span class='ocrx_word' id='word_1_381' title='bbox 269 4644 390 4696; x_wconf 82' lang='grc'>6666616),</span> <span class='ocrx_word' id='word_1_382' title='bbox 402 4642 530 4694; x_wconf 75' lang='grc'>11616617,</span> <span class='ocrx_word' id='word_1_383' title='bbox 541 4643 670 4688; x_wconf 73' lang='lat' dir='ltr'><strong>Marullus</strong></span> <span class='ocrx_word' id='word_1_384' title='bbox 678 4644 709 4688; x_wconf 86' lang='lat' dir='ltr'><strong>de</strong></span> <span class='ocrx_word' id='word_1_385' title='bbox 717 4641 802 4696; x_wconf 85' lang='grc'>111166,</span> <span class='ocrx_word' id='word_1_386' title='bbox 813 4641 910 4687; x_wconf 79' lang='lat' dir='ltr'><strong>Romae</strong></span> <span class='ocrx_word' id='word_1_387' title='bbox 920 4649 1088 4698; x_wconf 68' lang='grc'>6616666166</span> <span class='ocrx_word' id='word_1_388' title='bbox 1099 4643 1258 4698; x_wconf 77' lang='grc'>1616666616,</span> <span class='ocrx_word' id='word_1_389' title='bbox 1269 4642 1380 4696; x_wconf 78' lang='lat' dir='ltr'><strong>jacobus</strong></span> <span class='ocrx_word' id='word_1_390' title='bbox 1389 4643 1421 4686; x_wconf 90' lang='lat' dir='ltr'><strong>de</strong></span> <span class='ocrx_word' id='word_1_391' title='bbox 1431 4641 1498 4686; x_wconf 80' lang='lat' dir='ltr'><strong>Titia</strong></span> 
     </span>
     <span class='ocr_line' id='line_1_44' title="bbox 269 4711 1019 4770; baseline 0.003 -14"><span class='ocrx_word' id='word_1_392' title='bbox 269 4719 295 4764; x_wconf 82' lang='grc'><strong>16</strong></span> <span class='ocrx_word' id='word_1_393' title='bbox 306 4711 418 4757; x_wconf 82' lang='lat' dir='ltr'><strong>Poisuco</strong></span> <span class='ocrx_word' id='word_1_394' title='bbox 425 4712 511 4758; x_wconf 84' lang='lat' dir='ltr'><strong>dictus</strong></span> <span class='ocrx_word' id='word_1_395' title='bbox 519 4724 596 4769; x_wconf 89' lang='grc'>66666</span> <span class='ocrx_word' id='word_1_396' title='bbox 606 4712 700 4767; x_wconf 72' lang='grc'>116116,</span> <span class='ocrx_word' id='word_1_397' title='bbox 709 4713 853 4770; x_wconf 71' lang='grc'>1611666661,</span> <span class='ocrx_word' id='word_1_398' title='bbox 865 4712 1019 4768; x_wconf 81' lang='lat' dir='ltr'><strong>geldreusls.</strong></span> 
     </span>
    </p>
   </div>
   <div class='ocr_carea' id='block_1_5' title="bbox 0 0 1826 5350">
    <p class='ocr_par' dir='ltr' id='par_1_10' title="bbox 0 0 1826 5350">
     <span class='ocr_line' id='line_1_45' title="bbox 0 0 1826 5350; baseline 0 0"><span class='ocrx_word' id='word_1_399' title='bbox 0 0 1826 5350; x_wconf 95' lang='lat' dir='ltr'><strong> </strong></span> 
     </span>
    </p>
   </div>
  </div>
 </body>
</html>
