3642 5350
361 401 415 464 712
819 405 948 469 Cuuou.
969 406 1047 466 Soc.
1067 406 1138 480 Jas.

420 550 511 615 3077.
555 551 720 618 Omnium
734 572 903 619 numerus
917 553 985 618 hoc
998 570 1085 617 vere
1100 552 1146 616 ad
1161 562 1361 632 nongentos
1381 553 1588 634 accedebat,

361 670 502 739 praeter
517 672 669 740 nostros
685 662 746 742 qui
764 662 819 725 vel
837 660 1105 725 humanioribus
1124 660 1250 723 litteris
1265 662 1324 723 vel
1341 661 1589 741 philosophiae

362 767 420 829 vel
434 768 541 831 etiam
561 769 760 849 theologiae
779 769 975 848 vacabant;
997 784 1063 831 nec
1084 768 1235 848 exiguus
1249 767 1318 832 hoc
1339 785 1434 833 anuo
1453 768 1513 832 hic
1531 775 1591 832 uu·

363 890 479 937 merus
494 876 703 939 censebatur
719 886 863 957 propter
878 892 1041 939 annonae
1056 876 1254 955 caritatem,
1268 892 1360 956 quae
1374 892 1446 939 non
1457 876 1590 955 exigua

361 980 429 1045 hoc
444 1000 537 1046 anno
552 983 588 1046 in
603 980 822 1064 Portugallia
836 1000 903 1047 nec
918 981 1134 1063 pauperibus
1145 1000 1273 1063 parum
1286 983 1437 1046 molesta
1451 981 1529 1047 luit.

382 1132 388 1142 .
420 1086 512 1153 3078.
553 1088 687 1154 Addita
712 1098 766 1155 est
792 1091 896 1154 lectio
919 1106 1052 1169 graeca
1079 1088 1367 1153 extraordinaria
1390 1091 1459 1153 hoc
1484 1105 1590 1167 annm

361 1197 524 1277 quamvis
546 1198 640 1261 enim
661 1206 811 1280 quatuor
832 1198 925 1261 aliae
944 1198 1250 1278 preelegerentur,
1267 1205 1405 1261 tantum
1425 1196 1592 1262 studiosis

360 1304 554 1383 primarum
574 1305 744 1369 classium
764 1305 843 1369 usui
865 1314 984 1379 eraut,
1007 1312 1045 1366 ut
1065 1303 1226 1382 quintam
1245 1304 1351 1367 istam
1370 1304 1478 1367 etiam
1500 1320 1593 1367 com·

297 1434 299 1439 ·
360 1412 478 1491 plures
492 1411 735 1493 philosophiae
750 1411 911 1490 studiosi,
929 1410 1037 1475 immo
1053 1410 1213 1489 religiosi
1229 1419 1264 1473 et
1280 1410 1451 1491 theologi,
1475 1410 1593 1475 audie·

360 1518 463 1599 bant;
489 1536 571 1582 uam
593 1520 725 1600 partim
743 1519 786 1582 de
807 1518 1060 1599 grammatica,
1078 1518 1208 1599 partim
1230 1518 1275 1583 de
1300 1518 1594 1600 interpretatione

360 1622 506 1689 Homeri
520 1626 633 1689 lector
649 1625 792 1706 agebat.

419 1730 511 1797 3079.
554 1732 823 1797 Exercebantur
834 1742 954 1797 autem
966 1731 1134 1797 rhetorici
1143 1732 1467 1796 declamationibus
1478 1732 1593 1795 soluta

361 1840 521 1904 oratione
535 1842 594 1905 vel
608 1841 765 1905 carmine
787 1840 972 1920 habendis,
989 1840 1116 1922 quibus
1136 1840 1179 1904 de
1200 1848 1408 1904 sanctorum
1431 1840 1594 1904 laudibus

362 1957 423 2012 aut
438 1947 481 2012 de
496 1948 574 2013 aliis
589 1949 656 2030 piis
672 1950 892 2029 argumentis
908 1948 1074 2029 agebant,
1088 1957 1123 2011 et
1134 1956 1208 2012 tam
1223 1945 1372 2011 feliciter
1385 1948 1421 2013 id
1437 1955 1593 2029 praesta-

364 2055 461 2136 bant,
475 2063 513 2120 ut
525 2056 626 2121 multi
636 2074 708 2120 non
719 2057 764 2120 ah
776 2056 874 2137 ipsis,
888 2055 952 2120 sed
963 2074 985 2119 a
997 2055 1290 2137 praeceptoribus
1303 2056 1503 2137 composita
1513 2054 1593 2119 fuis·

363 2180 413 2244 se,
431 2181 522 2245 quae
536 2164 824 2245 pronuntiabant,
844 2163 1103 2228 existimarent.

423 2269 514 2335 3080.
557 2271 720 2351 Triginta
735 2270 896 2351 religiosi
916 2271 1100 2335 variorum
1124 2271 1288 2335 ordinum
1302 2270 1350 2335 ad
1368 2271 1511 2335 scholas
1534 2286 1595 2334 no-

363 2388 519 2444 strorum
533 2378 765 2458 accedebant,
785 2380 912 2460 quibus
930 2388 1182 2459 praeceptores
1200 2378 1419 2459 peculiarem
1434 2376 1594 2441 charita·

364 2496 435 2552 tem
451 2486 674 2565 exhibebant;
687 2495 806 2551 ettam
821 2486 882 2565 illi,
898 2502 1006 2566 quam
1017 2486 1144 2564 reliqui
1155 2486 1331 2566 discipuli,
1345 2494 1596 2567 praeceptores

364 2595 560 2676 impensius
575 2594 782 2675 diligebant.
1175 2596 1178 2602 '
1361 2591 1364 2595 ’

424 2701 517 2766 3081.
561 2701 649 2768 Cum
660 2701 1035 2783 quidam,religionem
1047 2701 1287 2782 ingressurus,
1297 2719 1362 2765 suo
1371 2701 1596 2783 praeceptori

366 2811 484 2875 multis
505 2810 722 2874 valediceret
736 2827 817 2874 cum
831 2809 1019 2890 lacrymis,
1036 2811 1069 2874 ei
1089 2828 1128 2874 se
1147 2809 1276 2873 debere
1296 2817 1378 2891 post
1392 2808 1508 2873 Deum
1529 2807 1596 2873 hoc

365 2917 547 2998 singulare
558 2917 780 2998 beneficium,
793 2917 997 2982 vocationis
1006 2917 1144 2982 scilicet
1155 2917 1355 2997 religiosae,
1365 2917 1595 2997 agnoscebat,

366 3025 587 3107 rogabatque
604 3034 641 3090 ut
657 3025 955 3106 quemadmodum
969 3027 1134 3104 exemplo
1147 3034 1182 3090 et
1193 3025 1314 3089 verbis
1325 3025 1371 3088 ad
1383 3025 1495 3089 vitam
1506 3024 1596 3087 chri·

367 3133 483 3196 stiano
500 3132 646 3213 dignam
661 3133 778 3214 ipsum
789 3132 944 3213 juverat,
960 3132 1011 3195 ita
1032 3140 1068 3196 et
1090 3132 1136 3196 ad
1150 3132 1378 3214 perfectionis
1393 3141 1524 3197 statum
1538 3129 1598 3196 ad·

365 3237 518 3320 juvaret.

426 3346 518 3413 3082.
562 3346 631 3413 Sed
646 3345 847 3427 hujusmodi
863 3347 974 3411 multa
990 3346 1210 3429 accidebant,
1227 3358 1263 3413 et
1277 3367 1323 3413 ex
1333 3348 1495 3415 omnibus
1509 3351 1600 3415 clas·

367 3455 464 3521 sibus
480 3456 589 3538 aliqui
603 3458 761 3539 religiosi
772 3456 1026 3522 efficiebantur.
1040 3457 1096 3520 Ex
1107 3456 1173 3537 his,
1190 3457 1250 3538 qui
1264 3457 1383 3537 legere
1394 3465 1429 3521 et
1443 3457 1597 3523 scribere

368 3563 561 3644 discebant,
578 3582 745 3629 numerus
756 3566 802 3630 ad
813 3573 992 3628 trecentos
1005 3564 1227 3643 ascenderat,
1240 3565 1301 3646 qui
1315 3581 1483 3644 magnam
1497 3583 1596 3648 spem

368 3688 454 3736 suae
469 3673 613 3736 virtutis
627 3673 866 3750 concitabant,
885 3689 966 3736 cum
987 3673 1080 3735 lacte
1095 3673 1232 3736 timoris
1246 3670 1313 3737 Dei
1332 3681 1368 3736 et
1382 3673 1597 3738 christianae

369 3779 551 3844 doctrinae
567 3779 844 3860 instituerentur,
861 3796 969 3862 quam
984 3761 1189 3843 memoriter
1203 3778 1432 3844 addiscebant
1453 3790 1488 3844 et
1502 3781 1597 3845 domi

368 3904 454 3952 suos
469 3888 683 3952 domesticos
699 3889 859 3952 eamdem
875 3888 1082 3966 edocebant,
1096 3896 1131 3950 et
1142 3884 1344 3967 juramenta
1356 3887 1451 3952 domi
1466 3897 1500 3953 et
1515 3889 1598 3953 alibi

369 3995 685 4077 reprehendebant,
698 4006 733 4060 et
745 3995 934 4078 aliquando
947 4013 1070 4059 eorum
1082 4004 1247 4075 parentes
1258 3996 1319 4076 pia
1330 3997 1465 4060 laetitia
1475 3995 1597 4061 flentes

371 4105 416 4168 ad
430 4115 572 4168 nostros
585 4104 787 4184 veniebant,
804 4103 895 4168 filios
909 4121 994 4168 suos
1010 4112 1083 4168 tam
1098 4112 1220 4168 sancte
1234 4103 1369 4170 institui
1388 4121 1453 4185 pro
1469 4121 1600 4185 magun

371 4210 438 4274 Dei
454 4210 624 4275 beneficio
640 4212 820 4275 ducenteS.

429 4317 521 4382 3083.
565 4317 715 4398 Quando
726 4319 1499 4401 aliquishuJusmodipuerorumcastigandus
1511 4330 1599 4401 erat,

371 4427 573 4507 aliquando,
587 4425 621 4488 id
634 4426 878 4507 deprecantes
892 4426 1130 4491 obtendebant
1138 4427 1232 4509 quod
1240 4425 1401 4508 jurantes
1408 4427 1597 4508 reprehen·

371 4533 519 4613 dissent,
543 4543 577 4597 et
602 4533 750 4614 singulis
776 4534 899 4597 diebus
926 4535 1065 4599 sabbati
1089 4535 1330 4600 testimonium
1359 4535 1506 4600 reddere
1534 4552 1596 4599 eos

373 4642 559 4721 oportebat
574 4658 696 4705 coram
711 4641 862 4706 Rectore
877 4643 971 4724 quod
986 4646 1130 4724 regulas
1144 4660 1227 4708 suas
1242 4645 1505 4725 observassent;
1521 4645 1596 4710 etsi
