3642 5350
777 418 842 481 Au.
864 418 934 481 1556
1414 418 1468 481 713

239 568 367 648 aliquis
383 584 463 631 cum
477 567 548 631 alio
563 582 742 647 pugnasse
758 567 815 630 vel
830 565 914 647 quid
929 565 1025 631 aliud
1039 567 1131 631 male
1146 566 1262 647 egisse
1283 583 1469 632 accusare·

240 685 309 755 tur,
326 673 371 739 ad
385 683 655 756 praeceptorem
669 672 884 749 ducebatur,
901 674 962 753 qui
980 689 1054 737 non
1073 675 1188 738 solum
1207 675 1357 739 curabat
1370 675 1468 756 puni·

242 783 384 862 tionem,
400 782 585 846 sedetiam
604 790 643 846 ut
665 799 687 845 a
707 780 785 845 Deo
811 781 954 845 veniam
978 790 1138 863 peterent
1159 792 1194 847 et
1216 781 1469 847 confiterentur

243 890 316 954 suis
335 889 572 954 confessariis.

301 996 393 1061 3084.
437 995 526 1062 Cum
548 997 594 1062 ad
618 1005 759 1062 nostras
780 998 924 1062 scholas
938 996 1111 1062 videndas
1129 998 1318 1078 Visitator,
1333 1015 1355 1062 a
1369 997 1468 1080 Rege

244 1105 384 1183 missus,
398 1105 619 1185 accessisset,
633 1121 714 1169 cum
725 1104 799 1169 suis
810 1113 947 1169 tantum
958 1104 1163 1170 domesticis
1176 1105 1284 1185 venit,
1301 1114 1340 1169 ut
1353 1114 1467 1171 osten·

242 1211 342 1276 deret
356 1228 395 1275 se
408 1210 688 1293 jurisdictionem
708 1213 840 1277 nullam
860 1212 897 1277 in
916 1210 1059 1277 scholas
1081 1222 1224 1277 nostras
1242 1211 1386 1277 habere:
1409 1229 1464 1276 ex·

242 1328 365 1400 ceptus
380 1328 433 1383 est
447 1320 484 1383 in
498 1319 612 1401 prima
632 1329 668 1384 et
688 1319 844 1385 secunda
863 1321 979 1385 classe
1001 1320 1222 1385 orationibus
1240 1319 1375 1399 solutis,
1392 1336 1468 1384 car·

242 1426 397 1492 minibus
410 1427 552 1508 graecis
566 1437 601 1492 et
614 1428 745 1507 latinis,
758 1436 793 1492 et
808 1444 889 1492 cum
900 1427 1086 1491 interesset
1095 1428 1304 1493 lectionibus
1315 1428 1467 1509 philoso-

242 1535 358 1617 phicis
385 1535 534 1616 triplicis
562 1552 711 1615 cursus,
742 1533 1002 1617 disputationes
1029 1536 1121 1600 iuter
1150 1536 1246 1616 ipsos
1276 1534 1469 1617 discipulos

242 1642 385 1708 habitae
398 1642 551 1707 suerunt.
568 1642 680 1707 Biduo
696 1641 855 1721 veniens,
868 1659 993 1707 omnes
1003 1653 1255 1724 praeceptores
1270 1642 1416 1723 audivit,
1434 1650 1467 1706 et

242 1760 316 1815 tam
330 1750 379 1814 illi
394 1767 500 1831 quam
519 1750 681 1831 discipuli
706 1749 846 1814 abunde
860 1751 893 1814 ei
918 1750 1176 1830 satisfecerunt,
1203 1758 1238 1814 et
1261 1749 1312 1815 ita
1326 1748 1415 1814 dixit
1429 1766 1468 1813 se

242 1857 331 1938 Regi
343 1858 567 1938 scripturum,
583 1857 668 1921 iilud
683 1855 888 1939 Scripturae
901 1874 1096 1938 usurpans:
1113 1858 1299 1939 quinquae
1312 1857 1467 1923 vidimus

242 1981 315 2029 non
330 1981 518 2047 possumus
531 1981 604 2029 non
617 1964 731 2047 loqui;
752 1972 787 2029 et
805 1964 897 2028 sicut
912 1964 1113 2029 audivimus
1127 1964 1180 2029 sic
1194 1964 1349 2030 vidimus
1363 1961 1386 2029 ¹.

302 2070 394 2138 3005.
437 2071 570 2154 Optare
585 2089 624 2136 se
642 2082 761 2136 autem
779 2071 920 2137 dicebat
934 2082 973 2135 ut
988 2072 1230 2154 condiscipuli,
1248 2069 1333 2155 [qui]
1348 2090 1393 2136 ex
1407 2089 1466 2136 no-

242 2180 327 2245 stris
350 2180 481 2245 scholis
507 2180 552 2244 ad
568 2179 657 2245 alias
680 2178 870 2244 facultates
894 2178 1089 2243 audiendas
1114 2179 1340 2260 accederent,
1363 2178 1467 2243 detri-

242 2297 399 2353 mentum
414 2306 460 2353 ex
474 2288 624 2352 aliorum
638 2288 805 2352 convictu
820 2305 892 2352 non
906 2287 1120 2369 acciperent.
1142 2285 1313 2369 Magnum
1328 2288 1386 2353 hic
1407 2288 1467 2353 Vi-

242 2396 368 2460 sitator
381 2394 547 2461 aflectum
559 2395 829 2460 benevolentiae
844 2412 932 2477 erga
946 2392 1160 2461 Societatem
1181 2395 1345 2476 gerebat,
1362 2412 1468 2476 quam

241 2501 388 2585 Romae,
414 2522 496 2568 cum
520 2501 630 2584 Regis
653 2501 894 2585 portugalliae
915 2502 1060 2583 negotia
1084 2512 1218 2584 ageret,
1245 2502 1468 2568 familiariter

242 2620 404 2693 noverat,
420 2610 610 2677 Baithasar
624 2611 668 2676 de
681 2610 789 2676 Faria
803 2612 946 2677 nomine
960 2610 983 2676 ¹.

303 2718 395 2784 3086.
438 2717 594 2800 Singulis
613 2719 793 2784 mensibus
811 2719 848 2782 in
867 2736 954 2783 area
973 2717 1132 2799 collegii,
1155 2718 1201 2783 ad
1220 2735 1326 2799 quam
1346 2735 1468 2784 omnes

242 2826 446 2893 scholastici
454 2826 967 2909 congregabantur,orationes
975 2827 1368 2909 publicaesuperiorum
1379 2827 1466 2890 clas·

243 2936 335 3000 sium
355 2933 588 3014 habebantur,
609 2943 751 3017 praeter
773 2935 878 3014 aliaS,
900 2951 990 3017 quas
1011 2934 1049 2999 in
1069 2935 1244 2999 classibus
1258 2952 1304 2998 ex
1317 2935 1396 3017 ipsa
1410 2951 1467 2999 ca·

242 3042 368 3107 thedra
382 3049 632 3124 praeceptores
646 3041 934 3123 pronuntiabant,
950 3050 985 3106 et
1000 3041 1043 3106 de
1062 3041 1187 3106 eodem
1209 3041 1364 3107 themate
1378 3041 1468 3106 alter

241 3152 357 3215 soluta
371 3151 543 3230 oratione,
560 3150 651 3215 alter
674 3149 833 3214 carmine
847 3149 1057 3229 disserebat,
1081 3157 1116 3214 et
1140 3158 1240 3214 tanta
1255 3149 1467 3229 cumgratia

241 3275 284 3322 ea
296 3257 572 3339 pronuntiabant
586 3273 650 3340 per
664 3257 769 3322 unius
783 3257 895 3322 horae
906 3258 1073 3339 spatium,
1085 3266 1124 3322 ut
1135 3275 1207 3322 non
1218 3273 1345 3338 parum
1360 3256 1467 3322 admi-

241 3365 390 3430 rationis
410 3365 643 3430 concitarent.

302 3471 394 3537 3087.
436 3471 558 3538 Nostri
572 3473 610 3538 in
622 3472 814 3538 refectorio
834 3472 944 3554 aliqui
962 3473 1088 3554 latine,
1111 3472 1273 3538 lectionis
1291 3473 1371 3538 loco
1386 3489 1469 3538 con·

212 3611 215 3617 ·
242 3580 485 3660 cionabantur,
512 3589 670 3662 tempore
695 3599 716 3645 a
739 3578 930 3661 Superiore
949 3581 1171 3662 praescripto
1190 3580 1237 3644 ad
1258 3581 1468 3646 concionem

243 3687 582 3771 praemeditandum.

303 3794 396 3861 3088.
438 3793 768 3860 ConstitueratRex
784 3796 941 3879 Joannes
955 3805 995 3860 ut
1013 3796 1164 3876 singulis
1182 3796 1284 3860 annis
1303 3797 1340 3860 in
1353 3795 1467 3876 Regio

244 3903 401 3984 Collegio
416 3904 532 3968 oratio
547 3903 658 3967 latina
672 3903 709 3967 in
723 3903 863 3969 laudem
878 3902 1062 3984 cujusdam
1075 3902 1158 3970 Sue
1172 3903 1331 3985 Reginae
1345 3903 1467 3968 Portu·

240 4012 370 4092 galliae
381 4010 404 4088 ⁸,
417 4009 516 4090 cujus
528 4027 658 4092 corpus
670 4010 917 4077 Conimbricae
926 4021 1103 4093 servatur,
1117 4014 1317 4078 haberetur.
1331 4012 1466 4077 Tenen·

239 4129 296 4182 tur
311 4117 443 4183 Rector
458 4117 722 4197 Universitatis,
744 4127 779 4182 et
801 4119 862 4184 alii
883 4137 929 4183 ex
951 4120 1075 4186 eadem
1096 4121 1261 4203 studiosi,
1285 4121 1399 4186 eidem
1421 4103 1489 4185 ex⁰

237 4225 405 4290 mandato
421 4226 521 4306 regio
537 4226 720 4306 interesse;
735 4226 798 4290 sed
814 4227 1036 4308 praeteritos
1051 4237 1295 4294 convenerunt
1309 4229 1467 4294 omnium

278 4393 287 4428 ¹
316 4393 373 4440 Non
382 4395 449 4439 enlm
458 4406 593 4450 possumne
602 4407 668 4451 quae
678 4395 790 4441 vidimus
799 4403 825 4441 et
840 4397 988 4443 audivimus
1002 4409 1053 4443 nou
1068 4398 1147 4454 loqui.
1162 4400 1225 4446 Aer.
1241 4399 1335 4444 Aron.
1352 4410 1389 4454 tv,
1403 4398 1461 4445 2⁰.-

238 4465 305 4510 Vlde
316 4465 437 4511 Litterae
446 4465 678 4523 Quadrlmestres,
688 4474 707 4514 t.
717 4479 753 4522 ιν,
764 4480 824 4524 pag.
835 4469 883 4516 210.

279 4538 291 4570 ²
317 4537 384 4583 Vide
393 4550 481 4595 eupre,
491 4546 510 4584 t.
522 4551 539 4594 r,
550 4551 609 4596 pag.
619 4539 660 4585 eto
669 4547 696 4585 et
704 4540 753 4595 w,
762 4540 806 4586 ubl
816 4541 847 4586 de
858 4541 907 4587 hoc
917 4543 976 4587 viro
985 4542 1082 4587 mentio
1096 4549 1151 4598 eet,
1162 4545 1194 4588 de
1205 4554 1254 4599 qno
1270 4544 1358 4599 egitur
1367 4544 1466 4601 peeelnr

240 4611 267 4655 in
277 4607 373 4654 Cariae
381 4610 415 4655 de
430 4611 485 4655 San
496 4611 614 4667 lenacia,
624 4617 643 4656 t.
654 4619 706 4667 net
716 4611 855 4668 Epistolae
866 4611 979 4666 Menae,
988 4620 1006 4659 t.
1017 4625 1035 4667 ι,
1045 4626 1106 4670 peg.
1117 4615 1181 4660 170...

283 4679 295 4713 ⁸
320 4681 426 4738 Nempe,
436 4681 507 4730 Stac.
518 4681 664 4740 Elisabeth,
674 4683 777 4742 viduae,
789 4685 967 4741 Portngalliae
976 4686 1101 4742 Reginae.
1112 4685 1179 4732 Vide
1190 4686 1267 4744 infre,
1277 4699 1300 4732 n.
1311 4687 1373 4732 0009.
