3642 5350
804 400 868 459 Aa.
892 400 962 459 1556
1444 400 1500 460 483

255 563 341 610 cum
356 546 507 626 primum
523 545 560 609 Ρ.
578 548 737 627 Baptista
759 546 865 611 Viola
887 564 968 609 cum
989 548 1281 627 praeceptoribus
1300 545 1415 609 Roma
1438 546 1494 610 Bi·

256 653 431 732 gliomum
452 654 685 733 pervenisset,
708 654 848 718 interim
870 661 990 718 autem
1011 652 1156 717 domum
1175 654 1326 717 conduci
1339 652 1376 717 iu
1391 670 1496 717 usum

261 767 464 823 nostrorum
478 769 513 823 et
528 762 730 825 necessaria
747 761 792 824 ad
806 762 943 825 victum
958 761 1168 841 praeparari
1179 760 1296 842 jussit.

321 863 414 929 2079.
456 866 565 930 Aliud
586 877 704 931 autem
726 868 927 947 collegium,
952 877 1096 947 praeter
1118 867 1186 930 hoc
1208 876 1382 947 nostrum,
1399 868 1436 931 in
1450 869 1499 931 in·

258 973 367 1037 sormi
386 974 447 1037 illa
465 973 707 1038 Universitate
726 977 861 1039 nullum
881 984 971 1053 erat;
994 984 1029 1037 et
1053 974 1133 1038 ideo
1156 975 1271 1037 omnis
1297 974 1498 1040 discordiae

259 1080 406 1145 occasio
422 1089 484 1145 aut
507 1082 744 1147 contentionis
759 1083 900 1146 sublata
916 1090 1003 1145 erat.
1029 1080 1088 1145 Sic
1110 1091 1228 1145 autem
1249 1082 1372 1145 dotare
1394 1083 1497 1147 colle·

259 1186 360 1265 gium
379 1187 578 1268 Episcopus
599 1189 847 1267 constituebat,
864 1200 902 1252 ut
924 1190 1021 1253 nullo
1043 1190 1150 1253 modo
1171 1206 1359 1253 successor
1377 1190 1415 1253 in
1429 1192 1498 1271 epi·

259 1303 412 1375 scopatu
426 1312 505 1358 sese
521 1296 721 1360 immiscere
736 1305 797 1359 aut
817 1296 1007 1377 quicquam
1027 1296 1212 1360 vindicare
1228 1296 1264 1360 in
1283 1314 1326 1359 eo
1347 1298 1498 1378 collegio

257 1401 327 1465 sibi
342 1411 473 1482 posset.
490 1402 564 1467 Nec
576 1403 686 1483 Regis
702 1401 841 1466 Galliae
854 1414 915 1466 aut
926 1402 1109 1467 Pontificis
1119 1404 1334 1467 auctoritate
1345 1404 1392 1467 ad
1403 1403 1498 1469 hanc

256 1506 478 1573 dotationem
493 1510 633 1590 egebat,
650 1527 693 1573 eo
709 1509 805 1590 quod
819 1528 864 1574 ex
886 1511 1101 1589 patrimonio
1123 1527 1200 1589 suo,
1224 1528 1296 1575 non
1318 1528 1364 1575 ex
1385 1513 1495 1576 eccle-

256 1615 416 1680 siasticis
431 1617 543 1696 bonis,
561 1618 751 1697 collegium
770 1616 894 1681 dotare
912 1618 1158 1681 constituerat.

320 1721 412 1787 2080.
457 1722 589 1788 Omnes
604 1732 721 1787 autem
736 1724 940 1805 praedictas
958 1724 1129 1787 lectiones
1148 1726 1262 1789 nostri
1284 1727 1498 1827 praelecturi

257 1841 373 1907 erant;
391 1840 426 1895 et
436 1848 617 1911 graecam,
630 1832 738 1895 immo
750 1832 857 1895 etiarn
869 1831 1085 1907 hebraicam,
1099 1830 1264 1911 addituri,
1279 1834 1309 1896 si
1321 1834 1494 1898 lectorum

261 1946 296 2000 et
311 1939 523 2002 auditorum
548 1940 782 2002 commoditas
802 1937 838 2001 id
862 1939 1012 2001 tulisset.
1033 1937 1073 2002 In
1094 1938 1163 2003 hoc
1181 1950 1301 2004 autem
1319 1940 1495 2022 principio

260 2047 376 2109 nullos
388 2043 578 2111 Societatis
593 2046 772 2109 studiosos
782 2054 925 2125 praeter
939 2044 1036 2125 ipsos
1046 2055 1298 2127 praeceptores
1309 2048 1402 2112 mitti
1414 2047 1493 2129 Epi·

261 2169 391 2233 scopus
409 2152 558 2216 volebat:
579 2153 750 2233 paulatim
771 2162 889 2215 autem
910 2150 1113 2233 hujusmodi
1135 2153 1313 2217 studiosos
1334 2155 1414 2218 aliis
1436 2155 1495 2219 ad·

254 2258 361 2340 jungi
374 2277 478 2340 posse
494 2259 645 2337 dicebat,
663 2260 706 2323 de
721 2260 847 2339 quibus
862 2259 995 2322 mentio
1010 2276 1031 2321 a
1047 2257 1085 2321 P.
1102 2258 1240 2340 ignatio
1255 2262 1351 2343 ¹facta
1365 2261 1494 2341 suerat,

260 2376 299 2430 ut
313 2369 477 2449 supplere
492 2369 607 2431 locum
622 2369 793 2430 lectorum
809 2367 1071 2446 aegrotantium
1092 2366 1153 2430 aut
1171 2369 1329 2447 legitime
1350 2370 1495 2450 impedi·

257 2484 377 2539 torum
391 2484 546 2555 possent,
563 2485 597 2537 et
611 2475 661 2537 ita
677 2473 870 2537 infirmitati
886 2472 990 2553 hujus
1005 2475 1207 2554 dotationis
1232 2494 1275 2539 ne
1298 2475 1415 2540 dicam
1435 2476 1493 2541 do-

256 2582 379 2662 tantiS,
400 2582 755 2659 condescendendum
774 2580 854 2659 fuit,
876 2580 978 2660 juxta
996 2580 1034 2644 P.
1057 2579 1240 2645 Paschasii
1266 2584 1492 2661 sententiam;

260 2691 432 2771 paulatim
456 2699 686 2769 augmentum
711 2689 945 2769 expectando,
969 2699 1008 2752 ut
1026 2691 1078 2753 sic
1101 2689 1261 2754 Societas
1282 2690 1419 2778 Galliae
1441 2709 1494 2754 re-

259 2813 372 2877 gnum
389 2813 452 2878 per
465 2796 675 2861 Alverniam
690 2795 948 2874 ingrederetur.

320 2902 412 2967 2081.
455 2904 536 2986 Jam
549 2912 624 2968 tum
639 2903 745 2966 etiam
758 2903 801 2965 de
813 2903 884 2966 alio
896 2902 1049 2982 collegio
1063 2904 1278 2967 instituendo
1289 2914 1325 2968 et
1336 2904 1494 2969 dotando

258 3012 297 3074 in
308 3011 426 3092 aliquo
441 3030 486 3074 ex
501 3010 642 3091 oppidis
653 3011 831 3074 montanis
844 3025 929 3074 suae
941 3009 1116 3075 dioecesis
1128 3012 1270 3091 agebam
1285 3013 1380 3092 quod
1391 3013 1493 3077 cede·

260 3127 313 3180 ret
328 3118 374 3181 ad
389 3119 500 3196 ipsius
525 3117 648 3198 gregis
662 3118 865 3181 universale
884 3117 1037 3196 bonurn,
1061 3128 1096 3180 et
1120 3118 1177 3181 his
1191 3119 1370 3198 tractatis,
1394 3120 1494 3184 missi

208 3205 212 3214 ⁴
258 3235 377 3288 sunta
393 3224 431 3287 P.
448 3223 586 3304 ignatio
602 3223 640 3288 P.
658 3223 819 3304 Baptista
840 3222 948 3286 Viola
963 3241 1045 3288 cum
1060 3225 1185 3305 sociiS,
1204 3225 1248 3289 de
1267 3226 1394 3307 quibus
1409 3227 1493 3291 infe·

260 3333 335 3396 rius
350 3333 453 3412 plura
469 3333 641 3395 dicentur.

318 3437 410 3503 2082.
454 3439 656 3520 Acceperat
670 3437 708 3502 P.
726 3437 941 3502 Paschasius
956 3439 1094 3503 litteras
1106 3458 1151 3503 ex
1162 3439 1259 3504 Urbe
1269 3441 1398 3504 missas
1413 3458 1494 3505 cum

261 3548 491 3628 responsione
506 3547 602 3610 facta
616 3547 760 3610 decreto
777 3545 958 3610 facultatis
973 3547 1192 3626 parisiensis,
1214 3545 1315 3626 cujus
1330 3549 1493 3627 exempla

260 3655 362 3718 varia
373 3654 534 3718 confecta
543 3662 685 3732 sunt,ut
695 3652 875 3716 Cardinali
887 3653 1493 3734 Lotharingio,protectori,etipsis

259 3761 464 3826 doctoribus
497 3759 574 3823 dari
596 3770 755 3841 possent;
779 3761 841 3824 sed
867 3759 1043 3824 Dominus
1069 3761 1112 3824 de
1133 3761 1277 3824 Monte'
1304 3759 1494 3824 Societatis

258 3869 413 3945 amicuS,
429 3869 653 3949 praemonuit
672 3879 816 3931 nostros
835 3868 930 3948 quod
950 3866 1102 3931 facultas
1126 3867 1345 3947 theologica,
1372 3884 1493 3947 quam·

258 3977 419 4042 tumlibet
435 3993 456 4038 a
471 3975 608 4039 ratione
623 3974 793 4053 alienum,
811 3992 993 4056 nunquam
1012 3984 1226 4038 revocatura
1240 3976 1300 4038 vel
1324 3973 1493 4038 reforma-

257 4095 338 4148 tura
353 4090 431 4170 erat
445 4079 561 4164 [suum
576 4079 769 4162 decretum]
785 4085 809 4160 ’;
836 4081 899 4145 sed
924 4080 1000 4161 ejus
1022 4082 1198 4144 sententia
1224 4083 1314 4145 haec
1334 4090 1430 4160 erat,
1454 4090 1493 4145 ut

255 4189 401 4256 Summo
417 4188 578 4254 Pontifici
597 4189 707 4252 Paulo
722 4188 773 4252 IV
792 4187 981 4253 Societatis
1000 4189 1191 4268 privilegia
1207 4188 1491 4263 ostenderentur,

295 4433 304 4466 ἱ
332 4432 371 4477 De
387 4433 436 4477 hoc
452 4432 596 4477 clarlsslmo
606 4432 663 4476 viro
679 4431 812 4484 (bumont,
828 4441 906 4485 saepe
923 4430 996 4474 iacta
1010 4436 1050 4474 cst
1066 4440 1146 4485 supra
1161 4430 1267 4483 mentio,
1280 4437 1299 4474 t.
1316 4440 1353 4483 ιν,
1370 4439 1431 4484 pag.
1441 4427 1492 4480 320,

253 4511 282 4550 et
292 4515 355 4559 req..
365 4517 389 4549 n.
400 4505 475 4560 ⁶85...;
487 4512 507 4549 t.
518 4517 543 4559 v,
554 4517 615 4560 pag.
625 4503 675 4557 823,
686 4515 710 4546 n.
720 4502 768 4556 uta
780 4513 841 4557 pag.
850 4502 899 4556 326,
911 4513 936 4545 n.
946 4502 995 4554 sta,
1006 4507 1033 4545 et
1043 4503 1117 4547 alibi.

262 4587 276 4604 ¹·
294 4575 307 4610 ¹
334 4576 416 4632 Huius
426 4578 476 4622 virl
491 4577 647 4621 sententiam
662 4581 803 4626 eventus„
838 4573 961 4629 firmavit,
978 4583 1006 4617 ut
1022 4574 1118 4619 dictum
1133 4579 1183 4628 est,
1198 4584 1261 4628 pag.
1275 4572 1311 4626 iiii,
1327 4584 1351 4619 n.
1362 4572 1397 4627 90,
1408 4572 1451 4616 ubl
1463 4573 1494 4616 de

255 4647 392 4694 cardinali
403 4648 576 4703 Lothuringlo
589 4648 616 4691 tit
630 4658 724 4692 sermo.
