3642 5350
763 460 826 521 Au.
847 458 919 519 1556
1399 459 1455 523 815

225 603 364 669 adeum
379 605 557 686 venirent,
573 612 608 671 et
622 615 780 689 peterent
802 606 886 688 quid
904 606 1034 672 tacturi
1053 616 1188 689 essent,
1208 624 1289 673 cum
1310 607 1456 688 pluviae

224 709 364 777 delectu
388 712 552 777 seminati
578 713 658 793 agri
681 721 897 777 arescerent.
920 713 982 777 llle
996 714 1160 779 hortatus
1185 722 1238 778 est
1260 730 1323 779 eos
1344 723 1394 795 nt,
1420 715 1457 779 in

228 832 335 884 unum
359 816 478 885 locum
497 819 764 900 convenienteS,
788 819 1074 902 quandoquidem
1095 821 1284 886 ecclesiam
1304 839 1376 886 non
1397 822 1456 886 ha·
1525 887 1527 890 .

228 925 373 1006 bebant,
399 926 681 992 misericordiam
705 927 849 992 Domini
868 928 973 992 simul
991 927 1238 1008 implorarent;
1261 929 1459 1011 quodcum

228 1031 279 1097 illi
296 1031 447 1099 fuissent
471 1035 625 1114 executi,
645 1035 766 1100 statim
785 1034 908 1099 divina
927 1035 1069 1099 bonitas
1089 1034 1303 1101 sufficientes
1327 1036 1460 1101 imbres

229 1140 419 1223 concesslt3
436 1142 535 1205 etita
550 1124 673 1208 eorum
688 1141 776 1207 fides
790 1151 843 1206 est
859 1150 977 1207 aucta.

287 1245 380 1311 3490.
423 1246 539 1313 Senex
554 1248 699 1331 quidam
713 1249 929 1314 christianus
943 1250 1100 1330 ligneum
1111 1250 1245 1315 idolum
1260 1250 1360 1315 abeo
1373 1259 1459 1315 tem·

228 1372 331 1436 pore,
347 1372 417 1437 quo
431 1356 574 1438 gentilis
588 1366 681 1437 erat,
696 1357 792 1421 domi
807 1356 970 1421 relictum
989 1374 1071 1422 cum
1090 1358 1253 1438 haberet,
1275 1375 1399 1423 coram
1419 1376 1462 1421 eo

227 1463 350 1543 multa,
366 1480 457 1545 quae
472 1464 688 1545 comederet,
704 1466 905 1546 proposuit,
923 1474 957 1529 et
978 1466 1009 1529 si
1028 1464 1147 1529 omnia
1166 1466 1226 1529 illa
1246 1465 1459 1545 comederet,
1550 1456 1555 1463 ’

228 1579 314 1635 tnnc
325 1586 365 1635 se
378 1570 428 1635 illi
442 1571 672 1652 crediturum
688 1570 751 1635 sed
762 1588 845 1636 cum
862 1571 997 1637 videret
1010 1572 1099 1637 nihil
1109 1572 1242 1637 idolum
1256 1564 1460 1653 moveriln

230 1686 363 1743 terram
377 1678 476 1743 illum
490 1678 669 1761 dejiciens,
686 1679 761 1759 igni
775 1678 884 1743 dedit.

238 1874 239 1877 Ἴ
289 1783 382 1850 3491.
424 1784 529 1851 Prius
549 1802 656 1868 quarn
671 1802 818 1868 oryzam
836 1785 873 1849 hi
891 1785 1053 1849 homines
1074 1785 1306 1863 seminarent,
1332 1805 1379 1851 cx
1393 1805 1462 1869 qua

233 1908 335 1957 suum
348 1910 477 1975 panem
489 1894 704 1975 conficiunt,
721 1894 939 1971 adnostros,
956 1902 994 1957 ut
1009 1910 1088 1958 eam
1102 1894 1366 1976 benedicerent,
1383 1893 1463 1959 alie·

232 1999 369 2081 rebant;
385 2010 421 2065 et
436 2018 517 2066 curn
531 2018 577 2066 ex
592 2018 681 2083 agro
693 2000 854 2065 eamdem
865 2017 1013 2082 oryzam
1024 2000 1304 2082 provenientem,
1318 2002 1461 2066 domum

233 2106 425 2189 adferrent,
441 2120 479 2172 ut
493 2108 760 2173 benediceretur
775 2108 882 2172 etiam
898 2108 1099 2171 adnostros
1118 2106 1339 2173 adferebant.
1359 2108 1462 2173 Hanc

231 2215 326 2279 enim
341 2215 518 2281 habebant
533 2214 649 2297 fidem,
669 2215 762 2299 quod
777 2232 887 2297 oryza
901 2214 1088 2279 benedicta
1104 2232 1171 2279 nec
1188 2214 1224 2279 in
1236 2215 1334 2295 agris
1348 2234 1415 2281 nec
1429 2217 1465 2280 ln

232 2322 370 2387 horreis
384 2321 634 2388 detrimentum
647 2332 742 2389 esset
755 2339 918 2405 passura.

290 2429 383 2494 3492.
427 2428 517 2496 Cum
532 2439 650 2496 autem
665 2431 795 2513 aliquis
810 2430 1027 2497 christianus
1040 2431 1280 2509 moriebatur,
1297 2431 1467 2496 sacerdos

233 2553 278 2601 ex
293 2538 425 2603 nostris
438 2539 471 2603 ei
485 2555 528 2605 eo
542 2538 580 2603 in
594 2538 724 2620 populo
741 2538 865 2603 aderat
886 2538 992 2602 simul
1007 2554 1090 2602 cum
1111 2537 1247 2619 pueris;
1268 2547 1304 2602 et
1323 2556 1466 2619 praece·

234 2644 337 2710 dante
351 2662 458 2711 eruce
471 2646 508 2712 in
523 2646 634 2711 altum
649 2646 809 2728 elevata,
825 2655 861 2710 et
884 2644 1028 2710 litanias
1049 2643 1288 2721 decantando,
1303 2644 1467 2732 ‘cadaver

236 2750 281 2815 ad
306 2753 494 2820 ecclesiam
514 2755 796 2833 comitabantur,
817 2770 909 2835 quae
930 2753 1150 2817 consuetudo
1171 2772 1193 2818 a
1212 2751 1251 2816 P.
1273 2751 1467 2818 Francisco

234 2859 371 2924 Xavier
384 2861 451 2926 fuit
463 2862 501 2926 in
515 2879 594 2926 eam
613 2862 796 2943 regionem
810 2859 1025 2926 introducta.

295 2967 387 3032 3493.
430 2969 469 3034 Ρ.
494 2968 702 3051 Alphonsus
727 2968 770 3033 de
796 2967 942 3048 Castro,
966 2968 1038 3048 qui,
1065 2965 1196 3031 Rector
1221 2966 1372 3048 collegii
1395 2967 1469 3033 Ma·

236 3075 328 3140 lucei
341 3076 559 3141 institutusa
579 3075 616 3141 P.
639 3074 832 3140 Melchiore
850 3073 1018 3156 Nugnez,
1039 3075 1192 3139 caeteris
1210 3075 1317 3139 etiam
1337 3077 1471 3140 nostris

235 3183 271 3248 in
281 3183 341 3247 illa
352 3183 499 3264 regione
510 3183 755 3248 Malucharum
767 3194 933 3264 praeerat
946 3180 968 3259 ¹,
982 3183 1077 3246 misit
1089 3181 1310 3263 praedictum
1321 3182 1468 3256 fratrem

235 3301 395 3356 nostrum
409 3289 595 3356 Nicolaum
610 3289 758 3371 Nugnez
773 3291 818 3354 ab
839 3290 954 3354 insula
974 3288 1107 3366 Mauri,
1125 3289 1186 3353 ubi
1207 3299 1291 3354 tunc
1310 3300 1403 3368 erat,
1423 3291 1469 3354 ad

235 3398 410 3479 quaedam
426 3399 495 3462 alia
509 3398 599 3479 loca,
620 3397 798 3478 inquibus
819 3397 980 3461 homines
999 3395 1215 3478 baptismum
1229 3398 1467 3477 postulabant,

237 3515 275 3570 ut
288 3507 501 3588 intelligeret
514 3503 684 3586 quidnam
699 3521 761 3568 cos
782 3512 945 3568 moveret
964 3511 1002 3567 ut
1020 3503 1207 3568 christiani
1228 3521 1306 3569 esse
1326 3506 1467 3585 vellent3

237 3630 321 3678 num
336 3612 445 3695 Regis
459 3613 576 3692 timor,
593 3612 650 3676 vel
665 3611 784 3692 aliqua
800 3611 1007 3693 temporalis
1021 3609 1170 3690 utilitas,
1182 3611 1241 3674 vel
1255 3610 1339 3691 quid
1353 3611 1469 3693 hujus·

239 3720 335 3785 modi
346 3720 391 3784 ad
402 3719 634 3785 christianam
645 3719 854 3799 religionem
865 3717 1084 3800 poscendam
1095 3726 1249 3798 urgeret,
1264 3718 1359 3798 (nam
1369 3720 1471 3784 multi

240 3845 284 3893 ex
298 3828 499 3912 hujusmodi
513 3827 631 3892 causis
650 3826 789 3892 moveri
814 3827 908 3890 soliti
928 3825 1059 3904 erant);
1080 3835 1116 3889 et
1130 3835 1181 3906 ut,
1204 3826 1236 3890 si
1256 3842 1346 3906 opus
1364 3838 1470 3909 esset,

240 3953 303 4001 eos
317 3936 520 4001 instrueret.
536 3935 711 4000 lntellexit
725 3943 845 3998 autem
861 3951 906 3998 ex
920 3933 973 3997 eis
987 3949 1027 3998 se
1046 3941 1184 3997 tantum
1204 3933 1359 4014 moveri,
1377 3934 1472 4016 quod

240 4044 402 4110 viderent
422 4043 610 4108 veritatem
628 4051 663 4106 et
679 4040 870 4123 justitiam,
892 4057 999 4122 quam
1014 4040 1199 4105 christiani
1214 4039 1423 4122 profitentur
1438 4053 1473 4106 et

241 4161 399 4232 servant;
415 4161 450 4217 et
464 4151 587 4240 decem
601 4150 686 4215 totis
702 4149 817 4230 annis,
832 4165 924 4230 quos
937 4147 1106 4213 Nicolaus
1118 4149 1155 4213 in
1166 4149 1226 4212 illa
1237 4149 1383 4229 regione
1394 4166 1473 4213 exe·

238 4268 353 4341 gerat,
368 4259 545 4325 fatebatur
560 4275 598 4322 se
612 4272 806 4339 numquam
821 4256 984 4321 homines
997 4255 1142 4336 vidisse,
1159 4257 1220 4337 qui
1231 4264 1304 4320 tam
1316 4265 1415 4321 recto
1429 4273 1473 4322 ac

239 4368 333 4433 bono
349 4369 467 4432 animo
483 4366 616 4432 Christi
630 4367 745 4446 legem
760 4365 976 4446 reciperent;
993 4373 1029 4428 et
1047 4363 1097 4427 ita
1113 4379 1193 4444 eos,
1208 4380 1300 4445 quae
1316 4363 1362 4429 ad
1383 4363 1473 4429 chri·

239 4476 393 4541 stianam
407 4475 606 4540 doctrinam
620 4474 812 4556 pertinent,
829 4472 987 4549 edocuit,
1003 4481 1037 4535 et
1052 4472 1157 4536 simul
1175 4487 1257 4537 cum
1280 4470 1473 4537 Melchiore

285 4721 292 4752 ¹
323 4717 426 4773 Confer,
436 4729 502 4774 qnae
510 4728 577 4763 anno
585 4716 713 4773 superiori
723 4716 820 4761 litteris
828 4714 983 4769 consignata
991 4723 1060 4768 sunt,
1070 4722 1089 4758 t.
1100 4728 1124 4768 v,
1131 4726 1193 4770 pag.
1200 4714 1242 4760 7oe
1249 4723 1277 4760 et
1286 4725 1348 4769 seq,
1357 4725 1404 4760 an.
1416 4715 1476 4790 lili.
