3642 5350
324 372 376 431 125
769 371 897 433 canor.
923 370 999 433 Soc.
1025 372 1096 446 Jas.

380 518 450 583 458.
493 518 611 583 Prima
639 519 696 584 die
725 518 810 600 Maji
839 520 983 583 domum
1011 518 1233 599 designatam
1258 519 1370 582 nostri
1395 518 1548 599 ingressi

320 636 403 690 sunt
421 636 455 690 et
475 628 656 715 intemplo
675 628 826 708 primum
848 626 997 691 Sacrum
1012 627 1246 705 celebrarunt,
1262 627 1356 707 quod
1371 627 1459 689 satis
1473 628 1546 706 pul·

320 733 444 797 chrum
463 743 541 797 erat
561 752 642 798 cum
666 734 779 799 tribus
801 736 971 798 altaribus
989 744 1024 798 et
1044 736 1186 798 hortulo
1206 735 1336 797 vicino.
1359 732 1454 797 Situs
1469 742 1546 796 erat

320 859 488 906 amoenus
503 850 538 905 et
552 842 713 921 salubris,
730 844 767 905 in
782 843 861 905 loco
876 843 982 920 edito;
998 852 1033 905 et
1048 858 1129 905 cum
1143 851 1236 904 esset
1251 842 1390 904 vicinus
1405 841 1542 921 plateae

319 958 355 1013 et
379 949 495 1031 studio
513 950 664 1030 publico,
691 950 785 1030 quod
810 949 1032 1031 Sapientiam
1052 957 1194 1027 vocant,
1215 966 1236 1011 a
1256 948 1404 1029 strepitu
1426 957 1545 1011 tamen

320 1057 452 1121 civium
466 1068 542 1121 erat
557 1066 724 1121 semotus.
740 1056 935 1121 Dicebatur
948 1059 1117 1137 templum
1129 1054 1188 1120 su
1204 1056 1285 1119 Lilii
1300 1056 1320 1134 ';
1333 1065 1368 1118 et
1380 1056 1544 1136 quamvis

320 1165 527 1246 parochiam
541 1164 698 1243 haberet,
712 1182 799 1229 cura
814 1165 1041 1228 nihilominus
1056 1164 1101 1227 ad
1112 1163 1219 1226 aliam
1233 1163 1422 1226 ecclesiam
1434 1171 1547 1225 trans·

320 1270 405 1335 ferri
420 1281 570 1352 poterat.

380 1379 451 1443 459.
494 1380 631 1444 Domus
650 1390 768 1444 autem
788 1380 989 1461 quindecim
1008 1389 1069 1444 aut
1092 1380 1220 1460 viginti
1240 1394 1470 1461 personarum
1491 1396 1547 1442 ca-

323 1504 395 1567 pax
410 1496 487 1552 erat
502 1496 536 1551 et
551 1488 641 1551 situs
655 1487 700 1551 ad
715 1500 944 1568 augmentum
959 1496 1036 1551 erat
1051 1488 1139 1551 satis
1153 1488 1303 1567 amplus.
1320 1487 1397 1550 Arx
1412 1495 1488 1549 erat
1500 1488 1549 1549 vi·

321 1595 413 1674 cina,
430 1595 489 1659 ubi
504 1594 754 1676 quadringenti
768 1597 827 1659 vel
841 1596 1024 1676 quingenti
1038 1595 1166 1658 milites
1185 1611 1264 1658 esse
1282 1594 1456 1657 solebant.
1476 1593 1547 1656 Ali·

321 1712 406 1783 quot
421 1720 534 1766 annos
549 1704 598 1766 ibi
612 1704 724 1767 nostri
738 1703 892 1781 suerunt,
908 1703 1073 1783 quamvis
1088 1720 1159 1765 non
1174 1710 1211 1765 ut
1223 1702 1260 1765 in
1272 1702 1417 1781 propria
1429 1701 1545 1779 domo,

321 1828 428 1891 quam
454 1810 523 1873 alio
549 1810 585 1873 in
610 1812 687 1873 loco
712 1811 905 1891 propriam,
931 1818 970 1873 ut
994 1826 1059 1873 suo
1082 1817 1242 1889 tempore
1261 1809 1397 1872 dicetur
1411 1806 1438 1888 ²,
1460 1808 1546 1871 obti-

321 1930 484 1983 nuerunt.

381 2024 453 2088 460.
495 2024 655 2089 Providit
669 2035 785 2089 autem
801 2024 1003 2088 Cardinalis
1017 2032 1154 2088 tantum
1169 2024 1282 2105 panis,
1297 2032 1466 2105 quantum
1479 2024 1548 2087 illis

324 2132 517 2212 sufficeret,
546 2142 581 2197 et
609 2142 689 2196 octo
717 2150 845 2195 aureos
873 2133 1025 2212 singulis
1051 2132 1231 2195 mensibus
1259 2132 1306 2195 ad
1332 2132 1484 2211 victum3
1513 2139 1548 2194 et

325 2240 488 2321 quamvis
502 2241 540 2303 in
554 2258 686 2320 magna
706 2257 868 2303 annonae
889 2240 1038 2304 caritate
1057 2258 1130 2303 non
1151 2240 1202 2303 eis
1221 2240 1370 2303 multum
1389 2255 1548 2320 superes·

322 2356 388 2425 set,
404 2359 522 2411 tamen
538 2348 626 2411 alios
641 2356 714 2411 tres
730 2350 786 2410 vel
805 2356 959 2427 quatuor
979 2346 1225 2425 adhibuerunt,
1245 2356 1281 2409 et
1301 2355 1381 2409 octo
1400 2362 1548 2409 numero

322 2456 388 2519 sub
402 2455 507 2520 finem
520 2454 626 2534 huJus
641 2455 723 2518 anni
735 2454 809 2535 jam
825 2464 937 2519 erant.
954 2454 1009 2518 Ex
1029 2454 1264 2534 eleemosynis
1283 2464 1401 2517 tamen
1421 2471 1548 2534 pauco·

322 2580 401 2627 rum
426 2564 576 2626 aliorum
605 2571 793 2642 utcumque
819 2560 1047 2642 juvabantur.
1077 2560 1151 2625 Nec
1183 2570 1302 2625 tamen
1329 2561 1549 2642 paupertatis

323 2670 485 2734 oblivisci
510 2670 726 2746 sinebantur,
750 2688 831 2735 cum
853 2670 1085 2751 supellectilia
1104 2671 1214 2734 multa
1233 2668 1321 2733 satis
1345 2668 1548 2733 necessaria

323 2776 500 2852 deessent;
525 2794 608 2841 nam
632 2778 819 2841 militarem
845 2779 881 2841 in
910 2779 1054 2842 modum
1077 2778 1154 2842 sine
1182 2778 1325 2841 sedibus
1352 2786 1388 2841 et
1416 2777 1549 2840 mensis

323 2892 435 2948 erant.

384 2991 454 3055 461.
498 2989 568 3054 Sed
593 3007 673 3054 cum
698 3008 761 3054 eos
785 2991 955 3055 inviseret
975 2991 1096 3072 judex,
1125 2993 1170 3055 de
1194 3010 1263 3072 quo
1288 2993 1451 3072 superius
1476 2991 1547 3071 egi·

323 3116 402 3162 mus
417 3097 445 3177 ³,
466 3108 500 3162 et
518 3108 660 3179 praeter
680 3100 792 3161 lectos
811 3099 914 3162 sedes
934 3101 1049 3163 nullas
1069 3098 1216 3180 videret,
1241 3109 1275 3164 et
1295 3101 1493 3164 sarcinulas
1514 3109 1549 3163 et

324 3206 457 3284 scripta
472 3207 508 3268 in
523 3213 618 3268 terra
634 3205 762 3287 posita,
779 3215 813 3269 et
828 3216 947 3270 tamen
958 3216 1100 3271 nostros
1111 3209 1224 3271 laetos
1235 3225 1327 3287 esse,
1340 3208 1444 3271 simul
1456 3206 1549 3270 aedi·

323 3311 524 3376 ficationem
540 3330 707 3392 magnam
722 3314 860 3394 accepit
875 3323 909 3378 et
924 3331 1132 3395 compassus
1147 3324 1212 3394 est,
1230 3323 1265 3378 et
1279 3315 1400 3379 statim
1416 3315 1550 3395 aliquot

324 3436 451 3483 aureos
466 3419 571 3499 misit,
588 3421 714 3500 quibus
728 3421 903 3500 quaedam
917 3423 1121 3487 necessaria
1136 3423 1206 3486 emi
1220 3431 1375 3503 possent.

382 3525 454 3590 462.
497 3526 586 3591 Cum
600 3526 707 3590 etiam
723 3527 895 3591 Dominus
909 3528 1115 3608 Villanova,
1131 3531 1237 3611 paulo
1257 3538 1336 3611 post
1360 3528 1549 3592 'consessio-
1647 3560 1651 3574 ·

324 3652 404 3698 nem
420 3644 454 3698 et
469 3611 766 3713 communionem:
780 3635 923 3698 domum
938 3636 1123 3716 ingressus
1137 3645 1241 3716 esset,
1259 3645 1382 3700 ettam
1401 3637 1549 3699 liberam

324 3759 366 3804 ac
380 3758 532 3804 vacuam
547 3741 696 3820 videret,
713 3742 848 3822 aliquot
867 3744 973 3806 etiam
995 3742 1090 3807 dedit
1112 3761 1256 3824 aureos3
1278 3753 1313 3807 et
1334 3745 1384 3806 ita
1405 3761 1475 3806 non
1495 3759 1550 3806 so·

323 3849 396 3912 lum
410 3865 501 3928 quae
517 3847 562 3910 ad
578 3863 682 3910 usum
696 3848 930 3913 domesticum
945 3849 1008 3913 sed
1023 3851 1131 3914 etiam
1152 3868 1243 3932 quae
1263 3851 1308 3914 ad
1327 3850 1470 3914 scholas
1489 3868 1549 3931 pa·

322 3956 454 4019 randas
464 3963 499 4019 et
510 3955 664 4018 scamnis
675 3955 900 4020 instruendas
911 3958 1115 4022 necessaria
1126 3967 1240 4038 erant,
1252 3958 1366 4023 nostri
1378 3975 1550 4038 quaerere

323 4062 518 4126 debuerunt
533 4080 578 4126 ex
593 4063 844 4144 eleemosynis;
861 4080 956 4143 nam,
973 4073 1115 4146 praeter
1133 4065 1213 4128 illos
1232 4073 1312 4128 octo
1333 4081 1462 4128 aureos
1482 4065 1550 4127 sin·

365 4337 372 4370 ¹
402 4337 452 4382 Ubi
463 4350 529 4382 nunc
537 4337 612 4390 Lilir',
622 4340 693 4394 prius
704 4346 761 4383 erat
772 4341 897 4395 scriptum
914 4340 1014 4394 Vigrlr'i.

361 4409 374 4442 ¹
401 4409 449 4455 lllu
459 4411 568 4464 allisque
579 4411 720 4467 promissur,
729 4423 794 4466 quae
806 4413 913 4456 subinde
926 4414 951 4456 111
963 4414 1004 4457 bis
1014 4415 1186 4459 volumlnibus
1197 4421 1343 4466 occurrunt,
1352 4415 1481 4469 conjicere
1490 4416 1551 4460 licet

325 4483 349 4526 ln
360 4482 444 4526 aulum
455 4481 595 4526 Polancum
610 4483 731 4527 habuisse
746 4485 794 4528 hoc
810 4484 956 4528 chronicon
972 4488 1074 4541 longius
1088 4499 1166 4542 quam
1176 4488 1209 4531 ad
1219 4487 1287 4531 bunc
1296 4498 1379 4542 usque
1388 4499 1483 4532 annum
1498 4479 1552 4532 libo

323 4554 474 4607 producere
485 4555 550 4608 quod
561 4558 648 4598 tamen
658 4556 821 4610 praestltlsse
831 4567 880 4600 non
892 4557 1004 4604 videtur.

363 4623 376 4658 Ι
402 4623 466 4680 Pag.
479 4625 526 4680 lat,
536 4637 560 4669 11.
571 4625 619 4670 tou.
