3642 5350
761 360 825 421 Au.
847 360 918 421 1556
1404 360 1461 424 1¹7

229 517 346 588 potem
369 506 377 539 ¹
404 526 508 572 suum
533 508 697 574 abbatem
718 508 764 572 ad
785 508 961 590 publicam
982 509 1169 572 lectionem
1194 506 1290 588 Mag.
1311 507 1458 573 Antonii

230 614 418 679 mitterent.

287 722 357 785 426.
400 723 548 807 Juvenis
572 724 714 804 quidam
741 725 888 804 apuluS,
917 723 1042 787 Petrus
1066 721 1204 787 Natalis
1227 722 1390 801 nomine,
1419 721 1456 787 in

231 830 428 895 obedientia
448 848 677 911 progressum
692 832 824 895 fecerat
844 832 1031 912 exiguum
1046 829 1105 894 hic
1118 828 1311 894 foeminam
1334 846 1453 911 quam·

230 938 323 1017 dam,
349 957 440 1019 quae
462 939 508 1002 ad
532 949 672 1020 portam
692 939 840 1018 Collegii
854 939 974 1002 nescio
994 936 1076 1019 quid
1097 936 1275 1001 vendebat
1296 947 1330 1002 et
1349 938 1453 1003 offen·

227 1046 342 1109 diculo
368 1062 445 1110 esse
471 1055 610 1127 poterat
635 1046 844 1127 quibusdam
872 1045 1117 1122 scholasticiS,
1147 1063 1227 1109 eam
1251 1045 1367 1109 fuerat
1391 1046 1455 1110 ali·

226 1154 367 1235 quando
392 1155 588 1233 allocutuS,
613 1163 651 1217 ut
675 1154 750 1236 ipse
780 1152 978 1218 affirmabat
1006 1161 1041 1217 et
1065 1153 1218 1233 probare
1241 1152 1454 1217 testimoniis

226 1263 379 1341 volebat,
396 1264 658 1343 reprehendens
674 1264 769 1326 illam
784 1262 880 1343 quod
894 1262 941 1325 ad
955 1261 1168 1325 vestibulum
1182 1269 1355 1325 maneret.
1371 1259 1461 1341 Ipsa,

226 1388 325 1449 ver0,
350 1370 470 1434 nescio
495 1388 564 1451 quo
590 1370 727 1450 spiritu,
751 1370 845 1450 apud
870 1369 1044 1450 quosdam
1063 1368 1204 1432 dixerat
1227 1367 1371 1431 Petrum
1391 1366 1453 1433 ali·

225 1478 307 1558 quid
332 1495 459 1558 parum
478 1479 624 1541 honeste
645 1478 801 1541 locutum
821 1494 916 1556 esse,
943 1475 1036 1557 quod
1054 1493 1136 1539 curn
1150 1474 1295 1556 quidam
1315 1473 1453 1539 amicus

225 1584 352 1648 nobilis
377 1582 414 1647 P.
435 1584 621 1649 Everardo
640 1585 834 1662 retulisset,
856 1585 900 1647 ob
923 1601 1002 1647 eam
1022 1582 1260 1663 suspicionem
1278 1581 1404 1645 Petrus
1427 1600 1452 1645 a

226 1690 402 1756 Societate
423 1693 588 1757 dimissus
607 1702 672 1756 est.
693 1690 867 1770 Quamvis
884 1691 978 1755 enim
997 1692 1167 1755 innocens
1185 1689 1351 1753 fortassis
1373 1696 1450 1753 erat

227 1818 269 1862 ea
285 1800 386 1878 inre,
403 1798 446 1862 de
461 1818 529 1881 qua
545 1799 793 1875 accusabatur,
811 1816 891 1861 cum
906 1796 1048 1878 alioqui,
1064 1807 1101 1861 ut
1115 1797 1201 1876 dixi,
1216 1814 1342 1877 parum
1356 1806 1451 1860 esset

225 1907 402 1987 obediens,
419 1924 484 1971 nec
500 1907 781 1971 aedificationem
796 1905 1000 1969 domesticis
1011 1906 1208 1987 praeberet,
1222 1902 1448 1968 dimittendus

223 2032 301 2079 esse
316 2016 417 2079 visus
431 2024 496 2095 est,
513 2026 609 2078 utne
625 2024 810 2095 suspectos
824 2014 967 2095 quidem
982 2013 1142 2076 homines
1161 2012 1307 2077 tolerari
1324 2012 1450 2076 intelli-

223 2134 379 2203 geretur.
396 2122 498 2203 Quod
519 2121 664 2186 odorem
684 2123 856 2203 optimum
875 2119 1011 2185 Perusii
1030 2122 1161 2201 sparsit
1179 2121 1271 2183 inter
1285 2137 1358 2198 eoS,
1373 2119 1448 2201 qui·

222 2230 287 2293 bus
301 2230 337 2294 id
351 2230 503 2294 innotuit
517 2228 540 2296 ⁸.

281 2338 353 2401 427.
396 2338 548 2419 Quidam
562 2340 777 2403 monasterio
794 2339 998 2404 monialium
1015 2344 1190 2421 praeerat,
1207 2344 1242 2401 et
1261 2336 1446 2401 observari

222 2463 293 2509 non
318 2463 424 2527 posse
442 2448 663 2526 paupertatis
681 2457 803 2511 votum
829 2448 887 2524 (ad
909 2445 1004 2527 quod
1025 2446 1133 2509 etiam
1154 2445 1229 2527 ipse
1250 2444 1446 2522 tenebatur)

223 2554 473 2634 arbitrabatur;
490 2554 552 2617 sed
568 2554 605 2618 P.
628 2553 832 2619 Everardus
852 2571 933 2617 cum
951 2554 1028 2635 ipso
1043 2553 1245 2635 disputans,
1260 2550 1346 2635 quid
1359 2568 1445 2615 vere

223 2662 443 2726 sentiendum
467 2670 562 2726 esset
585 2660 630 2726 ad
652 2662 763 2744 ipsius
785 2671 819 2726 et
844 2661 1050 2726 monasterii
1074 2658 1253 2725 commissi
1278 2658 1445 2740 exiguam

222 2768 306 2848 (sic)
321 2769 509 2834 utilitatem
525 2769 681 2849 edocuit3
699 2780 733 2833 et
747 2770 797 2833 ita
811 2787 886 2833 rem
901 2770 1044 2833 tandem
1060 2768 1259 2848 intelligens
1273 2784 1354 2832 cum
1373 2783 1445 2831 ma·

221 2893 291 2957 gna
307 2876 552 2940 satisfactione
567 2888 602 2941 et
616 2879 813 2958 gratiarum
828 2877 968 2940 actione
983 2876 1142 2940 recessit.

280 2983 351 3048 428.
394 2984 529 3048 Doctor
552 2983 707 3066 quidam,
732 2985 791 3065 qui
812 2983 1004 3065 discipulus
1024 2986 1140 3048 fuerat
1161 2980 1344 3063 cujusdam
1363 2981 1444 3046 insi·

221 3093 301 3171 guis
315 3091 527 3172 professoris
542 3093 740 3156 litterarum
755 3093 1014 3170 humaniorum,
1038 3092 1230 3172 quamdam
1248 3090 1445 3154 orationem

219 3202 254 3263 in
270 3199 327 3263 die
341 3199 572 3263 Ascensionis
593 3219 614 3263 a
634 3199 728 3278 Mag.
751 3199 907 3263 Antonio
923 3197 935 3230 ⁸
949 3200 1135 3263 recitatam
1154 3215 1193 3262 se
1212 3198 1334 3262 videre
1353 3199 1445 3261 velle

218 3307 439 3388 significans,
471 3309 503 3408 ei
536 3309 796 3372 communicata
831 3315 899 3385 est,
927 3307 1076 3387 (agebat
1112 3317 1232 3370 autem
1270 3306 1313 3370 de
1342 3303 1443 3370 Sum·

218 3432 276 3479 mo
297 3415 420 3494 Bono).
447 3415 515 3478 Hic
539 3415 664 3479 deinde
685 3416 823 3495 publice
843 3415 932 3478 dixit
951 3431 1092 3477 errores
1111 3413 1248 3494 aliquos
1269 3430 1308 3476 se
1327 3413 1445 3478 obser·

217 3541 334 3587 rasse.

277 3631 349 3694 429.
393 3631 543 3712 Scripsit
563 3642 681 3694 autem
701 3631 751 3695 illi
769 3632 926 3714 Joannes
947 3629 1124 3694 Antonius
1143 3630 1354 3694 familiarem
1374 3632 1445 3710 epi·

220 3741 360 3818 stolam,
384 3757 454 3818 qua
476 3725 627 3817 rogabat
648 3748 685 3801 ut
706 3757 744 3802 se
766 3737 1087 3803 commonefaceret
1107 3755 1280 3818 errorum,
1304 3739 1335 3803 si
1355 3754 1445 3818 quos

219 3846 456 3909 observasset.
474 3845 534 3908 Ille
550 3855 667 3908 autem
682 3846 769 3909 nihil
787 3846 986 3926 respondit;
1008 3846 1071 3911 sed
1090 3864 1130 3910 re
1151 3863 1232 3910 curn
1253 3846 1312 3909 illo
1333 3845 1442 3926 Magi-

219 4027 430 4036 -——-—---

256 4127 264 4160 ¹
292 4125 441 4180 scripserat
451 4128 522 4181 prius
531 4127 655 4172 librarius
664 4127 757 4182 ‚filium
772 4137 854 4180 suum,
870 4125 942 4170 illurn
957 4125 1057 4170 scillcet
1072 4126 1188 4170 referens
1202 4126 1236 4171 ed
1250 4132 1382 4182 parentes,
1397 4126 1443 4171 sed

216 4199 307 4242 deinde
318 4199 372 4242 aliu
380 4210 471 4242 manus
481 4199 506 4242 ld
517 4199 629 4242 correxit
641 4199 788 4252 addiditque
798 4199 866 4243 inter
876 4197 959 4242 lineas
969 4198 1102 4242 abbatem.

254 4271 265 4301 ²
292 4271 368 4314 Alius
378 4271 466 4324 etiam,
481 4277 586 4324 praeter
601 4270 669 4314 hunc
685 4269 790 4315 Petrum
804 4269 935 4324 Natalem,
950 4269 1082 4325 negotium
1096 4270 1243 4315 facessebat
1256 4269 1329 4317 Patri
1344 4271 1443 4316 Mercu·

214 4341 457 4396 riano.-·Pbtlipp0
467 4343 500 4386 da
511 4341 592 4387 Prato
602 4344 687 4394 (alius.
697 4350 725 4386 ut
736 4343 847 4391 videtur.
859 4353 875 4386 a
885 4343 1003 4397 Pbillppo
1013 4342 1186 4392 Guazzalotti,
1196 4343 1226 4384 de
1237 4354 1408 4398 quosupra,t.
1416 4358 1442 4396 v,

214 4425 273 4468 pag.
283 4414 318 4465 98,
329 4426 355 4458 n.
364 4414 412 4466 ἕω,
423 4423 448 4458 et
459 4425 517 4468 pag.
529 4413 574 4464 rot,
585 4426 601 4456 n
620 4413 678 4468 2333)
694 4425 757 4469 pare
767 4414 789 4458 si
799 4414 956 4458 accommodi
967 4425 1029 4468 poco
1041 4425 1056 4457 a
1067 4413 1240 4468 qnalsivoglia
1250 4415 1385 4460 essercltlo
1395 4417 1442 4460 che

214 4487 231 4529 ll
242 4487 281 4531 sia
295 4494 418 4541 proposto
432 4487 456 4530 in
472 4487 592 4540 Pcrugia.
608 4486 714 4539 Quando
731 4486 765 4529 V.
779 4485 810 4529 R.
824 4497 946 4540 pensasse
955 4486 1003 4530 cire
1013 4487 1038 4529 ln
1048 4485 1174 4532 Florenza
1185 4499 1200 4531 o
1211 4488 1236 4530 iu
1246 4499 1308 4532 casa
1318 4499 1364 4531 sna
1375 4488 1442 4532 farta

215 4559 315 4613 meglio,
326 4559 350 4602 ci
361 4559 404 4602 dia
419 4559 513 4611 ariao..
525 4558 658 4612 Polancus,
674 4569 707 4602 ex
721 4569 797 4609 cona,
813 4558 885 4603 Patri
895 4558 1027 4603 Ludovlco
1038 4560 1070 4602 de
1080 4557 1230 4614 Condretto,
1238 4559 1287 4603 tt·
1297 4558 1393 4604 Martii.

256 4629 268 4662 ³
294 4631 392 4684 joanne
403 4631 516 4676 Antonio
527 4629 667 4685 Viperano.
