3642 5350
368 369 423 430 508
488 415 492 424 .
597 403 611 436 ,
829 368 956 430 Canos.
976 367 1053 428 Soc.
1073 367 1145 441 Jns.

429 514 520 580 2200.
563 513 758 582 Februario
777 533 899 580 mense
919 513 958 578 P.
978 513 1219 593 Hieronymus
1240 512 1379 578 Natalis
1399 512 1603 578 Valentiam

370 623 482 699 venit,
501 639 582 686 cum
596 639 722 686 recens
737 641 782 687 ex
796 622 897 686 ltalia
911 622 1139 704 navigasset3
1161 635 1205 688 et.
1214 622 1412 687 declaravit
1434 619 1443 653 ¹
1463 620 1502 685 P.
1523 621 1602 685 Hie·

369 745 558 810 ronymum
574 728 780 794 Domenech
796 726 1070 810 [professionem
1084 727 1267 812 fecisse?],
1283 747 1388 810 quem
1408 739 1527 809 pater,
1543 745 1603 792 nu·

370 852 433 916 per
448 835 644 916 defunctus,
660 835 850 900 haeredem
866 835 1073 916 reliqueram
1094 834 1170 916 ejus
1189 848 1308 901 autem
1324 852 1445 914 soror,
1462 835 1603 898 nomine

370 941 583 1022 Magdalena
607 943 800 1023 Angelica,
821 960 901 1006 cum
920 942 1053 1006 nubere
1069 943 1305 1022 decrevisset,
1321 944 1404 1006 licet
1426 942 1604 1006 castitatis

325 1080 328 1086 ·
372 1058 496 1112 votum
511 1050 688 1129 emiserat,
706 1048 752 1113 ad
766 1048 842 1128 ejus
854 1048 1156 1129 dispensationem
1174 1046 1434 1130 impetrandam
1452 1048 1603 1112 Romam

372 1156 478 1236 misit,
491 1166 527 1220 et
541 1156 682 1221 interim
698 1157 816 1220 omnia
831 1158 938 1235 bona,
952 1172 1043 1236 quae
1058 1155 1104 1219 ad
1119 1155 1157 1219 P.
1171 1156 1378 1220 Domenech
1393 1156 1602 1236 attinebant,

370 1263 573 1343 occupavit,
590 1264 755 1344 quamvis
770 1276 936 1328 auctores
951 1262 1074 1326 habuit
1089 1261 1194 1342 huius
1208 1281 1295 1328 suae
1309 1265 1506 1328 sententiae
1521 1280 1607 1326 suos

371 1373 674 1450 consanguineos;
705 1370 867 1452 quamvis
895 1371 1012 1448 illum,
1043 1386 1147 1449 quem
1176 1370 1213 1433 in
1238 1369 1405 1434 maritum
1434 1369 1603 1449 elegerat,

374 1475 480 1540 aliam
494 1479 593 1556 prius
608 1493 755 1541 uxorem
771 1477 916 1542 duxisse
937 1494 1001 1560 per
1021 1478 1131 1541 verba
1149 1477 1194 1540 de
1213 1477 1394 1558 praesenti
1414 1477 1607 1554 ferebatur;

352 1614 356 1620 ·
371 1592 408 1647 et
424 1584 505 1664 alia,
519 1601 608 1665 quae
621 1601 747 1664 parum
758 1584 921 1649 foelicem
932 1601 1139 1648 successum
1149 1583 1254 1663 hujus
1264 1585 1482 1648 matrimonii
1493 1593 1608 1646 osten·

378 1690 519 1771 debant,
537 1691 569 1754 ei
584 1691 803 1758 acciderunt.

433 1797 523 1862 2201.
567 1799 808 1878 Expetebatur
822 1797 923 1862 initio
939 1798 1116 1862 adventus
1140 1796 1178 1861 P.
1204 1797 1430 1878 Hieronymi;
1446 1798 1510 1861 sed
1527 1815 1609 1861 cum

373 1922 431 1968 res
455 1923 497 1968 eo
521 1921 712 1986 progressa
736 1915 840 1983 esset,
868 1915 905 1968 ut
930 1922 1056 1986 parum
1081 1903 1270 1969 effecturus
1295 1917 1389 1968 esset
1413 1905 1520 1968 etiam
1544 1904 1602 1968 ille

374 2027 555 2090 praesenS,
566 2028 695 2092 urgere
707 2009 781 2090 ejus
797 2009 991 2075 adventum
1003 2011 1183 2076 desierunt
1194 2011 1217 2091 ’;
1232 2012 1349 2091 potius
1361 2022 1400 2075 ut
1411 2012 1608 2091 Collegium

375 2128 495 2196 posset
510 2118 680 2196 obtinere,
698 2135 789 2199 quae
804 2116 842 2180 P.
861 2117 1103 2199 Hieronymus
1118 2118 1186 2199 ipsi
1200 2119 1406 2198 reliquerat,
1423 2119 1609 2182 amortiza-

374 2224 443 2306 tio,
460 2234 498 2288 ut
512 2234 661 2302 vocant,
678 2236 755 2289 erat
778 2226 999 2304 necessaria,
1022 2225 1116 2307 quod
1136 2226 1182 2289 ad
1203 2242 1348 2290 manum
1367 2235 1544 2290 mortuam
1564 2245 1609 2290 ea

375 2332 468 2396 bona
484 2331 706 2411 devenirent;
723 2341 757 2396 et
777 2331 813 2396 id
831 2350 895 2412 per
919 2331 957 2395 P.
980 2332 1215 2398 Franciscum
1233 2351 1255 2396 a
1273 2332 1437 2414 Principe
1456 2331 1609 2415 Joanna,

376 2438 571 2519 Hispaniae
586 2438 860 2518 Gubernatrice,
878 2448 1043 2502 curatum
1061 2451 1125 2503 est.

435 2544 525 2609 2202.
570 2545 659 2610 Cum
675 2547 740 2609 sub
756 2544 860 2625 hujus
875 2547 960 2609 anni
975 2547 1116 2611 initium
1129 2547 1240 2611 irater
1256 2546 1441 2628 Tarquinii
1455 2548 1498 2611 de
1518 2546 1609 2627 Rey·

375 2651 490 2717 naldis
504 2651 678 2733 praedicti
693 2649 720 2732 ³,
737 2653 879 2717 nomine
894 2652 1066 2733 Annibal,
1082 2653 1304 2733 Valentiam,
1322 2654 1434 2734 patris
1454 2654 1510 2719 sui
1529 2655 1609 2719 hor·

375 2769 467 2841 tatu,
484 2761 655 2836 venisset,
673 2768 707 2823 et
722 2759 838 2823 minus
852 2759 1030 2840 modeste,
1047 2778 1154 2842 quam
1173 2779 1240 2842 par
1259 2773 1369 2841 esset,
1387 2778 1495 2841 agere
1516 2762 1612 2825 vide-

375 2876 490 2947 retur;
520 2867 623 2931 brevi
650 2876 770 2931 tamen
798 2867 850 2930 sic
879 2868 1104 2950 conquievit,
1136 2878 1174 2932 ut
1202 2877 1237 2932 et
1264 2868 1341 2949 ipse
1368 2851 1611 2950 spiritualibus

375 2974 556 3039 exercitiis
580 2973 695 3037 excoli
720 2972 943 3053 decerneret,
970 2991 1034 3038 nec
1059 2978 1165 3055 longe
1187 2975 1328 3038 abesset
1350 2986 1388 3038 ut
1412 2975 1535 3039 fratris
1555 2976 1610 3038 sui

379 3082 580 3161 exemplum
595 3089 814 3160 sequeretur.

437 3186 528 3251 2203.
571 3188 798 3268 Legebantur
809 3188 939 3268 psalmi
950 3189 1223 3268 postmeridiem
1234 3190 1271 3251 in
1282 3189 1435 3269 quadam
1447 3190 1609 3267 ecclesia,

377 3312 469 3375 quae
484 3295 634 3375 amplior
649 3305 725 3359 erat
740 3312 847 3375 quam
862 3305 996 3375 nostra,
1009 3307 1048 3359 ut
1062 3296 1282 3377 frequentiae
1297 3296 1499 3360 auditorum
1509 3298 1611 3360 satis·

378 3401 489 3465 fieret.
506 3401 544 3464 In
561 3401 641 3478 alia,
658 3400 852 3464 christiana
867 3400 1031 3466 doctrina
1046 3404 1303 3484 explicabatur,
1317 3413 1355 3467 ut
1366 3404 1474 3467 etiam
1485 3405 1522 3466 in
1537 3420 1611 3466 car·

377 3526 459 3573 cere
474 3520 509 3573 et
523 3508 700 3590 hospitali3
720 3519 758 3572 ut
779 3526 851 3573 non
871 3511 984 3573 solum
1003 3511 1213 3590 consolatio,
1236 3510 1298 3574 sed
1317 3511 1425 3574 etiam
1441 3510 1613 3574 auxilium

377 3615 560 3697 spirituale
575 3615 644 3679 illis
658 3614 858 3679 hominibus
873 3616 1152 3697 impenderetur,
1174 3634 1325 3697 quorum
1345 3615 1454 3680 etiam
1475 3616 1611 3680 confes·

376 3724 497 3787 siones
512 3722 758 3802 audiebantur,
776 3735 810 3787 et
826 3726 966 3805 aliquae
981 3726 1090 3790 etiam
1104 3725 1307 3803 conciones,
1323 3724 1457 3787 eisdem
1473 3741 1610 3788 accom-

379 3832 556 3909 modatae,
572 3830 703 3894 ibidem
718 3830 953 3896 habebantur.

438 3937 530 4003 2204.
575 3936 838 4001 Tractabantur
849 3940 967 4003 studia
979 3942 1015 4004 in
1027 3939 1184 4020 collegio
1198 3938 1398 4017 diligenter,
1411 3949 1447 4002 et
1461 3939 1615 4018 singulis

421 4110 430 4143 ¹
459 4108 586 4153 contorta
597 4114 623 4152 et
634 4107 726 4151 mutila
736 4108 801 4153 haec
813 4110 934 4165 periodus
950 4110 1033 4155 videri
1047 4109 1140 4152 merito
1153 4114 1249 4163 potest.
1259 4106 1325 4160 Quid
1335 4115 1423 4152 antem
1432 4108 1475 4152 hic
1484 4109 1561 4153 sociis
1573 4119 1619 4152 va-

378 4182 485 4227 lentinis
493 4180 685 4232 declaraverit,
693 4179 748 4223 ernl
755 4190 819 4224 sane
826 4188 914 4235 potest
921 4192 954 4224 ex
962 4180 1004 4225 his
1011 4192 1077 4235 qnae
1087 4180 1163 4231 inira,
1172 4192 1197 4223 n.
1205 4179 1267 4233 27³9,
1276 4179 1617 4233 Polancusrele1·t.“Quam·

382 4252 425 4297 vie
436 4260 524 4297 autem
539 4250 726 4306 professionem
741 4252 863 4295 emissem
873 4263 890 4296 a
906 4252 934 4296 P.
950 4252 1110 4308 Hieronymo
1125 4250 1274 4295 Domenech
1290 4251 1442 4303 publicevlt.
1457 4251 1577 4296 dubitare
1588 4262 1617 4295 se

380 4324 446 4368 dlxit
461 4324 498 4378 [P.
509 4323 621 4376 Natalis]
637 4333 671 4366 an
688 4323 800 4375 collegia
815 4332 920 4378 possent
935 4323 1081 4367 succedere.
1092 4321 1159 4366 Nam
1173 4322 1204 4365 cle
1214 4323 1273 4377 jnre
1286 4323 1413 4367 commnnl
1429 4330 1552 4377 poterant
1562 4329 1618 4377 qni-

377 4396 445 4441 dem:
455 4396 665 4453 ,Constaruaones
675 4406 727 4437 raon
734 4396 773 4439 ila
781 4396 892 4440 clausae
895 4396 1096 4452 fueranr,quln
1104 4395 1134 4438 P.
1143 4394 1269 4448 [gnatius
1276 4394 1324 4439 hoc
1329 4398 1421 4449 posset
1435 4396 1617 4451 interpretare*

377 4469 423 4513 vel
433 4470 581 4514 declarare.
593 4468 674 4511 Erite
685 4478 801 4511 sororem
811 4468 840 4511 P.
851 4468 1003 4523 Hieronymi
1014 4467 1040 4509 in
1051 4466 1132 4510 olltclo
1143 4468 1275 4510 continere
1285 4466 1392 4519 voluit„

422 4551 433 4582 ²
461 4550 527 4593 Vlde
538 4560 624 4605 supra.
635 4558 695 4604 pag.
705 4548 746 4591 ³19
757 4556 784 4591 et
793 4558 858 4603 seq„
867 4559 883 4592 a
895 4560 919 4591 n.
930 4548 991 4591 1³06.

421 4622 433 4653 ³
460 4621 556 4677 Nuper,
567 4634 593 4667 n.
602 4620 665 4667 2198.
