3642 5350
338 421 393 488 sot
797 428 927 491 Canon.
946 425 1023 488 Soc.
1043 427 1114 501 Jns.

339 573 445 638 finem
459 574 646 640 Februarii
662 593 704 641 eo
724 576 934 656 perductum
948 584 1043 655 erat,
1064 586 1103 638 ut
1118 573 1231 638 nostri
1246 572 1292 637 ad
1305 573 1391 637 illud
1412 573 1574 638 habitan-

339 679 423 744 dum
436 680 540 746 facile
554 682 710 762 migrare
725 683 933 764 potuissent,
954 682 1021 746 nisi
1042 681 1234 746 humiditas
1253 681 1338 743 novi
1358 678 1509 744 aedificii
1530 679 1570 744 ti·

341 787 468 852 menda
483 786 619 852 fuisset.

398 893 511 959 Erant
526 903 644 960 autem
658 895 725 960 hoc
747 905 905 978 tempore
925 914 971 961 ex
991 895 1123 960 nostris
1141 913 1206 958 sex
1224 892 1430 958 sacerdotes
1447 903 1482 957 et
1496 902 1573 958 tres

338 1001 576 1100 fratrespiaici.

398 1107 489 1172 2395.
533 1108 774 1174 Contionatus
795 1119 848 1174 est
867 1119 942 1175 tota
962 1110 1246 1191 Quadragesima
1266 1119 1392 1190 quater
1413 1118 1448 1172 et
1471 1109 1569 1188 quin·

338 1215 439 1296 quies
453 1216 603 1295 singulis
614 1216 844 1281 hebdomadis
855 1215 893 1279 P.
910 1217 1083 1297 Baptista,
1101 1217 1179 1295 (nec
1193 1216 1338 1280 enimin
1352 1224 1520 1279 moreest
1534 1216 1572 1278 in

337 1321 511 1402 Hispania
526 1331 565 1386 ut
578 1323 733 1403 quotidie
748 1324 938 1388 conciones
954 1323 1175 1402 habeantur).
1193 1323 1295 1387 Alias
1315 1325 1422 1386 etiam
1443 1322 1572 1386 exhor·

338 1430 501 1509 tationes,
523 1413 581 1492 'vel
605 1431 720 1511 magis
745 1431 887 1510 privata
912 1431 1100 1512 colloquia,
1126 1431 1239 1494 variis
1263 1431 1299 1493 in
1323 1430 1413 1493 locis
1434 1429 1572 1493 habuit.

337 1535 506 1601 Fructum
520 1545 638 1600 autem
652 1555 697 1602 ex
713 1538 781 1602 hoc
796 1539 919 1602 labore
932 1537 1201 1618 provenientem
1213 1536 1422 1600 confessarii
1433 1537 1469 1600 in
1483 1538 1569 1600 mul·

337 1653 454 1706 torum
469 1643 597 1707 animis
608 1629 928 1725 deprehendebant;
942 1656 977 1710 et
988 1655 1088 1709 tanta
1099 1644 1282 1709 hominum
1293 1643 1479 1707 multitudo
1490 1661 1570 1707 eum

336 1750 561 1831 sequebatur,
579 1762 617 1815 ut
631 1767 739 1831 aegre
754 1752 945 1817 admodum
958 1761 1146 1832 penetrare
1166 1749 1212 1815 ad
1231 1760 1440 1831 suggestum
1458 1766 1571 1831 usque

335 1857 411 1938 ipse
436 1856 667 1923 concionator
692 1869 821 1939 posset.
849 1858 997 1922 Etcum
1020 1857 1209 1939 aliquando
1228 1858 1273 1920 de
1291 1855 1402 1935 ipsius
1425 1873 1571 1920 recessu

337 1965 468 2026 mentio
490 1963 586 2028 facta
606 1975 715 2043 esset,
736 1981 817 2029 cum
836 1982 906 2029 non
927 1966 1097 2030 mediocri
1117 1964 1250 2028 doloris
1272 1981 1380 2026 sensu
1399 1963 1435 2025 id
1455 1963 1569 2027 audIe·

335 2069 432 2150 bant,
449 2080 486 2132 ut
502 2087 588 2150 erga
603 2087 707 2151 quem
722 2088 939 2153 magnopere
951 2081 1070 2136 essent
1081 2071 1210 2135 affecti.
1224 2069 1569 2134 Animadvertebant

336 2187 467 2255 autem,
485 2186 523 2240 ut
538 2178 729 2257 tetigimus
747 2178 954 2242 confessarii
970 2197 991 2242 a
1011 2179 1169 2259 peccatis
1187 2177 1338 2257 publicis
1359 2176 1466 2239 etiam
1486 2178 1573 2240 mul·

336 2293 454 2346 torum
480 2300 654 2347 annorum
674 2285 835 2349 homines
856 2285 1040 2364 recedere,
1062 2297 1096 2350 et
1116 2287 1175 2368 qui
1190 2289 1226 2350 in
1241 2287 1444 2366 ignorantia
1465 2285 1570 2348 simui

335 2407 416 2453 cum
432 2390 566 2453 malitia
581 2390 640 2454 diu
654 2391 830 2467 vixerant,
849 2393 949 2471 quasi
965 2411 986 2454 a
1000 2393 1167 2457 diuturno
1188 2409 1325 2457 sommo
1345 2392 1502 2470 excitati,
1524 2391 1572 2454 ad·

292 2553 295 2557 .
334 2488 477 2559 nostros
491 2497 691 2575 veniebant,
709 2508 745 2560 et
759 2498 936 2578 quomodo
951 2517 1042 2579 sese,
1059 2517 1150 2580 quae
1164 2500 1366 2576 audierant,
1383 2499 1572 2575 haberent,

334 2604 647 2686 percontabantur;
663 2622 747 2668 nam
762 2603 933 2685 ejusmodi
946 2606 1143 2671 doctrinam
1156 2625 1194 2670 se
1206 2624 1278 2670 non
1290 2606 1469 2672 audivisse
1481 2605 1573 2668 alias

336 2710 489 2792 ajebant.

394 2818 485 2882 2396.
529 2818 744 2884 Confitentes
759 2830 877 2885 autem
891 2824 1035 2901 nostris,
1048 2822 1226 2885 cautiores
1239 2822 1467 2900 inposterum
1480 2820 1568 2884 futu·

335 2927 366 2989 ri
380 2926 416 2989 in
430 2927 505 2990 suis
519 2928 762 2991 contractibus
778 2929 1003 3008 recedebant;
1019 2937 1054 2993 et
1068 2938 1106 2993 ut
1126 2930 1218 2992 male
1238 2939 1342 3008 parta
1363 2928 1419 2991 vel
1438 2926 1568 2991 damna

333 3032 430 3095 illata
446 3034 726 3113 restituerentur,
744 3051 870 3098 sanum
885 3036 1071 3099 consitium
1086 3035 1206 3100 datum
1223 3043 1288 3114 est;
1304 3043 1338 3097 et
1353 3032 1444 3098 sorte
1459 3051 1571 3116 supra

335 3138 404 3201 duo
419 3139 526 3203 millia
543 3151 577 3203 et
592 3141 804 3221 quingentos
820 3160 947 3207 aureos
961 3143 1099 3206 restitui
1111 3142 1212 3223 jussa
1228 3152 1320 3221 sunt,
1337 3150 1409 3205 eta
1429 3142 1570 3222 quibus·
1615 3198 1618 3203 .

334 3245 415 3308 dam
431 3247 583 3326 pignora
596 3247 641 3311 ad
653 3247 688 3310 id
700 3248 784 3312 data
795 3247 983 3328 fidedignis
994 3248 1148 3313 fuerunt:
1163 3250 1315 3313 aliorum
1326 3248 1479 3329 simplici
1491 3265 1570 3329 pro·
1596 3329 1598 3332 ι

337 3352 505 3417 missione
521 3355 693 3418 creditum
709 3366 773 3419 est.

392 3458 482 3523 2397.
526 3460 781 3527 Restitutiones
806 3464 914 3528 etiam
940 3463 1056 3527 famae
1079 3462 1197 3527 factae
1224 3462 1383 3540 fuerunt,
1414 3472 1449 3526 et
1476 3463 1572 3527 inter

332 3566 423 3630 alios
440 3567 494 3630 vir
509 3568 655 3648 quidam
679 3569 876 3655 honoratus
898 3570 944 3634 ad
964 3572 1218 3634 monasterium
1242 3571 1436 3651 quoddam,
1458 3578 1496 3634 ut
1510 3588 1571 3633 ve-

331 3674 428 3737 niam
443 3684 580 3754 peteret
595 3693 616 3737 a
632 3674 880 3756 Superioribus
895 3678 1039 3740 nomine
1054 3678 1162 3741 totius
1174 3685 1384 3757 conventus
1398 3694 1436 3741 se
1448 3686 1568 3740 contu-

331 3782 381 3860 lit3
398 3782 457 3861 qui
472 3799 664 3861 numquam
680 3800 718 3846 sc
734 3786 840 3846 talem
852 3784 961 3847 animi
972 3783 1198 3848 affectionem
1210 3784 1365 3849 sensisse
1376 3784 1568 3860 fatebatur;

332 3898 366 3951 ct
377 3889 542 3969 quamvis
553 3890 589 3952 in
602 3890 728 3953 itinere
750 3891 940 3955 sudoribus
956 3908 1001 3954 ex
1017 3890 1207 3955 afflictione
1223 3892 1476 3972 corriperetur,
1489 3908 1570 3954 con·

339 3994 437 4059 fundi
453 4004 573 4059 tamen
588 3996 712 4060 maluit
727 4014 849 4061 coram
863 3998 1076 4078 hominibus,
1093 4015 1201 4078 quam
1217 4015 1340 4062 coram
1358 3981 1456 4062 Deo.¹

390 4100 482 4165 2398.
525 4100 627 4167 Multi
647 4113 766 4167 autem
782 4104 818 4167 in
837 4105 1064 4185 gravissimis
1083 4106 1243 4186 peccatis
1264 4116 1300 4168 et
1319 4104 1571 4169 occasionibus

333 4226 457 4272 eorum
472 4208 630 4273 immersi
644 4220 758 4291 erant;
771 4222 806 4274 et
821 4212 950 4292 partim
963 4212 1195 4276 concionibus
1207 4211 1412 4292 praedictis,
1436 4212 1568 4291 partim

329 4315 630 4380 confessariorum
645 4335 754 4398 opera
771 4318 815 4381 ab
837 4320 889 4381 eis
914 4328 1145 4383 emerserunt.

388 4422 480 4485 2399.
522 4422 562 4485 In
577 4423 807 4505 blasphemiis
821 4426 930 4489 etiam
951 4434 986 4489 et
998 4425 1281 4506 juramentorum
1300 4428 1412 4490 abusu
1435 4442 1570 4505 magna

331 4528 532 4591 emendatio
553 4540 744 4595 consecuta
759 4538 823 4595 est.
847 4530 1099 4596 Confessiones
1119 4532 1226 4596 etiam
1246 4535 1440 4598 multorum
1460 4550 1568 4597 anno·

329 4650 420 4715 rum,
436 4636 532 4716 quod
548 4638 597 4700 ita
613 4655 759 4702 necesse
770 4647 858 4717 erat,
872 4641 1047 4739 'repetitae
1058 4651 1149 4719 sunt,
1164 4641 1258 4704 inter
1272 4658 1362 4721 quas
1372 4641 1438 4705 fuit
1449 4641 1567 4722 aliqua
