3642 5350
359 422 413 485 346
817 420 945 486 Canon.
965 422 1042 485 Soc.
1063 422 1133 498 Jns.

360 590 379 635 ε
393 570 553 637 saucibus
568 574 732 653 luporum
745 573 934 653 eriperent;
947 581 982 634 et
993 569 1085 634 adid
1097 570 1219 651 spargi
1231 568 1420 650 cupiebant
1434 569 1589 651 perillus

360 680 577 762 provincias.
594 677 666 744 Sed
679 680 822 744 interim
835 679 872 742 in
886 678 1081 742 domestica
1092 678 1283 759 palaestra,
1297 678 1333 740 in
1345 676 1536 741 virtutibus
1546 694 1589 741 ac

359 787 486 852 litteris
500 797 535 852 et
550 788 784 851 concionandi
799 785 904 851 modo
919 803 958 850 se
973 785 1197 862 exercebant.

423 894 511 959 1424.
554 894 625 977 Ipsi
639 896 747 959 etiam
762 894 887 958 novitii
903 911 974 958 non
990 894 1176 973 vulgarem
1191 893 1235 957 de
1250 909 1289 955 se
1303 892 1588 974 expectationem

360 1002 598 1083 concitabant,
622 1002 728 1085 quod,
752 1003 899 1081 scilicet,
927 1002 1156 1082 germanicae
1184 1000 1319 1065 nationi
1346 1010 1427 1081 post
1454 1016 1589 1080 paucos

360 1127 474 1174 annos
489 1100 619 1190 magna
633 1119 752 1174 essent
766 1110 898 1174 auxilia
914 1109 1228 1173 subministraturi.

422 1218 510 1282 1425.
552 1217 674 1299 Aliqui
693 1218 800 1282 etiam
819 1218 856 1281 in
877 1234 1072 1300 progressu
1091 1216 1194 1296 hujus
1214 1216 1298 1280 anni
1321 1226 1404 1280 sunt
1429 1215 1587 1294 admissi,

360 1326 441 1405 duo,
458 1325 603 1406 scilicet,
619 1326 781 1405 germani
796 1334 830 1388 et
845 1342 938 1389 unus
952 1326 1070 1389 italus.

422 1431 510 1497 1426.
553 1431 665 1496 Fama
681 1450 723 1497 ac
738 1435 851 1497 bonus
866 1433 954 1498 odor
969 1430 1157 1497 Societatis
1172 1449 1235 1513 per
1249 1431 1432 1496 Austriam
1447 1442 1483 1495 et
1499 1431 1590 1495 alias

360 1541 654 1621 septentrionales
668 1541 833 1620 regiones
847 1542 883 1604 in
898 1540 974 1605 dies
988 1541 1103 1620 magis
1118 1540 1363 1621 spargebatur.
1380 1537 1464 1603 Inde
1480 1537 1586 1602 fiebat

361 1658 400 1713 ut
421 1648 591 1712 haeretici
611 1666 683 1712 uon
704 1666 830 1730 parum
850 1649 918 1712 sibi
939 1666 961 1711 a
983 1645 1162 1711 Societate
1183 1647 1358 1727 timerent;
1374 1664 1418 1709 ne
1438 1646 1584 1724 scilicet,

361 1755 464 1821 fidem
480 1754 575 1836 apud
589 1758 756 1837 populum
771 1756 971 1836 perderent,
992 1772 1097 1836 quem
1116 1771 1182 1834 pro
1198 1771 1261 1817 suo
1282 1770 1380 1817 more
1395 1754 1523 1819 misere
1537 1771 1590 1816 se·

361 1862 552 1941 ducebant;
579 1880 621 1927 ac
647 1862 794 1943 proinde
819 1864 939 1926 verbis
961 1862 1224 1926 contumeliosis
1246 1872 1281 1925 et
1302 1861 1532 1925 mendacibus
1554 1860 1591 1923 in

362 1966 576 2034 Societatem
594 1970 918 2048 debacchabantur,
940 1970 1068 2050 quibus
1087 1978 1122 2033 et
1141 1986 1225 2032 suos
1239 1969 1376 2032 libellos
1391 1969 1588 2049 replebant,

362 2085 400 2141 ut
418 2094 460 2141 ea
476 2077 614 2141 ratione
633 2093 783 2157 regnum
797 2094 900 2140 suum
917 2076 1121 2140 Babiloniae
1136 2075 1344 2139 stabilirent.
1369 2073 1448 2139 Non
1469 2086 1586 2138 tamen

360 2184 472 2248 nostri
487 2192 674 2265 propterea
688 2202 709 2247 a
725 2184 903 2248 consuetis
918 2184 991 2247 suis
1005 2182 1245 2248 functionibus
1260 2182 1452 2264 quidquam
1471 2181 1589 2247 remit·

362 2292 493 2369 tebant,
509 2292 616 2355 immo
632 2307 755 2355 eorum
769 2291 878 2354 animi
892 2292 961 2355 hac
976 2290 1163 2355 occasione
1178 2290 1412 2369 augebantur.

423 2398 512 2462 1427.
555 2396 795 2462 Romanorum
810 2396 887 2461 Rex
902 2398 1002 2461 initio
1017 2396 1122 2477 hujus
1141 2398 1225 2460 anni
1245 2397 1409 2460 revocari
1430 2394 1467 2459 P.
1490 2395 1592 2461 Cani·

361 2505 452 2569 sium
473 2504 690 2585 ingolstadio
702 2504 815 2585 Jussit,
838 2515 876 2569 ut
897 2504 1177 2569 Universitatem
1198 2503 1440 2568 Viennensem
1459 2504 1496 2567 in
1518 2502 1591 2584 qui·

360 2611 510 2679 busdam
525 2613 827 2694 propositionibus
841 2612 1062 2692 colligendis,
1078 2627 1167 2693 quas
1190 2612 1269 2676 usui
1292 2611 1431 2676 suturas
1452 2628 1532 2675 esse
1556 2610 1591 2673 in

361 2718 490 2784 Diaeta
504 2720 740 2785 ratisbonensi
755 2721 922 2801 sperabat
938 2731 1063 2784 contra
1077 2729 1328 2800 protestantes,
1350 2718 1548 2801 adjuvaret.

424 2827 513 2894 1428.
555 2826 740 2892 Profectus
754 2838 808 2892 est
823 2837 941 2891 autem
953 2827 1041 2907 Rex,
1057 2827 1108 2890 9.⁸
1123 2828 1179 2890 die
1193 2827 1366 2911 Januarii,
1379 2825 1588 2891 Possonium

250 2947 255 2960 ·
359 2937 405 3001 ad
433 2936 668 3016 hungaricam
698 2936 874 3010 Diaetam,
905 2935 986 2998 inde
1014 2935 1192 2998 rediturus
1220 2934 1410 3012 Viennam,
1438 2951 1481 2997 ac
1506 2933 1588 2997 inde

362 3042 528 3123 Pragam,
544 3042 735 3107 Bohemiae
751 3053 870 3124 caput,
887 3043 1013 3107 iturus.

424 3150 513 3214 1429.
557 3149 726 3231 Magister
743 3150 964 3214 'novitiorum
986 3161 1064 3214 erat
1086 3149 1122 3214 P.
1147 3149 1306 3214 Erardus
1321 3149 1548 3214 Avantianus
1567 3146 1588 3225 ¹;

362 3257 525 3338 quamvis
549 3256 626 3337 eius
650 3257 796 3338 spiritus
819 3258 982 3322 Viennae
1008 3275 1080 3322 non
1105 3258 1192 3321 satis
1217 3257 1503 3339 conquiescebat,
1526 3271 1592 3320 nec

362 3364 458 3430 illam
476 3364 695 3445 probationis
714 3364 902 3429 formulam
923 3382 1140 3445 magnopere
1164 3364 1355 3445 probabat;
1382 3375 1416 3429 et
1438 3363 1592 3444 aliquem

364 3489 441 3536 esse
455 3470 729 3554 praeficiendum
744 3473 888 3536 novitiis
902 3473 1189 3537 exercitatiorem
1204 3481 1238 3536 et
1253 3471 1347 3535 dono
1363 3469 1586 3534 discretionis

365 3580 551 3660 spirituum
566 3581 818 3661 praestantiori
834 3581 1031 3661 praeditum
1047 3577 1311 3662 [judicabaturl.

426 3685 514 3750 1430.
558 3686 647 3752 Cum
661 3698 779 3751 autem
795 3689 871 3768 ipse
887 3705 907 3750 a
924 3687 961 3752 P.
978 3687 1098 3752 Natali
1111 3688 1256 3752 novitiis
1271 3686 1471 3769 praefectus
1486 3693 1593 3764 esset,

364 3793 430 3858 sibi
444 3811 515 3858 non
535 3805 699 3859 constare
718 3795 929 3875 libertatem,
945 3795 1154 3875 affirmabat,
1175 3813 1218 3860 ea
1233 3794 1397 3874 faciendi,
1419 3811 1511 3875 quae
1527 3793 1596 3873 ipsi

364 3901 581 3966 conscientia
595 3901 763 3986 dictabat,
781 3920 846 3966 nec
860 3904 1028 3984 sperabat
1044 3920 1082 3966 se
1097 3920 1176 3966 eam
1191 3903 1403 3981 habiturum,
1424 3900 1592 3983 quamdiu

365 4009 429 4074 sub
444 4009 503 4072 illo
518 4007 556 4073 P.
573 4009 734 4090 Rectore,
752 4009 854 4074 aliter
864 4011 1050 4090 sentiente,
1063 4011 1279 4074 novitiorum
1291 4027 1415 4074 curam
1430 4010 1589 4087 haberet,

365 4125 399 4181 et
413 4133 544 4198 magno
558 4116 732 4181 desiderio
747 4118 859 4182 teneri
874 4118 1024 4182 Romam
1036 4118 1211 4197 veniendi,
1224 4118 1310 4182 utin
1325 4115 1592 4198 probationibus

365 4221 534 4289 Societati
548 4225 727 4290 consuetis
741 4236 981 4306 exerceretur,
993 4225 1229 4306 significabat.

428 4330 515 4395 1431.
558 4329 664 4396 Pater
678 4342 796 4397 autem
811 4333 971 4414 ignatius
985 4334 1022 4399 id
1037 4335 1170 4416 petenti
1185 4334 1373 4412 concessit;
1390 4342 1425 4397 et
1445 4331 1596 4396 Romam

409 4681 418 4716 ¹
447 4681 515 4727 Vide
525 4693 612 4738 cupra.
624 4690 643 4728 t.
652 4697 677 4739 r,
687 4697 747 4740 pag.
758 4685 806 4740 2³7,
817 4697 841 4730 n.
851 4686 900 4740 ⁶⁸¹3
912 4692 937 4730 et
950 4692 970 4730 t.
980 4697 1016 4738 rr,
1025 4696 1086 4741 pag.
1097 4686 1146 4738 2⁶0.
1158 4698 1183 4732 n.
1192 4685 1241 4730 661.
