3642 5350
778 419 843 478 Aa.
865 419 935 478 1556
1008 485 1012 492 ,
1415 415 1474 474 613

222 571 286 626 tre
302 572 427 627 nostro
442 564 489 627 ad
503 563 596 627 idem
611 563 810 644 Collegium
821 581 955 627 novum
967 571 1207 640 accesserunt;
1220 569 1471 640 praecesserat

227 670 329 735 enim
350 671 388 734 Ρ.
409 670 682 734 Valderrabano
702 681 741 734 ut
755 689 813 735 res
832 671 1058 735 necessarias
1073 677 1322 751 praepararet,
1339 677 1375 731 et
1388 677 1471 748 post

222 777 440 842 inchoatum
454 776 652 858 Collegium
668 775 918 842 Vallisoletum
934 759 1077 857 rediret,
1094 777 1164 840 nisi
1180 775 1275 839 aliud
1291 776 1359 855 ipsi
1370 792 1473 856 prae·

235 885 454 948 scriberetur
465 887 487 947 ¹.

294 991 385 1055 2644.
432 991 523 1056 Cum
537 1001 659 1056 autem
680 991 795 1073 pridie
816 990 1111 1056 Annuntiationis
1132 989 1171 1054 Β.
1196 989 1359 1068 Virginis
1374 987 1470 1052 Mon·

228 1100 447 1179 temregium
455 1100 691 1181 pervenisset,
704 1098 916 1164 eamdemB.
931 1098 1120 1179 Virginem
1130 1097 1345 1161 advocatam
1356 1097 1403 1160 ad
1414 1113 1473 1160 res

224 1225 359 1270 omnes
378 1207 471 1270 illius
486 1207 572 1270 novi
587 1206 738 1287 Collegii
753 1215 1036 1287 assumpserunt.
1053 1204 1347 1285 Expectabantur
1366 1221 1388 1268 a
1407 1202 1471 1268 Co·

234 1315 319 1377 mite
333 1297 553 1393 avidissime,
570 1315 631 1393 qui
645 1323 791 1378 nostros
805 1314 843 1377 in
857 1313 964 1378 domo
980 1313 1146 1394 quadam,
1160 1311 1205 1376 ad
1219 1322 1359 1391 tempus
1373 1327 1471 1375 acce·

224 1429 307 1500 pta,
330 1419 484 1501 hospitio
506 1420 659 1500 excepit,
681 1429 716 1484 et
737 1419 932 1484 admodum
953 1419 1154 1498 sollicitum,
1178 1419 1214 1482 in
1235 1418 1399 1498 hisquae
1424 1417 1471 1481 ad

236 1526 388 1607 Collegii
403 1527 661 1591 institutionem
673 1527 911 1608 pertinebant,
928 1524 991 1608 [se]
1004 1526 1204 1604 exhibebat;
1218 1525 1384 1606 quamvis
1395 1535 1472 1590 tan-

224 1646 310 1697 ·tum
334 1635 615 1715 erant·quinque
634 1651 680 1698 ex
699 1635 853 1713 nostris,
874 1643 912 1699 ut
932 1633 1102 1711 diximus,
1126 1649 1237 1714 usque
1258 1633 1304 1696 ad
1325 1632 1469 1715 Junium

237 1758 406 1816 mensem,
419 1739 502 1821 [quo
514 1739 687 1823 tempore]
697 1752 821 1806 sextus
829 1741 881 1805 eis
888 1743 1054 1805 accessit.
1064 1739 1226 1820 Quatuor
1235 1757 1279 1803 ex
1292 1740 1343 1802 eis
1354 1756 1470 1803 sacer·

225 1849 337 1912 -dotes
357 1857 476 1926 erant,
497 1858 531 1912 et
552 1850 717 1929 quamvis
736 1850 920 1930 propriam
942 1848 1086 1912 domum
1106 1845 1264 1911 nondum
1286 1847 1471 1925 haberent,

233 1957 386 2019 sollicite
401 1955 529 2020 Comes
544 1973 625 2020 cum
641 1956 820 2038 religiosis
834 1955 917 2021 8³²⁸
932 1955 1069 2020 Mariae
1083 1955 1150 2019 sub
1172 1955 1273 2019 titulo
1294 1953 1471 2018 Mercedis

223 2065 330 2143 lnam
344 2063 581 2144 redemptioni
594 2065 820 2143 captivorum
835 2063 1046 2144 exprofesso
1057 2063 1087 2126 is
1100 2064 1188 2127 ordo
1203 2061 1321 2142 vacat)
1338 2061 1470 2143 agebat

234 2180 273 2234 ut
288 2170 467 2252 quoddam
479 2171 746 2249 monasterium,
759 2172 855 2253 quod
865 2173 903 2235 in
915 2171 975 2235 illo
988 2169 1117 2252 oppido
1129 2169 1319 2249 habebant,
1334 2171 1469 2235 nostris

235 2278 492 2359 relinquerent,
507 2287 544 2341 et
557 2279 709 2358 populus
724 2278 760 2364 id
781 2287 968 2360 tantopere
988 2277 1150 2358 optabat,
1168 2287 1205 2341 ut
1225 2277 1414 2358 diligenter
1434 2288 1470 2342 et

235 2385 378 2449 assidue
389 2373 507 2448 Deum
516 2395 739 2464 precaretur,
753 2396 791 2449 ut
803 2403 862 2450 res
872 2385 919 2449 ad
931 2385 1094 2450 effectum
1106 2386 1352 2462 deduceretur,
1363 2394 1397 2449 et
1408 2403 1470 2450 no·

224 2491 299 2555 ⁴stri
315 2492 484 2571 templum
495 2491 663 2556 idoneum
679 2493 724 2556 ad
740 2491 984 2556 confessiones
999 2491 1195 2556 audiendas
1216 2502 1251 2556 et
1267 2492 1336 2556 alia
1351 2491 1473 2557 Socie-

234 2599 319 2663 tatis
333 2608 506 2663 consueta
521 2599 720 2664 ministeria
734 2599 917 2664 baberent.

292 2706 385 2771 2645.
427 2706 604 2789 Jam‘inde
619 2708 664 2771 ab
679 2708 780 2772 initio
800 2709 857 2771 sui
877 2708 1054 2771 adventus
1073 2708 1109 2771 in
1129 2708 1230 2771 verbi
1246 2707 1312 2771 Dei
1327 2706 1469 2789 praedi-

221 2815 375 2879 catione
389 2816 508 2895 coepit
523 2832 561 2878 se
577 2814 614 2877 P.
632 2814 906 2879 Valderrabano
922 2832 1103 2894 exercere,
1117 2824 1152 2879 et
1167 2812 1357 2879 Societatis
1369 2816 1468 2879 mini·

231 2921 343 2985 steria
357 2922 436 3001 ipso
451 2921 547 2985 facto
560 2922 699 3003 populis
710 2923 909 3001 declarare;
921 2939 989 2986 nec
1000 2922 1094 2987 enim
1106 2939 1176 2987 uno
1190 2932 1328 2986 tantum
1341 2923 1377 2986 in
1389 2924 1469 2987 loco

230 3046 353 3093 semen
367 3029 469 3093 verbi
483 3028 552 3093 Dei
566 3029 798 3109 proponebat.
817 3026 950 3093 Omnes
965 3040 1086 3093 autem
1101 3029 1191 3093 miro
1207 3028 1335 3092 affectu
1350 3027 1468 3093 Socie-

232 3147 343 3200 tatem
363 3136 684 3216 amplectebantur.

291 3244 383 3307 2646.
427 3244 517 3308 Cum
533 3254 652 3308 autem
668 3242 876 3308 Passionem
894 3244 1042 3309 Domini
1063 3245 1099 3308 in
1118 3244 1175 3307 die
1196 3245 1338 3309 veneris
1353 3246 1470 3309 sancti

232 3352 486 3433 praedicasset,
503 3352 616 3429 multi,
632 3352 694 3432 qui
707 3350 914 3415 inimicitias
926 3351 1019 3415 inter
1030 3368 1069 3415 se
1080 3351 1309 3430 exercebant,
1323 3352 1415 3416 inter
1431 3370 1469 3415 se

232 3458 414 3523 conciliati
437 3448 593 3537 luerunt;
619 3468 654 3522 et
675 3457 712 3521 id
732 3457 903 3538 postridie
926 3459 1101 3523 intellexit
1119 3457 1158 3521 P.
1181 3458 1468 3537 Valderrabano,

221 3582 313 3629 com
339 3564 573 3646 quorumdam
602 3564 846 3629 consessiones
874 3566 1030 3643 audiret,
1062 3566 1122 3645 qui
1149 3575 1230 3646 post
1259 3566 1470 3630 concionem

232 3672 465 3752 praedictam,
482 3673 517 3736 in
531 3672 684 3735 ecclesia
699 3688 737 3734 se
753 3684 876 3737 mutuo
890 3673 1032 3737 fuerant
1047 3673 1219 3753 amplexi,
1236 3690 1317 3736 cum
1337 3674 1469 3737 multos

232 3796 346 3844 annos
362 3780 566 3843 inimicitias
577 3778 833 3858 exercuissent,
850 3780 886 3843 in
899 3780 1026 3860 quibus
1038 3780 1145 3844 etiam
1156 3780 1348 3844 homicidia
1363 3780 1469 3845 inter·

232 3899 428 3951 cesserant.
443 3887 483 3952 In
497 3887 623 3950 eadem
637 3886 861 3950 bebdomada
876 3896 1002 3951 sancta
1018 3904 1091 3965 eoS,
1108 3888 1167 3968 qui
1182 3888 1219 3951 in
1231 3888 1393 3951 custodia
1405 3904 1466 3967 pu·

221 3993 323 4058 blica
338 3994 600 4073 detinebantur,
617 4006 767 4073 peccata
782 3992 993 4059 confitentes
1014 3995 1161 4059 audivit.

273 4163 281 4197 ¹
309 4164 407 4209 Exstat
424 4166 536 4221 epistola
552 4165 581 4210 P.
600 4165 708 4219 Joennls
724 4166 756 4209 de
774 4166 989 4219 Valderrabuno,
1007 4166 1129 4209 Litterae
1146 4164 1378 4218 Quadre'nrestres,
1393 4171 1412 4208 t.
1427 4176 1464 4217 ιν,

232 4244 293 4290 pag.
303 4236 404 4291 molo,
414 4248 466 4291 qne
476 4236 605 4282 Polencns
614 4248 676 4281 usus
687 4243 736 4291 eet,
745 4244 772 4282 et
781 4238 826 4282 ubl
834 4244 959 4282 accurate
970 4238 1045 4283 lnltlu
1056 4239 1132 4294 hujus
1148 4238 1259 4292 Collegll
1274 4237 1466 4281 describuntur.

233 4304 317 4349 Porro
328 4318 361 4348 ex
370 4307 582 4351 annotationlbus
597 4308 635 4352 illl
653 4308 780 4363 eplstolae
797 4308 908 4352 annexis
925 4308 1048 4353 dltclmue
1065 4308 1191 4353 Comitem
1210 4308 1240 4351 de
1259 4306 1391 4364 llonterey
1409 4318 1466 4351 esse

230 4378 394 4431 alphonsum
405 4378 436 4421 de
448 4378 569 4423 Acebedo
579 4384 606 4422 et
617 4378 718 4433 zunlge
728 4380 902 4433 (Alphonsum
913 4380 943 4423 dc
954 4379 1073 4424 Fontece
1083 4388 1110 4425 et
1121 4381 1242 4425 Accbedo
1253 4390 1331 4434 saepe
1348 4378 1466 4432 dictum).

219 4450 324 4502 dequo
335 4450 433 4493 mentlo
443 4451 505 4494 alibi
517 4450 589 4494 lecta
600 4459 649 4503 est,
660 4450 783 4494 Litterae
793 4450 1032 4503 Qxaadrtmestves,
1041 4460 1060 4496 t.
1071 4462 1113 4507 ιιι,
1124 4463 1185 4507 pag.
1199 4452 1240 4505 at,
1256 4456 1344 4497 annot.
1357 4450 1383 4505 ⁹3
1398 4451 1469 4495 inter

232 4520 318 4565 eocloe
328 4532 392 4565 vero
403 4521 617 4576 llontemreglnm
628 4523 727 4567 mis-oe.
739 4532 847 4577 praeter
864 4523 894 4567 P.
907 4524 1115 4577 Valderrtbuno,
1130 4523 1210 4569 lulsee
1225 4522 1335 4567 Paulum
1351 4520 1469 4566 liemon·

231 4590 279 4635 dez
289 4600 315 4635 et
325 4592 433 4636 Petrum
443 4590 508 4637 Rulz
518 4594 679 4649 sacerdotes,
690 4601 716 4638 et
726 4593 853 4647 loannem
864 4594 995 4639 Gonzalez
1005 4596 1043 4638 rel
1055 4593 1213 4639 domesticae
1229 4593 1385 4649 adjutorem.
1401 4592 1468 4639 Vlde

223 4660 376 4717 vaspium,
388 4664 547 4719 cntegtosde
558 4664 678 4719 Cantilia,
688 4672 708 4710 t.
718 4676 747 4722 ll,
757 4678 807 4711 ms.
820 4666 864 4711 iol.
873 4667 928 4712 81...
940 4666 1042 4721 Colegt'o
1053 4668 1086 4711 de
1095 4666 1243 4720 Monterey.
