3642 5350
717 403 719 408 ¹
800 448 865 508 nn.
886 449 958 509 1556
1441 446 1498 507 saa

259 593 466 660 scholastici
480 593 767 673 egrediebantur,
784 601 822 658 ut
840 593 889 658 ibi
904 594 1109 659 concionati
1129 593 1176 658 ad
1192 593 1391 672 Collegium
1405 592 1496 656 redi·

259 710 351 766 rent.
365 699 518 764 Parochi
530 709 648 764 autem
659 717 724 781 pro
736 717 867 781 magno
879 700 1052 766 beneficio
1067 700 1256 778 ducebant,
1271 698 1366 781 quod
1380 699 1496 764 nostri

261 807 310 873 ad
325 824 449 873 eorum
463 809 624 888 populos,
641 807 709 871 hoc
723 807 894 873 beneflcio
909 825 971 872 eos
986 807 1158 889 affecturi,
1174 824 1213 871 se
1228 805 1444 872 conferrent.

324 913 417 978 2434.
458 913 524 978 His
548 913 688 992 diebus,
714 915 779 978 sub
801 914 919 994 finem,
945 915 1098 995 scilicet,
1125 915 1289 990 aestatim
1315 914 1497 979 decretum

262 1022 488 1101 theologicae
512 1019 692 1085 facultatis
712 1020 936 1102 parisiensis,
958 1019 1200 1086 Salmanticae
1218 1038 1283 1102 per
1307 1020 1498 1100 religiosos

261 1127 324 1194 S.²¹
345 1128 525 1192 Dominici
540 1128 745 1207 evulgatum
760 1135 838 1208 est,
867 1145 913 1192 ex
927 1145 997 1210 quo
1017 1138 1137 1193 tamen
1155 1128 1225 1192 hoc
1245 1127 1414 1209 consequi
1436 1144 1498 1192 no·

260 1237 329 1300 stri
344 1235 650 1315 observabant,'ut
664 1235 862 1316 aliquorum
881 1235 1125 1316 professorum
1144 1233 1222 1315 eJ'us
1242 1234 1499 1300 Universitatis

261 1360 308 1407 ac
321 1342 591 1423 magistrorum,
607 1341 720 1422 major
735 1360 842 1424 quam
857 1351 980 1422 antea,
1003 1359 1091 1423 erga
1112 1342 1328 1407 Societatem
1345 1342 1498 1407 benevo-

260 1450 371 1514 lentia
393 1459 592 1530 appareret.
614 1449 709 1514 Inter
723 1450 789 1513 hos
809 1448 991 1529 professor
1012 1450 1156 1533 quidam
1180 1449 1395 1530 theologiae,
1416 1466 1499 1514 cum

260 1557 300 1620 in
315 1557 406 1620 festo
420 1555 480 1620 S.t¹
501 1555 681 1620 Dominici
695 1557 867 1620 invitatus
881 1555 1005 1621 fuisset
1020 1557 1066 1621 ad
1082 1557 1261 1620 decretum
1277 1557 1362 1620 illud
1378 1555 1496 1620 viden·

260 1663 364 1741 dum,
389 1662 572 1744 respondit
591 1679 630 1726 se
644 1663 730 1727 illud
744 1663 867 1727 videre
881 1664 996 1743 nolle3
1022 1673 1058 1728 et
1077 1662 1229 1742 addidit,
1246 1663 1340 1744 quod
1354 1663 1386 1726 si
1400 1663 1495 1728 illius

261 1769 398 1835 decreti
413 1771 583 1835 articulos
594 1779 721 1834 contra
737 1779 880 1834 nostros
896 1771 1136 1846 admitterent,
1153 1780 1279 1835 contra
1293 1769 1389 1834 grum
1403 1769 1494 1834 Tho·

262 1894 361 1942 mam
376 1877 483 1941 etiam
494 1876 680 1940 admittere
695 1876 881 1953 deberent;
898 1887 934 1940 et
954 1876 1089 1941 addidit
1107 1893 1146 1941 se
1165 1877 1309 1955 laetari,
1326 1875 1422 1956 quod
1436 1876 1495 1941 bo·

265 1985 379 2049 mines
399 1984 602 2063 spirituales
623 1983 689 2048 sub
713 1983 835 2047 habitu
851 1982 912 2047 85¹
934 1983 1030 2048 Petri
1048 1984 1293 2048 invenirentur
1308 1989 1329 2049 ¹.
1351 1981 1432 2048 Duo
1451 2001 1498 2048 ex

262 2092 398 2156 eisdem
410 2091 573 2155 Patribus
589 2088 683 2172 [cum
694 2088 858 2172 adiisent]
871 2090 1080 2172 Collegium,
1095 2089 1189 2171 quod
1200 2089 1317 2172 Majus
1328 2101 1460 2155 vocant
1471 2090 1495 2165 ',

266 2199 312 2262 ad
328 2198 516 2279 prandium
538 2197 696 2277 invitati,
713 2199 903 2262 voluerunt
927 2199 1035 2261 etiam
1059 2197 1303 2277 collegialibus
1323 2198 1417 2262 idem
1438 2198 1496 2263 de·

264 2313 403 2369 cretum
420 2304 684 2368 communicare
697 2317 704 2378 ;
733 2304 795 2368 sed
810 2303 1196 2384 RectorejusCollegii
1211 2307 1336 2383 etalii,
1357 2307 1418 2388 qui
1436 2324 1497 2370 no·

264 2411 351 2476 stris
366 2410 528 2475 confiteri
542 2411 635 2475 soliti
649 2417 763 2491 erant',
779 2411 865 2474 illud
876 2429 922 2474 ne
940 2411 1063 2475 videre
1083 2411 1226 2492 quidem
1245 2414 1445 2495 voluerunt,
1461 2423 1497 2477 et

266 2519 400 2583 nostris
415 2535 492 2582 rem
507 2517 766 2597 significarunt.

322 2624 414 2690 2435.
458 2623 649 2690 Comitissa
673 2625 781 2690 etiam
810 2624 1034 2707 Montisregii
1057 2624 1069 2657 ³
1095 2625 1141 2690 ad
1164 2625 1356 2691 Rectorem
1384 2627 1499 2693 nostri

261 2732 412 2813 Collegii
428 2733 614 2812 accedenS,
638 2732 670 2796 ei
690 2731 927 2812 significabat,
948 2732 1054 2813 quod,
1074 2743 1265 2815 postquam
1285 2736 1354 2799 hoc
1374 2734 1497 2799 decre·

262 2852 339 2903 tum
354 2838 679 2918 circumferebatur,
696 2836 824 2918 maj0ri
838 2838 1015 2903 desiderio
1031 2840 1077 2903 ad
1091 2857 1172 2903 eum
1188 2840 1383 2905 accedendi
1401 2850 1496 2905 tene·

262 2948 378 3011 batur.
395 2944 655 3025 Primogenitus
670 2956 788 3009 autem
803 2944 879 3025 eJ'us
893 2944 985 3010 filius
1000 2944 1022 3024 ⁸,
1040 2946 1085 3009 ad
1100 2948 1356 3012 monasterium
1368 2949 1495 3013 horum

262 3055 512 3133 religiosorum
536 3070 575 3117 se
599 3052 803 3131 conferens,
825 3070 906 3116 cum
926 3053 978 3116 eis
997 3054 1265 3134 expostulabat,
1282 3055 1393 3136 quod,
1415 3073 1498 3120 cum

262 3170 486 3243 perspectam
497 3161 669 3224 haberent
680 3157 869 3223 Societatis
881 3169 1026 3224 nostrae
1037 3160 1281 3240 integritatem
1293 3172 1328 3225 et
1339 3162 1496 3226 fructum

259 3286 308 3332 ex
322 3286 364 3331 ea
379 3266 659 3348 provenientem,
675 3267 726 3329 sic
742 3284 781 3330 se
795 3283 882 3347 erga
898 3267 995 3331 illam
1010 3276 1188 3347 gererent.
1205 3266 1276 3333 Sed
1290 3269 1435 3350 quidam
1449 3264 1502 3333 ex‘

262 3374 443 3455 primariis
457 3372 644 3452 religiosis,
666 3390 747 3437 cum
767 3373 894 3453 quibus
913 3374 989 3453 ipse
1011 3375 1152 3453 agebat,
1174 3376 1354 3454 negabant
1374 3393 1414 3440 se
1435 3375 1497 3440 hu·

259 3480 415 3562 jusmodi
429 3481 482 3543 rei
496 3488 663 3544 auctores
682 3480 739 3543 vel
759 3480 924 3543 conscios
938 3481 1059 3557 fuisse,
1075 3482 1139 3545 sed
1154 3483 1344 3562 quemdam
1358 3482 1495 3547 socium

265 3588 303 3652 P.
320 3587 427 3667 Cani;
444 3588 563 3666 imm0,
580 3585 762 3665 dicebant,
780 3603 818 3649 se
833 3597 977 3651 nostros
990 3587 1067 3651 Deo
1083 3588 1345 3653 commendare.

325 3694 417 3759 2436.
460 3693 561 3758 Unus
585 3704 704 3757 autem
724 3710 770 3757 ex
791 3692 1044 3758 Universitatis
1069 3696 1272 3775 praecipuis
1291 3695 1497 3775 professori·

265 3804 332 3868 bus
347 3802 391 3866 ad
403 3800 725 3881 Archiepiscopum
733 3799 945 3864 Toletanum
956 3803 1001 3865 ob
1018 3802 1195 3882 quaedam
1206 3801 1499 3868 salmanticensis

308 4044 317 4077 ¹
345 4042 412 4087 Vide
421 4042 543 4086 Litterae
553 4042 783 4096 Quadrtrnestrrs,
794 4046 812 4087 t.
824 4052 860 4092 tu,
871 4054 932 4097 pag.
941 4042 991 4097 438,
1001 4043 1077 4096 unde,
1088 4054 1154 4099 quae
1164 4042 1208 4087 hic
1216 4044 1345 4098 dicuntur,
1354 4042 1499 4098 desumpult

267 4115 404 4160 Polaticus.
413 4114 452 4159 lbl
461 4126 526 4159 vero
536 4114 569 4158 ad
580 4116 663 4158 verba
673 4114 731 4157 “det
740 4114 832 4158 hdbtto
842 4115 875 4158 de
886 4116 942 4158 San
952 4114 1053 4167 Pcdro,
1068 4125 1135 4170 quae
1151 4114 1258 4161 Polancl
1274 4116 1363 4159 verbis
1378 4116 1443 4159 “sub
1452 4115 1501 4159 lra-

264 4186 323 4230 brtu
333 4189 424 4230 sancti
434 4186 523 4239 Petrt,
534 4187 697 4241 respondean
708 4186 773 4230 haec
784 4192 917 4231 notantur:
928 4186 986 4230 “det
999 4186 1134 4231 habitacla
1149 4188 1205 4231 San
1220 4188 1321 4241 Pedro,
1333 4188 1376 4243 qul
1386 4199 1437 4232 nou
1446 4189 1499 4233 allo

264 4258 356 4303 habitu
366 4269 411 4301 seu
422 4268 495 4301 veste
506 4263 651 4309 uterentur,
662 4268 739 4313 quarn
750 4258 904 4302 clerlcoruut
919 4259 1103 4303 saecularium.
1114 4259 1143 4303 ln
1152 4260 1308 4304 civitatibus
1327 4260 1396 4305 enlm
1405 4259 1500 4315 hllsprt·

266 4330 335 4381 nlae,
344 4330 386 4374 ubl
398 4330 485 4384 plures
494 4334 571 4373 erant
581 4329 669 4373 clerici
678 4330 835 4381 saeculares,
846 4331 1032 4375 coalescebaot
1042 4331 1060 4375 tl
1071 4333 1231 4386 plerumque,
1247 4339 1275 4376 ut
1293 4333 1375 4377 etlam
1384 4342 1451 4377 nune
1460 4331 1501 4382 tlt.

264 4402 291 4447 ln
302 4401 470 4447 sodalitatem
479 4402 626 4455 quamdam,
637 4412 703 4455 quae
714 4402 885 4455 congregatio
894 4414 941 4445 seu
951 4402 1015 4445 ordo
1025 4405 1110 4447 sancti
1122 4404 1192 4447 l’etrl
1203 4406 1332 4459 appellarl
1342 4404 1502 4457 consuevit...

305 4473 317 4505 ¹
345 4472 488 4527 Collegium
499 4472 590 4517 Sanctl
600 4472 804 4527 Bartholomael,
815 4474 976 4529 appellatum
988 4482 1078 4528 postea
1089 4474 1115 4518 et
1131 4474 1213 4531 Vtcjo.
1495 4491 1498 4495 ⁴

305 4543 318 4576 ⁸
345 4542 427 4587 ldarla
438 4542 562 4587 Pluaeutel
573 4550 599 4587 et
610 4542 732 4593 Velasco.
743 4544 816 4599 culus
824 4546 949 4589 memoria
960 4546 985 4589 ln
996 4548 1133 4590 annalibus
1144 4546 1241 4591 uostris
1249 4553 1331 4591 extat.
1349 4545 1389 4591 De
1403 4556 1436 4591 ea
1450 4548 1505 4601 egl-

266 4626 324 4659 mas
334 4625 411 4669 saepe
422 4615 498 4659 allas.
511 4614 577 4659 Vide
588 4615 709 4660 Litterae
718 4616 951 4669 quadrimestres.
961 4624 980 4661 t.
990 4628 1028 4671 nt,
1040 4628 1100 4671 pag.
1110 4619 1145 4672 gu,
1156 4626 1175 4662 t.
1185 4628 1222 4667 tv.
1233 4629 1294 4673 pag.
1305 4618 1355 4663 438.

307 4688 320 4721 ⁴
346 4686 521 4745 Hieronymus
531 4687 563 4731 de
574 4687 704 4743 Acebedo,
714 4688 789 4743 culus
800 4688 896 4733 meutlo
905 4700 990 4744 nuper
999 4688 1071 4734 facta
1082 4698 1132 4745 est,
1141 4702 1158 4734 a
1178 4690 1240 4735 2424.

382 4758 390 4780 l
