3642 5350
795 425 860 485 An.
882 423 953 484 1556
1437 425 1493 486 567

316 565 408 634 2447.
451 567 533 633 Fuit
548 577 671 658 autem
683 569 872 649 tragoedia
891 568 1068 651 quaedam
1089 569 1154 634 “de
1175 569 1320 634 vendito
1339 568 1490 651 Joseph,

258 694 321 758 per
334 675 527 759 Josephum
543 677 586 740 de
600 675 736 741 Acosta
754 674 777 756 ¹,
793 676 956 740 Fratrem
972 685 1145 755 nostrum,
1161 677 1303 756 effecta,
1320 695 1341 740 a
1356 677 1492 742 schola·

259 783 359 847 sticis
387 792 469 847 acta
496 791 570 846 tam
599 791 767 862 venuste,
798 792 836 846 ut
866 784 1014 848 multum
1042 783 1297 848 aedificationis
1329 784 1493 848 omnibus

260 889 533 970 spectatoribus,
560 906 603 954 ac
628 891 739 954 simul
764 891 1017 954 consolationis
1040 889 1186 956 dederit.
1207 889 1365 956 Infestis
1384 891 1492 954 etiam

261 997 432 1061 natalitiis
446 997 491 1061 ab
507 996 630 1060 eodem
652 1007 797 1061 auctore
813 997 882 1061 alia
897 998 1081 1062 comoedia
1096 998 1293 1079 composita
1307 1006 1342 1061 et
1356 1015 1378 1060 a
1391 998 1491 1062 scho-

260 1103 396 1168 lasticis
414 1113 496 1168 acta
516 1103 597 1183 fuit,
620 1121 711 1184 quae
732 1105 852 1185 populi
873 1111 909 1168 et
928 1104 1223 1169 scholasticorum
1240 1104 1345 1169 simul
1364 1104 1492 1169 instru-

260 1211 381 1290 ctioni,
398 1222 433 1274 et
447 1228 520 1276 non
534 1212 650 1274 solum
668 1212 907 1275 consolationi
922 1211 1136 1276 conferebat.

319 1316 410 1382 2448.
455 1317 600 1382 Praeter
619 1317 776 1381 fructum
797 1318 1018 1398 scholarum,
1039 1318 1273 1384 ministerium
1291 1335 1493 1382 sacramen·

260 1435 377 1489 torum
392 1426 583 1488 multorum
597 1425 826 1490 conscientiis
845 1435 881 1490 et
901 1426 1076 1507 spirituali
1095 1426 1225 1490 fructui
1243 1426 1393 1508 perutile
1413 1425 1492 1504 fuit,

259 1532 358 1596 etita
373 1533 449 1596 sine
464 1533 714 1598 concionatore
729 1535 812 1613 (nec
828 1534 923 1598 enim
938 1533 1007 1598 hoc
1023 1551 1119 1598 anno
1134 1534 1292 1598 obtinere
1305 1533 1364 1598 bic
1385 1549 1493 1615 popu·

260 1639 316 1702 lus
334 1647 480 1720 propter
498 1641 687 1720 penuriam
712 1639 887 1722 ejusmodi
907 1641 1152 1721 operariorum
1170 1639 1318 1721 potuit),
1338 1640 1492 1704 fructum

260 1747 470 1810 concionum
485 1764 614 1828 capere
629 1748 858 1826 videbantur,
874 1765 941 1811 nec
956 1749 1071 1812 solum
1090 1747 1128 1810 in
1146 1748 1278 1812 sacello
1297 1746 1494 1810 domestico

261 1852 445 1917 audiendis
465 1853 749 1918 confessionibus
769 1855 969 1935 vacabant,
990 1854 1053 1918 sed
1073 1854 1180 1919 etiam
1198 1853 1236 1919 ia
1256 1853 1494 1934 hospitalibus

262 1970 297 2024 et
316 1960 455 2041 publica
476 1961 654 2041 custodia,
674 1961 735 2024 ubi
752 1961 889 2025 fructus
908 1970 1098 2042 perceptus
1117 1961 1249 2025 clarius
1267 1960 1491 2024 cernebatur.

321 2067 412 2132 2449.
453 2067 543 2132 Erat
555 2079 673 2132 autem
685 2067 847 2132 custodia
857 2067 1061 2133 vinctorum
1070 2068 1108 2131 in
1118 2068 1244 2132 eadem
1255 2066 1373 2146 domo,
1386 2083 1495 2148 quam

261 2183 405 2256 praetor
420 2175 620 2254 habitabat,
638 2175 696 2256 qui
712 2175 868 2255 ingenue
880 2184 916 2238 et
930 2174 1071 2256 publice
1084 2174 1280 2254 fatebatur,
1296 2175 1365 2238 hoc
1379 2190 1495 2254 genus

262 2281 445 2346 bominum
460 2291 663 2345 nostrorum
676 2299 786 2362 opera
802 2283 951 2345 multum
970 2281 1179 2361 profecisse.
1196 2291 1230 2346 et
1244 2279 1320 2361 ejus
1339 2279 1493 2344 testimo·

262 2388 360 2452 nium
379 2388 458 2452 ideo
481 2387 627 2468 majoris
642 2399 719 2451 erat
734 2389 978 2468 auctoritatis,
995 2387 1089 2468 quod
1103 2406 1142 2452 se
1157 2405 1284 2469 parum
1305 2386 1494 2452 admodum

176 2551 186 2574 ,
263 2492 451 2558 Societatis
470 2503 615 2559 nostrae
635 2494 647 2526 ²
668 2495 865 2558 studiosum
885 2494 1112 2572 ostendebam
1132 2493 1240 2557 immo
1258 2494 1317 2557 ille
1338 2493 1495 2557 omnium

263 2601 398 2684 primus
412 2603 608 2684 parisiense
620 2602 801 2665 decretum
812 2600 1041 2683 Methymnae
1053 2599 1177 2683 Campi
1189 2601 1225 2664 in
1236 2601 1414 2682 publicum
1424 2598 1494 2663 edi·

264 2706 381 2787 derat;
398 2727 464 2772 nec
487 2720 606 2773 tamen
628 2717 754 2773 contra
775 2707 989 2773 Societatem
1008 2708 1197 2789 quicquam
1220 2708 1268 2772 ibi
1286 2707 1416 2771 virium
1434 2708 1494 2770 ha·

264 2815 350 2893 buit;
367 2825 401 2879 et
416 2817 484 2880 hoc
499 2817 623 2889 telum,
641 2826 766 2879 contra
781 2826 925 2879 nostros
940 2825 1156 2894 contortum,
1173 2815 1294 2879 divina
1307 2812 1494 2896 providen-

263 2922 313 2985 tia
328 2940 475 3003 prorsus
489 2923 724 3004 Methymnae
740 2923 960 3003 confregisse
974 2924 1053 2987 visa
1068 2930 1133 2986 est.

325 3027 416 3091 2450.
460 3030 554 3093 Idem
569 3039 730 3111 praetor,
748 3048 829 3093 cum
852 3033 907 3093 vir
924 3029 1068 3110 quidam
1082 3030 1126 3092 ob
1141 3028 1276 3093 crimen
1295 3037 1401 3092 atrox
1418 3044 1494 3109 per·

264 3145 442 3218 patratum
468 3138 584 3218 capite
603 3136 792 3201 damnatus
814 3145 926 3214 esset,
953 3145 988 3201 et
1009 3154 1148 3201 summa
1173 3135 1345 3199 caecitate
1368 3134 1496 3199 mentis

265 3260 309 3307 ac
335 3244 545 3323 pertinacia,
568 3245 672 3307 nullis
687 3244 935 3324 religiosorum
954 3252 1016 3309 aut
1031 3244 1181 3307 aliorum
1195 3242 1420 3307 suasionibus
1439 3239 1497 3304 ad·

268 3350 351 3414 duci
367 3360 500 3431 posset,
517 3361 554 3415 ut
569 3361 718 3431 peccata
732 3350 972 3429 confiteretur;
988 3368 1069 3413 cum
1083 3360 1202 3413 tamen
1215 3350 1316 3413 brevi
1336 3358 1496 3413 extremo

264 3458 438 3540 supplicio
450 3466 544 3521 esset
555 3458 773 3535 afficiendus
786 3459 926 3522 curavit
938 3458 1027 3522 duos
1039 3476 1084 3521 ex
1095 3458 1229 3521 nostris
1240 3458 1286 3519 ad
1297 3456 1496 3520 custodiam

265 3565 448 3641 accersiri,
470 3566 541 3645 qui,
563 3575 675 3629 totam
696 3566 794 3629 illam
812 3574 955 3629 noctem
970 3581 1050 3628 cum
1069 3582 1131 3627 reo
1150 3565 1347 3628 insomnem
1369 3564 1495 3627 ducen-

265 3680 331 3750 tes,
348 3673 490 3736 demum
504 3673 550 3736 ad
565 3672 826 3736 confessionem
841 3689 923 3736 eum
936 3671 1175 3749 adduxerunt,
1189 3670 1266 3733 Deo
1278 3669 1444 3750 propitio;
1460 3679 1495 3732 et

264 3777 316 3841 ita
330 3796 368 3843 se
384 3780 620 3858 comparavit,
645 3789 682 3842 ut
701 3796 827 3843 verum
847 3796 889 3841 ac
905 3779 1004 3860 pium
1023 3778 1255 3842 christianum
1277 3777 1438 3855 decebat,
1459 3785 1495 3839 et

269 3886 322 3948 sic
337 3885 541 3966 dispositus,
559 3886 686 3949 merito
702 3886 875 3967 supplicio
891 3884 1041 3949 affectus
1055 3895 1121 3948 est.

325 3990 417 4053 2451.
461 3992 529 4071 Qui
554 4002 794 4057 correctorem
819 3999 944 4072 egerat
969 3992 1121 4072 Collegii
1143 3989 1437 4071 Methymnensis,
1462 3999 1497 4052 et

264 4095 451 4177 cujusdam
475 4116 520 4162 ex
545 4099 679 4163 nostris
699 4100 811 4163 frater
832 4100 878 4163 ad
892 4100 1066 4164 exercitia
1085 4098 1284 4178 spiritualia
1306 4098 1507 4177 admissus,

262 4372 338 4417 alunt
347 4373 467 4421 (audiunt
477 4374 546 4419 enlm
556 4376 745 4431 grammaticae
760 4377 1035 4431 praeexercitamenta
1048 4376 1160 4430 quinque
1175 4383 1202 4420 et
1219 4376 1324 4429 vlalntil
1338 4380 1414 4425 facile
1424 4383 1498 4427 intel·

262 4443 509 4561 ngfessgssitffim'
520 4458 630 4503 magnas
641 4449 743 4503 quidem
752 4457 792 4493 est
803 4448 970 4493 sacerdotum
978 4458 1099 4492 numerus
1105 4448 1182 4503 bajus
1192 4450 1287 4504 oppidi,
1296 4455 1498 4505 grammaticam

263 4524 295 4569 pe
311 4585 320 4616 ⁴
350 4585 417 4629 Vide
427 4546 516 4643 supra,
525 4594 544 4632 t.
556 4600 581 4643 v,
591 4600 650 4644 pag.
657 4588 706 4643 421,
717 4601 741 4633 n.
754 4588 814 4644 1127,
825 4596 851 4633 et
860 4589 984 4634 Litterae
993 4587 1223 4642 Quadrfmesfres,
1233 4596 1251 4634 t.
1262 4602 1298 4647 iv,
1307 4604 1368 4649 pag.
1378 4596 1427 4641 431.

306 4653 318 4685 ¹
344 4654 460 4702 Iteratur
470 4660 513 4703 lrlc
522 4670 575 4703 vox
583 4666 694 4715 parum.
