3642 5350
399 1048 463 1133 DE
489 1045 733 1133 PROVINCIA
761 1044 1023 1131 lNFERIORlS
1052 1044 1326 1129 GERMANIAE

761 1314 807 1361 Ac
828 1316 962 1363 PRIMUM

549 1522 614 1589 DE
635 1519 869 1588 COLLEGIO
892 1518 1170 1589 COLONIENSI

311 1845 398 1910 1775.
441 1845 520 1912 Hoc
536 1862 629 1911 anno
645 1844 834 1911 Provincia
845 1844 1033 1911 Societatis
1048 1845 1144 1911 iacta
1156 1854 1221 1926 est,
1233 1852 1272 1909 ut
1283 1844 1436 1909 diximus
1452 1841 1474 1923 ¹,

248 1954 284 2017 in
298 1952 434 2035 Belgio,
451 1954 528 2017 sive
542 1953 700 2018 inferiori
715 1936 920 2034 Germania,
936 1952 997 2017 ubi
1016 1951 1130 2018 tribus
1149 1952 1186 2017 in
1206 1952 1296 2017 locis
1313 1950 1476 2017 Societas

246 2060 433 2142 residebat,
451 2060 597 2137 scilicet,
614 2060 794 2142 Coloniae,
810 2060 964 2125 Lovanii
979 2070 1014 2124 et
1028 2060 1194 2141 Tornaci;
1210 2060 1373 2141 quamvis
1385 2059 1475 2124 desi·

244 2176 374 2250 gnatus
400 2166 646 2248 Prouincialis,
668 2166 706 2232 P.
729 2168 934 2234 Bernardus
948 2166 1137 2248 OliveriuS,
1161 2176 1351 2249 antequam
1373 2184 1475 2232 suam

245 2277 453 2341 electionem
467 2276 690 2358 intelligeret,
711 2276 757 2341 ad
775 2275 970 2341 Dominum
987 2275 1169 2356 migravit.
1189 2275 1331 2342 Etcum
1350 2275 1476 2341 eodem

244 2383 318 2448 iere
342 2393 501 2464 tempore
525 2382 563 2448 P.
589 2383 750 2465 ignatius
769 2383 843 2448 vita
862 2383 899 2447 in
918 2383 1023 2448 terris
1046 2382 1189 2448 functus
1213 2393 1323 2464 esset,
1346 2384 1477 2448 mansit

245 2490 386 2571 quidem
401 2490 491 2554 haec
505 2490 666 2555 instituta
681 2488 883 2570 Provincia,
900 2489 962 2554 sed
984 2491 1102 2555 nullus
1123 2490 1159 2554 in
1177 2506 1221 2555 ea
1239 2488 1477 2555 Provincialis

245 2597 321 2662 suit.

306 2704 393 2771 1776.
437 2706 606 2772 Praeerat
619 2707 752 2772 nostris
767 2707 1029 2772 coloniensibus
1038 2706 1076 2772 Ρ.
1090 2706 1299 2771 Leonardus
1313 2705 1439 2771 Kessel
1450 2705 1474 2786 ¹,

244 2821 278 2878 et
299 2813 427 2879 civitas
445 2815 514 2878 hoc
533 2831 627 2880 anno
645 2817 683 2880 in
700 2815 948 2880 benevolentia
967 2832 1055 2896 erga
1076 2813 1289 2880 Societatem
1314 2823 1474 2879 nostram

242 2937 315 2984 non
325 2938 453 3002 parum
465 2923 590 3002 crevit,
604 2932 638 2986 et
651 2939 730 2986 eam
742 2923 778 2987 in
790 2922 896 2987 rebus
906 2922 995 3004 ipsis
1006 2929 1205 2986 contestata
1216 2930 1282 2987 est.
1296 2919 1387 2985 Prae
1398 2938 1475 2985 cae·

241 3029 328 3092 teris
342 3028 445 3093 anuis
458 3029 660 3111 praeteritis
675 3030 848 3111 maiorem
862 3029 1091 3094 devotionem
1104 3044 1193 3109 erga
1207 3028 1475 3112 sanctissimum

240 3135 487 3202 Eucharistiae
511 3146 774 3203 sacramentum
795 3137 831 3202 in
850 3136 919 3202 fine
943 3138 1022 3200 1555
1041 3137 1125 3202 anni
1144 3136 1361 3214 ostenderat,
1383 3135 1475 3201 etin

241 3241 317 3323 ejus
341 3243 586 3324 deportatione
609 3246 751 3328 publica
771 3262 902 3326 magna
923 3245 1044 3327 populi
1063 3243 1206 3309 devotio
1222 3251 1256 3308 et
1276 3243 1475 3325 frequentia

240 3350 371 3431 extitit;
392 3369 459 3416 nec
477 3354 570 3417 ullus
588 3353 789 3418 haereticus
810 3360 997 3416 externum
1016 3351 1160 3433 aliquod
1174 3351 1316 3431 siguum
1343 3350 1474 3415 irreve-

241 3459 377 3524 rentiae
391 3457 478 3524 dare
493 3477 602 3525 ausus
615 3471 681 3541 est;
694 3469 732 3524 ut
747 3459 891 3542 quidam
905 3457 1043 3524 Velfius
1056 3459 1163 3524 etalii
1178 3457 1371 3540 aliquando
1385 3457 1475 3523 iece-

240 3575 324 3630 rant
334 3569 358 3632 ⁸.
736 3571 740 3577 '

304 3673 392 3739 1777.
436 3675 480 3740 Et
493 3676 658 3757 quamvis
671 3685 868 3742 tentaretur
884 3693 904 3740 a
919 3674 1041 3740 multis
1052 3673 1272 3741 adversariis
1288 3673 1370 3738 fidei
1380 3673 1477 3739 intus

242 3789 278 3845 et
296 3781 395 3862 ioris,
412 3791 582 3847 constans
604 3784 639 3848 in
662 3784 838 3849 catholiea
857 3783 926 3849 fide
944 3782 1075 3849 civitas
1092 3781 1301 3864 permansit.
1321 3780 1396 3846 Nec
1416 3799 1476 3863 pa·

241 3905 320 3953 rum
328 3889 541 3970 profuerunt
552 3890 779 3972 Imperatoris
789 3890 909 3955 Caroli
921 3902 956 3955 et
968 3889 1103 3956 Summi
1116 3887 1298 3954 Pontificis
1314 3887 1415 3954 Pauli
1426 3888 1477 3954 IV

240 3995 395 4078 litterae,
423 3998 550 4080 quibus
574 3998 766 4063 laudabant
791 3999 1029 4078 colonienseS,
1057 3997 1152 4078 quod
1176 4014 1214 4060 se
1241 4005 1315 4061 tam
1335 3995 1478 4061 sortiter

240 4101 321 4168 fidei
329 4105 547 4172 adversariis
557 4116 786 4189 opponerent;
796 4116 831 4171 et
841 4124 915 4186 eos,
929 4116 966 4171 ut
980 4106 1030 4170 ita
1041 4111 1242 4187 pergerent,
1257 4102 1475 4174 animabant.

240 4219 275 4276 et
289 4228 430 4278 omnem
449 4231 553 4279 suam
565 4231 712 4296 operam
726 4213 933 4280 offerebant.
950 4214 994 4278 Et
1009 4221 1154 4295 propter
1170 4211 1236 4275 has
1256 4212 1394 4277 litteras
1417 4211 1476 4274 ali·

282 4452 291 4488 ¹
319 4453 412 4511 Supra,
423 4469 485 4514 pag.
494 4457 530 4513 82,
541 4471 566 4505 u.
576 4459 612 4506 85.

280 4525 293 4558 ί
320 4525 387 4572 Vide
397 4539 485 4586 supra,
495 4535 516 4577 t.
527 4543 552 4587 v,
562 4543 622 4588 pag.
631 4531 672 4577 275
681 4540 707 4578 et
718 4543 780 4588 aeq,
791 4542 814 4576 n.
826 4529 866 4576 760
876 4537 902 4576 et
913 4542 969 4587 aeq.

281 4597 294 4632 ⁸
320 4598 359 4645 De
374 4599 450 4654 Juato
466 4601 560 4658 vetuo,
575 4608 623 4648 aut
639 4604 737 4649 rectius
754 4603 852 4657 Velnlo,
870 4603 969 4647 dictum
987 4607 1028 4646 eat
1046 4611 1134 4656 supra,
1154 4605 1175 4646 t.
1194 4611 1220 4652 v.
1237 4612 1301 4656 pag.
1314 4594 1363 4655 21,
1382 4611 1408 4644 u.
1427 4597 1477 4663 7⁶⁶,

241 4676 328 4716 annet.
341 4671 361 4717 2.
373 4671 439 4718 Vide
450 4673 642 4731 Rarrraranae,
653 4673 725 4721 Hice.
738 4675 793 4719 Soc.
804 4673 860 4730 Jes.
872 4673 908 4718 ad
920 4672 1044 4718 Rhenum
1058 4672 1233 4728 inferiorem,
1243 4679 1261 4718 t.
1273 4684 1290 4728 r,
1302 4679 1362 4728 pag.
1373 4672 1411 4717 50.
1492 4709 1498 4722 .
