<?xml version="1.0" encoding="UTF-8"?>
<!DOCTYPE html PUBLIC "-//W3C//DTD XHTML 1.0 Transitional//EN"
    "http://www.w3.org/TR/xhtml1/DTD/xhtml1-transitional.dtd">
<html xmlns="http://www.w3.org/1999/xhtml" xml:lang="en" lang="en">
 <head>
  <title>
</title>
<meta http-equiv="Content-Type" content="text/html;charset=utf-8" />
  <meta name='ocr-system' content='tesseract 3.04.00' />
  <meta name='ocr-capabilities' content='ocr_page ocr_carea ocr_par ocr_line ocrx_word'/>
</head>
<body>
  <div class='ocr_page' id='page_1' title='image "./vitaignatiiloio00polagoog_0162.png"; bbox 0 0 3642 5350; ppageno 0'>
   <div class='ocr_carea' id='block_1_1' title="bbox 386 420 1163 496">
    <p class='ocr_par' dir='ltr' id='par_1_1' title="bbox 386 420 1163 496">
     <span class='ocr_line' id='line_1_1' title="bbox 386 420 1163 496; baseline -0.003 -14"><span class='ocrx_word' id='word_1_1' title='bbox 386 420 439 482; x_wconf 76' lang='lat'>156</span> <span class='ocrx_word' id='word_1_2' title='bbox 838 423 967 485; x_wconf 75' lang='lat' dir='ltr'>Canon.</span> <span class='ocrx_word' id='word_1_3' title='bbox 989 422 1067 483; x_wconf 89' lang='lat' dir='ltr'>Soc.·</span> <span class='ocrx_word' id='word_1_4' title='bbox 1093 423 1163 496; x_wconf 79' lang='lat' dir='ltr'>Jus.</span> 
     </span>
    </p>
   </div>
   <div class='ocr_carea' id='block_1_2' title="bbox 378 568 1613 2906">
    <p class='ocr_par' dir='ltr' id='par_1_2' title="bbox 380 568 1613 2029">
     <span class='ocr_line' id='line_1_2' title="bbox 385 568 1613 635; baseline -0.002 -1"><span class='ocrx_word' id='word_1_5' title='bbox 385 571 557 635; x_wconf 90' lang='lat' dir='ltr'>rabantur</span> <span class='ocrx_word' id='word_1_6' title='bbox 572 570 671 633; x_wconf 91' lang='lat' dir='ltr'>multi</span> <span class='ocrx_word' id='word_1_7' title='bbox 686 578 888 634; x_wconf 88' lang='lat' dir='ltr'>nostrorum</span> <span class='ocrx_word' id='word_1_8' title='bbox 903 571 1129 635; x_wconf 82' lang='lat' dir='ltr'>sacerdotum</span> <span class='ocrx_word' id='word_1_9' title='bbox 1144 569 1326 633; x_wconf 84' lang='lat' dir='ltr'>solertiam</span> <span class='ocrx_word' id='word_1_10' title='bbox 1347 578 1383 632; x_wconf 92' lang='lat' dir='ltr'>et</span> <span class='ocrx_word' id='word_1_11' title='bbox 1403 568 1613 633; x_wconf 90' lang='lat' dir='ltr'>charitatem</span> 
     </span>
     <span class='ocr_line' id='line_1_3' title="bbox 385 676 1609 758; baseline -0.001 -18"><span class='ocrx_word' id='word_1_12' title='bbox 385 678 478 758; x_wconf 91' lang='lat' dir='ltr'>quod</span> <span class='ocrx_word' id='word_1_13' title='bbox 493 696 531 741; x_wconf 92' lang='lat' dir='ltr'>se</span> <span class='ocrx_word' id='word_1_14' title='bbox 545 685 639 740; x_wconf 92' lang='lat' dir='ltr'>totos</span> <span class='ocrx_word' id='word_1_15' title='bbox 653 678 729 741; x_wconf 90' lang='lat' dir='ltr'>dies</span> <span class='ocrx_word' id='word_1_16' title='bbox 743 677 1022 742; x_wconf 84' lang='lat' dir='ltr'>confessionibus</span> <span class='ocrx_word' id='word_1_17' title='bbox 1036 676 1220 740; x_wconf 91' lang='lat' dir='ltr'>audiendis</span> <span class='ocrx_word' id='word_1_18' title='bbox 1234 683 1380 757; x_wconf 88' lang='lat' dir='ltr'>paratos</span> <span class='ocrx_word' id='word_1_19' title='bbox 1391 676 1609 756; x_wconf 88' lang='lat' dir='ltr'>exhibentes,</span> 
     </span>
     <span class='ocr_line' id='line_1_4' title="bbox 384 782 1609 865; baseline -0.001 -17"><span class='ocrx_word' id='word_1_20' title='bbox 384 785 516 848; x_wconf 89' lang='lat' dir='ltr'>nullam</span> <span class='ocrx_word' id='word_1_21' title='bbox 531 802 573 847; x_wconf 92' lang='lat' dir='ltr'>ea</span> <span class='ocrx_word' id='word_1_22' title='bbox 589 784 679 847; x_wconf 90' lang='lat' dir='ltr'>inre</span> <span class='ocrx_word' id='word_1_23' title='bbox 694 802 927 865; x_wconf 89' lang='lat' dir='ltr'>personarum</span> <span class='ocrx_word' id='word_1_24' title='bbox 942 784 1114 848; x_wconf 91' lang='lat' dir='ltr'>habereut</span> <span class='ocrx_word' id='word_1_25' title='bbox 1129 784 1383 863; x_wconf 86' lang='lat' dir='ltr'>acceptionem,</span> <span class='ocrx_word' id='word_1_26' title='bbox 1400 782 1462 846; x_wconf 89' lang='lat' dir='ltr'>sed</span> <span class='ocrx_word' id='word_1_27' title='bbox 1482 801 1609 865; x_wconf 89' lang='lat' dir='ltr'>paupe·</span> 
     </span>
     <span class='ocr_line' id='line_1_5' title="bbox 384 885 1610 969; baseline -0.002 -14"><span class='ocrx_word' id='word_1_28' title='bbox 384 885 442 955; x_wconf 84' lang='lat' dir='ltr'>res</span> <span class='ocrx_word' id='word_1_29' title='bbox 456 908 499 954; x_wconf 93' lang='lat' dir='ltr'>ac</span> <span class='ocrx_word' id='word_1_30' title='bbox 514 892 643 955; x_wconf 91' lang='lat' dir='ltr'>divites</span> <span class='ocrx_word' id='word_1_31' title='bbox 657 892 754 955; x_wconf 91' lang='lat' dir='ltr'>nullo</span> <span class='ocrx_word' id='word_1_32' title='bbox 774 892 979 957; x_wconf 86' lang='lat' dir='ltr'>discrimine</span> <span class='ocrx_word' id='word_1_33' title='bbox 993 890 1165 955; x_wconf 86' lang='lat' dir='ltr'>audirent.</span> <span class='ocrx_word' id='word_1_34' title='bbox 1187 891 1301 969; x_wconf 83' lang='lat' dir='ltr'>Egeni</span> <span class='ocrx_word' id='word_1_35' title='bbox 1322 900 1441 954; x_wconf 86' lang='lat' dir='ltr'>autem</span> <span class='ocrx_word' id='word_1_36' title='bbox 1461 891 1563 954; x_wconf 91' lang='lat' dir='ltr'>multi</span> <span class='ocrx_word' id='word_1_37' title='bbox 1576 900 1610 954; x_wconf 91' lang='lat' dir='ltr'>et</span> 
     </span>
     <span class='ocr_line' id='line_1_6' title="bbox 384 997 1610 1079; baseline 0 -18"><span class='ocrx_word' id='word_1_38' title='bbox 384 997 505 1061; x_wconf 89' lang='lat' dir='ltr'>afflicti</span> <span class='ocrx_word' id='word_1_39' title='bbox 520 998 668 1061; x_wconf 87' lang='lat' dir='ltr'>libenter</span> <span class='ocrx_word' id='word_1_40' title='bbox 686 1006 829 1062; x_wconf 90' lang='lat' dir='ltr'>nostros</span> <span class='ocrx_word' id='word_1_41' title='bbox 847 998 1003 1074; x_wconf 84' lang='lat' dir='ltr'>adibant,</span> <span class='ocrx_word' id='word_1_42' title='bbox 1027 997 1121 1079; x_wconf 91' lang='lat' dir='ltr'>quod</span> <span class='ocrx_word' id='word_1_43' title='bbox 1142 998 1188 1060; x_wconf 90' lang='lat' dir='ltr'>ad</span> <span class='ocrx_word' id='word_1_44' title='bbox 1209 1015 1274 1061; x_wconf 90' lang='lat' dir='ltr'>sua</span> <span class='ocrx_word' id='word_1_45' title='bbox 1294 999 1443 1062; x_wconf 88' lang='lat' dir='ltr'>vulnera</span> <span class='ocrx_word' id='word_1_46' title='bbox 1464 998 1610 1061; x_wconf 90' lang='lat' dir='ltr'>idoneos</span> 
     </span>
     <span class='ocr_line' id='line_1_7' title="bbox 384 1105 1608 1187; baseline 0 -19"><span class='ocrx_word' id='word_1_47' title='bbox 384 1106 540 1169; x_wconf 92' lang='lat' dir='ltr'>medicos</span> <span class='ocrx_word' id='word_1_48' title='bbox 565 1107 745 1169; x_wconf 91' lang='lat' dir='ltr'>invenisse</span> <span class='ocrx_word' id='word_1_49' title='bbox 768 1106 834 1170; x_wconf 91' lang='lat' dir='ltr'>sibi</span> <span class='ocrx_word' id='word_1_50' title='bbox 856 1106 1077 1170; x_wconf 89' lang='lat' dir='ltr'>videbantur.</span> <span class='ocrx_word' id='word_1_51' title='bbox 1104 1105 1327 1186; x_wconf 85' lang='lat' dir='ltr'>Deprehensi</span> <span class='ocrx_word' id='word_1_52' title='bbox 1349 1114 1431 1169; x_wconf 92' lang='lat' dir='ltr'>suut</span> <span class='ocrx_word' id='word_1_53' title='bbox 1455 1105 1608 1187; x_wconf 87' lang='lat' dir='ltr'>plurimi,</span> 
     </span>
     <span class='ocr_line' id='line_1_8' title="bbox 383 1211 1608 1294; baseline 0.001 -19"><span class='ocrx_word' id='word_1_54' title='bbox 383 1213 441 1294; x_wconf 92' lang='lat' dir='ltr'>qui</span> <span class='ocrx_word' id='word_1_55' title='bbox 456 1214 514 1276; x_wconf 88' lang='lat' dir='ltr'>vel</span> <span class='ocrx_word' id='word_1_56' title='bbox 534 1232 554 1276; x_wconf 90' lang='lat' dir='ltr'>a</span> <span class='ocrx_word' id='word_1_57' title='bbox 574 1214 693 1276; x_wconf 92' lang='lat' dir='ltr'>multis</span> <span class='ocrx_word' id='word_1_58' title='bbox 715 1214 817 1276; x_wconf 92' lang='lat' dir='ltr'>annis</span> <span class='ocrx_word' id='word_1_59' title='bbox 839 1215 896 1275; x_wconf 89' lang='lat' dir='ltr'>vel</span> <span class='ocrx_word' id='word_1_60' title='bbox 919 1230 1100 1294; x_wconf 90' lang='lat' dir='ltr'>nunquam</span> <span class='ocrx_word' id='word_1_61' title='bbox 1123 1213 1262 1290; x_wconf 85' lang='lat' dir='ltr'>integre</span> <span class='ocrx_word' id='word_1_62' title='bbox 1285 1211 1437 1276; x_wconf 84' lang='lat' dir='ltr'>confessi</span> <span class='ocrx_word' id='word_1_63' title='bbox 1457 1212 1608 1291; x_wconf 86' lang='lat' dir='ltr'>fuerant,</span> 
     </span>
     <span class='ocr_line' id='line_1_9' title="bbox 380 1320 1610 1401; baseline -0.001 -16"><span class='ocrx_word' id='word_1_64' title='bbox 380 1321 554 1400; x_wconf 85' lang='lat' dir='ltr'>graviora</span> <span class='ocrx_word' id='word_1_65' title='bbox 580 1322 754 1400; x_wconf 88' lang='lat' dir='ltr'>quaedam</span> <span class='ocrx_word' id='word_1_66' title='bbox 778 1321 983 1399; x_wconf 87' lang='lat' dir='ltr'>reticentes,</span> <span class='ocrx_word' id='word_1_67' title='bbox 1009 1321 1070 1401; x_wconf 92' lang='lat' dir='ltr'>qui</span> <span class='ocrx_word' id='word_1_68' title='bbox 1090 1321 1223 1383; x_wconf 92' lang='lat' dir='ltr'>nostris</span> <span class='ocrx_word' id='word_1_69' title='bbox 1243 1320 1487 1383; x_wconf 88' lang='lat' dir='ltr'>sacerdotibus</span> <span class='ocrx_word' id='word_1_70' title='bbox 1508 1338 1610 1384; x_wconf 90' lang='lat' dir='ltr'>suam</span> 
     </span>
     <span class='ocr_line' id='line_1_10' title="bbox 381 1428 1611 1509; baseline 0.001 -18"><span class='ocrx_word' id='word_1_71' title='bbox 381 1428 648 1506; x_wconf 86' lang='lat' dir='ltr'>conscientiam,</span> <span class='ocrx_word' id='word_1_72' title='bbox 675 1438 713 1491; x_wconf 92' lang='lat' dir='ltr'>ut</span> <span class='ocrx_word' id='word_1_73' title='bbox 737 1446 802 1509; x_wconf 90' lang='lat' dir='ltr'>par</span> <span class='ocrx_word' id='word_1_74' title='bbox 827 1437 922 1508; x_wconf 90' lang='lat' dir='ltr'>erat,</span> <span class='ocrx_word' id='word_1_75' title='bbox 949 1428 1148 1508; x_wconf 90' lang='lat' dir='ltr'>aperientes</span> <span class='ocrx_word' id='word_1_76' title='bbox 1173 1428 1330 1492; x_wconf 89' lang='lat' dir='ltr'>omnium</span> <span class='ocrx_word' id='word_1_77' title='bbox 1354 1428 1611 1492; x_wconf 90' lang='lat' dir='ltr'>absolutionem</span> 
     </span>
     <span class='ocr_line' id='line_1_11' title="bbox 382 1534 1609 1615; baseline 0.001 -17"><span class='ocrx_word' id='word_1_78' title='bbox 382 1536 563 1599; x_wconf 90' lang='lat' dir='ltr'>consecuti</span> <span class='ocrx_word' id='word_1_79' title='bbox 587 1544 680 1598; x_wconf 91' lang='lat' dir='ltr'>sunt.</span> <span class='ocrx_word' id='word_1_80' title='bbox 707 1535 926 1615; x_wconf 87' lang='lat' dir='ltr'>Sequebatur</span> <span class='ocrx_word' id='word_1_81' title='bbox 947 1545 1066 1599; x_wconf 92' lang='lat' dir='ltr'>autem</span> <span class='ocrx_word' id='word_1_82' title='bbox 1086 1534 1328 1599; x_wconf 90' lang='lat' dir='ltr'>confessiones</span> <span class='ocrx_word' id='word_1_83' title='bbox 1349 1544 1422 1598; x_wconf 88' lang='lat' dir='ltr'>tam</span> <span class='ocrx_word' id='word_1_84' title='bbox 1444 1535 1609 1615; x_wconf 85' lang='lat' dir='ltr'>frequens</span> 
     </span>
     <span class='ocr_line' id='line_1_12' title="bbox 381 1641 1610 1722; baseline 0 -15"><span class='ocrx_word' id='word_1_85' title='bbox 381 1644 718 1707; x_wconf 89' lang='lat' dir='ltr'>communicantium</span> <span class='ocrx_word' id='word_1_86' title='bbox 741 1660 920 1721; x_wconf 89' lang='lat' dir='ltr'>numerus,</span> <span class='ocrx_word' id='word_1_87' title='bbox 942 1652 980 1705; x_wconf 92' lang='lat' dir='ltr'>ut</span> <span class='ocrx_word' id='word_1_88' title='bbox 1001 1643 1064 1705; x_wconf 87' lang='lat' dir='ltr'>vix</span> <span class='ocrx_word' id='word_1_89' title='bbox 1083 1643 1167 1705; x_wconf 91' lang='lat' dir='ltr'>alibi</span> <span class='ocrx_word' id='word_1_90' title='bbox 1184 1641 1404 1722; x_wconf 89' lang='lat' dir='ltr'>frequentius</span> <span class='ocrx_word' id='word_1_91' title='bbox 1425 1642 1517 1708; x_wconf 88' lang='lat' dir='ltr'>inter</span> <span class='ocrx_word' id='word_1_92' title='bbox 1536 1653 1610 1707; x_wconf 91' lang='lat' dir='ltr'>tam</span> 
     </span>
     <span class='ocr_line' id='line_1_13' title="bbox 382 1749 1607 1831; baseline 0.001 -18"><span class='ocrx_word' id='word_1_93' title='bbox 382 1753 491 1814; x_wconf 91' lang='lat' dir='ltr'>multa</span> <span class='ocrx_word' id='word_1_94' title='bbox 517 1751 647 1831; x_wconf 91' lang='lat' dir='ltr'>templa</span> <span class='ocrx_word' id='word_1_95' title='bbox 678 1750 881 1814; x_wconf 89' lang='lat' dir='ltr'>Florentiae</span> <span class='ocrx_word' id='word_1_96' title='bbox 911 1749 1020 1813; x_wconf 55' lang='lat' dir='ltr'>Senum</span> <span class='ocrx_word' id='word_1_97' title='bbox 1054 1749 1322 1814; x_wconf 88' lang='lat' dir='ltr'>Sacramentum</span> <span class='ocrx_word' id='word_1_98' title='bbox 1353 1752 1607 1831; x_wconf 87' lang='lat' dir='ltr'>perciperetur;</span> 
     </span>
     <span class='ocr_line' id='line_1_14' title="bbox 382 1857 1608 1940; baseline 0.001 -19"><span class='ocrx_word' id='word_1_99' title='bbox 382 1859 475 1940; x_wconf 91' lang='lat' dir='ltr'>quod</span> <span class='ocrx_word' id='word_1_100' title='bbox 498 1859 624 1939; x_wconf 89' lang='lat' dir='ltr'>paucis</span> <span class='ocrx_word' id='word_1_101' title='bbox 648 1868 730 1921; x_wconf 88' lang='lat' dir='ltr'>ante</span> <span class='ocrx_word' id='word_1_102' title='bbox 760 1858 864 1921; x_wconf 90' lang='lat' dir='ltr'>annis</span> <span class='ocrx_word' id='word_1_103' title='bbox 886 1858 1065 1921; x_wconf 90' lang='lat' dir='ltr'>desertum</span> <span class='ocrx_word' id='word_1_104' title='bbox 1086 1866 1121 1920; x_wconf 89' lang='lat' dir='ltr'>et</span> <span class='ocrx_word' id='word_1_105' title='bbox 1149 1857 1281 1936; x_wconf 91' lang='lat' dir='ltr'>alioqui</span> <span class='ocrx_word' id='word_1_106' title='bbox 1305 1858 1393 1921; x_wconf 91' lang='lat' dir='ltr'>satis</span> <span class='ocrx_word' id='word_1_107' title='bbox 1419 1868 1608 1938; x_wconf 84' lang='lat' dir='ltr'>augustum</span> 
     </span>
     <span class='ocr_line' id='line_1_15' title="bbox 381 1976 469 2029; baseline -0.011 0"><span class='ocrx_word' id='word_1_108' title='bbox 381 1976 469 2029; x_wconf 89' lang='lat' dir='ltr'>erat.</span> 
     </span>
    </p>

    <p class='ocr_par' dir='ltr' id='par_1_3' title="bbox 378 2072 1607 2906">
     <span class='ocr_line' id='line_1_16' title="bbox 440 2072 1607 2153; baseline 0.001 -17"><span class='ocrx_word' id='word_1_109' title='bbox 440 2073 511 2136; x_wconf 85' lang='lat'><strong>572.</strong></span> <span class='ocrx_word' id='word_1_110' title='bbox 553 2073 704 2137; x_wconf 90' lang='lat' dir='ltr'>Fructus</span> <span class='ocrx_word' id='word_1_111' title='bbox 717 2082 834 2136; x_wconf 90' lang='lat' dir='ltr'>autem</span> <span class='ocrx_word' id='word_1_112' title='bbox 846 2073 1058 2136; x_wconf 89' lang='lat' dir='ltr'>concionum</span> <span class='ocrx_word' id='word_1_113' title='bbox 1071 2090 1112 2135; x_wconf 92' lang='lat' dir='ltr'>ac</span> <span class='ocrx_word' id='word_1_114' title='bbox 1123 2072 1325 2153; x_wconf 89' lang='lat' dir='ltr'>lectionum,</span> <span class='ocrx_word' id='word_1_115' title='bbox 1338 2073 1473 2153; x_wconf 89' lang='lat' dir='ltr'>quaein</span> <span class='ocrx_word' id='word_1_116' title='bbox 1484 2073 1607 2137; x_wconf 89' lang='lat' dir='ltr'>eodem</span> 
     </span>
     <span class='ocr_line' id='line_1_17' title="bbox 380 2180 1606 2261; baseline -0.001 -17"><span class='ocrx_word' id='word_1_117' title='bbox 380 2182 510 2261; x_wconf 90' lang='lat' dir='ltr'>templo</span> <span class='ocrx_word' id='word_1_118' title='bbox 535 2190 658 2244; x_wconf 89' lang='lat' dir='ltr'>nostro</span> <span class='ocrx_word' id='word_1_119' title='bbox 680 2191 715 2244; x_wconf 89' lang='lat' dir='ltr'>et</span> <span class='ocrx_word' id='word_1_120' title='bbox 734 2180 770 2243; x_wconf 93' lang='lat' dir='ltr'>in</span> <span class='ocrx_word' id='word_1_121' title='bbox 789 2180 993 2245; x_wconf 87' lang='lat' dir='ltr'>Cathedrali</span> <span class='ocrx_word' id='word_1_122' title='bbox 1013 2180 1163 2243; x_wconf 91' lang='lat' dir='ltr'>ecclesia</span> <span class='ocrx_word' id='word_1_123' title='bbox 1183 2180 1412 2259; x_wconf 89' lang='lat' dir='ltr'>habebantur,</span> <span class='ocrx_word' id='word_1_124' title='bbox 1434 2181 1469 2243; x_wconf 94' lang='lat' dir='ltr'>in</span> <span class='ocrx_word' id='word_1_125' title='bbox 1490 2180 1606 2261; x_wconf 89' lang='lat' dir='ltr'>hujus·</span> 
     </span>
     <span class='ocr_line' id='line_1_18' title="bbox 380 2287 1607 2367; baseline -0.001 -15"><span class='ocrx_word' id='word_1_126' title='bbox 380 2289 475 2352; x_wconf 93' lang='lat' dir='ltr'>modi</span> <span class='ocrx_word' id='word_1_127' title='bbox 495 2288 776 2352; x_wconf 90' lang='lat' dir='ltr'>confessionibus</span> <span class='ocrx_word' id='word_1_128' title='bbox 796 2306 838 2351; x_wconf 90' lang='lat' dir='ltr'>ac</span> <span class='ocrx_word' id='word_1_129' title='bbox 859 2287 1167 2351; x_wconf 88' lang='lat' dir='ltr'>communionibus</span> <span class='ocrx_word' id='word_1_130' title='bbox 1185 2288 1380 2367; x_wconf 88' lang='lat' dir='ltr'>apparebat</span> <span class='ocrx_word' id='word_1_131' title='bbox 1399 2296 1434 2351; x_wconf 93' lang='lat' dir='ltr'>et</span> <span class='ocrx_word' id='word_1_132' title='bbox 1455 2287 1492 2350; x_wconf 91' lang='lat' dir='ltr'>in</span> <span class='ocrx_word' id='word_1_133' title='bbox 1512 2288 1607 2351; x_wconf 91' lang='lat' dir='ltr'>vitae</span> 
     </span>
     <span class='ocr_line' id='line_1_19' title="bbox 378 2395 1607 2475; baseline -0.001 -16"><span class='ocrx_word' id='word_1_134' title='bbox 378 2396 623 2459; x_wconf 89' lang='lat' dir='ltr'>emendatione</span> <span class='ocrx_word' id='word_1_135' title='bbox 638 2406 885 2475; x_wconf 85' lang='lat' dir='ltr'>consequente.</span> <span class='ocrx_word' id='word_1_136' title='bbox 902 2395 958 2458; x_wconf 79' lang='lat' dir='ltr'>Ex</span> <span class='ocrx_word' id='word_1_137' title='bbox 971 2397 1028 2458; x_wconf 93' lang='lat' dir='ltr'>his</span> <span class='ocrx_word' id='word_1_138' title='bbox 1043 2406 1161 2459; x_wconf 90' lang='lat' dir='ltr'>autem</span> <span class='ocrx_word' id='word_1_139' title='bbox 1175 2396 1234 2475; x_wconf 90' lang='lat' dir='ltr'>qui</span> <span class='ocrx_word' id='word_1_140' title='bbox 1248 2396 1347 2475; x_wconf 89' lang='lat' dir='ltr'>prius</span> <span class='ocrx_word' id='word_1_141' title='bbox 1365 2406 1607 2459; x_wconf 90' lang='lat' dir='ltr'>sacramento-</span> 
     </span>
     <span class='ocr_line' id='line_1_20' title="bbox 379 2501 1605 2585; baseline -0.002 -17"><span class='ocrx_word' id='word_1_142' title='bbox 379 2521 457 2568; x_wconf 89' lang='lat' dir='ltr'>rum</span> <span class='ocrx_word' id='word_1_143' title='bbox 471 2504 745 2585; x_wconf 91' lang='lat' dir='ltr'>frequentationi</span> <span class='ocrx_word' id='word_1_144' title='bbox 759 2503 1004 2582; x_wconf 88' lang='lat' dir='ltr'>detrahebant,</span> <span class='ocrx_word' id='word_1_145' title='bbox 1020 2520 1093 2566; x_wconf 92' lang='lat' dir='ltr'>non</span> <span class='ocrx_word' id='word_1_146' title='bbox 1108 2505 1222 2566; x_wconf 92' lang='lat' dir='ltr'>solum</span> <span class='ocrx_word' id='word_1_147' title='bbox 1240 2502 1348 2582; x_wconf 93' lang='lat' dir='ltr'>aliqui</span> <span class='ocrx_word' id='word_1_148' title='bbox 1366 2501 1605 2583; x_wconf 91' lang='lat' dir='ltr'>frequentato·</span> 
     </span>
     <span class='ocr_line' id='line_1_21' title="bbox 379 2610 1606 2691; baseline -0.003 -16"><span class='ocrx_word' id='word_1_149' title='bbox 379 2629 436 2675; x_wconf 91' lang='lat' dir='ltr'>res</span> <span class='ocrx_word' id='word_1_150' title='bbox 452 2610 568 2676; x_wconf 83' lang='lat' dir='ltr'>effecti</span> <span class='ocrx_word' id='word_1_151' title='bbox 583 2621 675 2691; x_wconf 85' lang='lat' dir='ltr'>sunt,</span> <span class='ocrx_word' id='word_1_152' title='bbox 699 2610 811 2675; x_wconf 90' lang='lat' dir='ltr'>sedet</span> <span class='ocrx_word' id='word_1_153' title='bbox 826 2612 915 2676; x_wconf 90' lang='lat' dir='ltr'>alios</span> <span class='ocrx_word' id='word_1_154' title='bbox 937 2611 983 2675; x_wconf 91' lang='lat' dir='ltr'>ad</span> <span class='ocrx_word' id='word_1_155' title='bbox 1007 2610 1324 2691; x_wconf 87' lang='lat' dir='ltr'>frequentationem</span> <span class='ocrx_word' id='word_1_156' title='bbox 1342 2610 1555 2689; x_wconf 89' lang='lat' dir='ltr'>alliciebant;</span> <span class='ocrx_word' id='word_1_157' title='bbox 1571 2618 1606 2672; x_wconf 93' lang='lat' dir='ltr'>et</span> 
     </span>
     <span class='ocr_line' id='line_1_22' title="bbox 378 2716 1605 2800; baseline -0.001 -19"><span class='ocrx_word' id='word_1_158' title='bbox 378 2719 487 2800; x_wconf 90' lang='lat' dir='ltr'>aliqui</span> <span class='ocrx_word' id='word_1_159' title='bbox 505 2720 556 2782; x_wconf 92' lang='lat' dir='ltr'>sic</span> <span class='ocrx_word' id='word_1_160' title='bbox 576 2718 693 2783; x_wconf 88' lang='lat' dir='ltr'>affecti</span> <span class='ocrx_word' id='word_1_161' title='bbox 717 2728 798 2782; x_wconf 90' lang='lat' dir='ltr'>sunt</span> <span class='ocrx_word' id='word_1_162' title='bbox 823 2720 891 2800; x_wconf 92' lang='lat' dir='ltr'>piis</span> <span class='ocrx_word' id='word_1_163' title='bbox 915 2716 1116 2798; x_wconf 90' lang='lat' dir='ltr'>hujusmodi</span> <span class='ocrx_word' id='word_1_164' title='bbox 1141 2717 1463 2795; x_wconf 67' lang='lat' dir='ltr'>exercitationibus</span> <span class='ocrx_word' id='word_1_165' title='bbox 1484 2727 1522 2780; x_wconf 94' lang='lat' dir='ltr'>ut</span> <span class='ocrx_word' id='word_1_166' title='bbox 1542 2717 1605 2780; x_wconf 85' lang='lat' dir='ltr'>vix</span> 
     </span>
     <span class='ocr_line' id='line_1_23' title="bbox 378 2825 1605 2906; baseline -0.002 -17"><span class='ocrx_word' id='word_1_167' title='bbox 378 2827 543 2889; x_wconf 92' lang='lat' dir='ltr'>solatium</span> <span class='ocrx_word' id='word_1_168' title='bbox 559 2827 668 2889; x_wconf 92' lang='lat' dir='ltr'>ullum</span> <span class='ocrx_word' id='word_1_169' title='bbox 683 2827 897 2906; x_wconf 89' lang='lat' dir='ltr'>acciperent,</span> <span class='ocrx_word' id='word_1_170' title='bbox 914 2827 983 2889; x_wconf 90' lang='lat' dir='ltr'>nisi</span> <span class='ocrx_word' id='word_1_171' title='bbox 997 2827 1056 2888; x_wconf 91' lang='lat' dir='ltr'>vel</span> <span class='ocrx_word' id='word_1_172' title='bbox 1067 2843 1149 2889; x_wconf 89' lang='lat' dir='ltr'>cum</span> <span class='ocrx_word' id='word_1_173' title='bbox 1160 2825 1197 2888; x_wconf 93' lang='lat' dir='ltr'>in</span> <span class='ocrx_word' id='word_1_174' title='bbox 1211 2826 1341 2905; x_wconf 92' lang='lat' dir='ltr'>templo</span> <span class='ocrx_word' id='word_1_175' title='bbox 1352 2834 1474 2887; x_wconf 91' lang='lat' dir='ltr'>nostro</span> <span class='ocrx_word' id='word_1_176' title='bbox 1487 2833 1605 2887; x_wconf 88' lang='lat' dir='ltr'>essent</span> 
     </span>
    </p>
   </div>
   <div class='ocr_carea' id='block_1_3' title="bbox 297 2932 1436 2997">
    <p class='ocr_par' dir='ltr' id='par_1_4' title="bbox 297 2932 1436 2997">
     <span class='ocr_line' id='line_1_24' title="bbox 297 2932 1436 2997; baseline -0.003 -1"><span class='ocrx_word' id='word_1_177' title='bbox 297 2983 301 2988; x_wconf 95' lang='lat'>.</span> <span class='ocrx_word' id='word_1_178' title='bbox 380 2935 436 2997; x_wconf 89' lang='lat' dir='ltr'>vel</span> <span class='ocrx_word' id='word_1_179' title='bbox 451 2934 682 2997; x_wconf 90' lang='lat' dir='ltr'>concionibus</span> <span class='ocrx_word' id='word_1_180' title='bbox 697 2943 759 2997; x_wconf 90' lang='lat' dir='ltr'>aut</span> <span class='ocrx_word' id='word_1_181' title='bbox 773 2934 984 2997; x_wconf 91' lang='lat' dir='ltr'>lectionibus</span> <span class='ocrx_word' id='word_1_182' title='bbox 999 2945 1200 2997; x_wconf 91' lang='lat' dir='ltr'>nostrorum</span> <span class='ocrx_word' id='word_1_183' title='bbox 1215 2932 1436 2995; x_wconf 89' lang='lat' dir='ltr'>interessent.</span> 
     </span>
    </p>
   </div>
   <div class='ocr_carea' id='block_1_4' title="bbox 303 3039 1670 4517">
    <p class='ocr_par' dir='ltr' id='par_1_5' title="bbox 303 3039 1670 4303">
     <span class='ocr_line' id='line_1_25' title="bbox 440 3039 1603 3121; baseline -0.002 -19"><span class='ocrx_word' id='word_1_184' title='bbox 440 3040 511 3103; x_wconf 83' lang='lat'>573.</span> <span class='ocrx_word' id='word_1_185' title='bbox 554 3040 771 3104; x_wconf 90' lang='lat' dir='ltr'>Fatebantur</span> <span class='ocrx_word' id='word_1_186' title='bbox 793 3049 910 3104; x_wconf 92' lang='lat' dir='ltr'>autem</span> <span class='ocrx_word' id='word_1_187' title='bbox 931 3041 1051 3121; x_wconf 91' lang='lat' dir='ltr'>aliqui,</span> <span class='ocrx_word' id='word_1_188' title='bbox 1074 3039 1310 3120; x_wconf 69' lang='lat' dir='ltr'>praeter‘hos</span> <span class='ocrx_word' id='word_1_189' title='bbox 1332 3056 1370 3102; x_wconf 92' lang='lat' dir='ltr'>se</span> <span class='ocrx_word' id='word_1_190' title='bbox 1389 3039 1457 3103; x_wconf 94' lang='lat' dir='ltr'>hoc</span> <span class='ocrx_word' id='word_1_191' title='bbox 1476 3039 1603 3102; x_wconf 90' lang='lat' dir='ltr'>debere</span> 
     </span>
     <span class='ocr_line' id='line_1_26' title="bbox 378 3145 1602 3229; baseline -0.002 -19"><span class='ocrx_word' id='word_1_192' title='bbox 378 3148 521 3226; x_wconf 93' lang='lat' dir='ltr'>nostris,</span> <span class='ocrx_word' id='word_1_193' title='bbox 534 3149 627 3229; x_wconf 92' lang='lat' dir='ltr'>quod</span> <span class='ocrx_word' id='word_1_194' title='bbox 638 3158 828 3228; x_wconf 89' lang='lat' dir='ltr'>postquam</span> <span class='ocrx_word' id='word_1_195' title='bbox 839 3165 961 3211; x_wconf 87' lang='lat' dir='ltr'>eorum</span> <span class='ocrx_word' id='word_1_196' title='bbox 976 3156 1166 3227; x_wconf 91' lang='lat' dir='ltr'>coeperant</span> <span class='ocrx_word' id='word_1_197' title='bbox 1176 3147 1346 3210; x_wconf 87' lang='lat' dir='ltr'>interesse</span> <span class='ocrx_word' id='word_1_198' title='bbox 1362 3145 1602 3224; x_wconf 91' lang='lat' dir='ltr'>concionibus,</span> 
     </span>
     <span class='ocr_line' id='line_1_27' title="bbox 303 3253 1604 3335; baseline -0.002 -17"><span class='ocrx_word' id='word_1_199' title='bbox 303 3257 305 3260; x_wconf 81' lang='grc'><strong>’</strong></span> <span class='ocrx_word' id='word_1_200' title='bbox 379 3273 398 3318; x_wconf 91' lang='lat' dir='ltr'>a</span> <span class='ocrx_word' id='word_1_201' title='bbox 426 3256 580 3319; x_wconf 91' lang='lat' dir='ltr'>tenebris</span> <span class='ocrx_word' id='word_1_202' title='bbox 606 3257 804 3318; x_wconf 88' lang='lat' dir='ltr'>vanitatum</span> <span class='ocrx_word' id='word_1_203' title='bbox 833 3263 868 3317; x_wconf 92' lang='lat' dir='ltr'>et</span> <span class='ocrx_word' id='word_1_204' title='bbox 893 3255 1072 3335; x_wconf 85' lang='lat' dir='ltr'>vitiorum,</span> <span class='ocrx_word' id='word_1_205' title='bbox 1097 3255 1224 3334; x_wconf 91' lang='lat' dir='ltr'>quibus</span> <span class='ocrx_word' id='word_1_206' title='bbox 1248 3263 1322 3316; x_wconf 91' lang='lat' dir='ltr'>tota</span> <span class='ocrx_word' id='word_1_207' title='bbox 1340 3253 1415 3316; x_wconf 87' lang='lat' dir='ltr'>vita</span> <span class='ocrx_word' id='word_1_208' title='bbox 1440 3262 1604 3316; x_wconf 87' lang='lat' dir='ltr'>anteacta</span> 
     </span>
     <span class='ocr_line' id='line_1_28' title="bbox 376 3361 1605 3443; baseline 0 -18"><span class='ocrx_word' id='word_1_209' title='bbox 376 3362 471 3443; x_wconf 90' lang='lat' dir='ltr'>pleni</span> <span class='ocrx_word' id='word_1_210' title='bbox 496 3363 646 3440; x_wconf 91' lang='lat' dir='ltr'>fuerant,</span> <span class='ocrx_word' id='word_1_211' title='bbox 669 3364 904 3440; x_wconf 91' lang='lat' dir='ltr'>emersissent,</span> <span class='ocrx_word' id='word_1_212' title='bbox 928 3373 962 3426; x_wconf 86' lang='lat' dir='ltr'>et</span> <span class='ocrx_word' id='word_1_213' title='bbox 980 3372 1065 3425; x_wconf 91' lang='lat' dir='ltr'>tunc</span> <span class='ocrx_word' id='word_1_214' title='bbox 1085 3361 1227 3426; x_wconf 90' lang='lat' dir='ltr'>demum</span> <span class='ocrx_word' id='word_1_215' title='bbox 1246 3362 1428 3442; x_wconf 88' lang='lat' dir='ltr'>coeperint</span> <span class='ocrx_word' id='word_1_216' title='bbox 1450 3361 1605 3441; x_wconf 86' lang='lat' dir='ltr'>experiri</span> 
     </span>
     <span class='ocr_line' id='line_1_29' title="bbox 376 3467 1602 3550; baseline -0.001 -18"><span class='ocrx_word' id='word_1_217' title='bbox 376 3469 459 3550; x_wconf 93' lang='lat' dir='ltr'>quid</span> <span class='ocrx_word' id='word_1_218' title='bbox 475 3479 567 3533; x_wconf 91' lang='lat' dir='ltr'>esset</span> <span class='ocrx_word' id='word_1_219' title='bbox 582 3488 665 3533; x_wconf 89' lang='lat' dir='ltr'>vere</span> <span class='ocrx_word' id='word_1_220' title='bbox 682 3471 914 3534; x_wconf 88' lang='lat' dir='ltr'>christianum</span> <span class='ocrx_word' id='word_1_221' title='bbox 929 3487 1017 3533; x_wconf 91' lang='lat' dir='ltr'>esse.</span> <span class='ocrx_word' id='word_1_222' title='bbox 1036 3467 1221 3549; x_wconf 88' lang='lat' dir='ltr'>Quaedam</span> <span class='ocrx_word' id='word_1_223' title='bbox 1240 3477 1316 3532; x_wconf 90' lang='lat' dir='ltr'>erat</span> <span class='ocrx_word' id='word_1_224' title='bbox 1337 3469 1429 3531; x_wconf 91' lang='lat' dir='ltr'>inter</span> <span class='ocrx_word' id='word_1_225' title='bbox 1449 3469 1515 3532; x_wconf 94' lang='lat' dir='ltr'>hos</span> <span class='ocrx_word' id='word_1_226' title='bbox 1529 3486 1602 3531; x_wconf 93' lang='lat' dir='ltr'>mu·</span> 
     </span>
     <span class='ocr_line' id='line_1_30' title="bbox 377 3576 1602 3658; baseline -0.002 -18"><span class='ocrx_word' id='word_1_227' title='bbox 377 3578 452 3652; x_wconf 93' lang='lat' dir='ltr'>lier,</span> <span class='ocrx_word' id='word_1_228' title='bbox 466 3578 693 3641; x_wconf 90' lang='lat' dir='ltr'>concionibus</span> <span class='ocrx_word' id='word_1_229' title='bbox 705 3579 751 3641; x_wconf 92' lang='lat' dir='ltr'>ad</span> <span class='ocrx_word' id='word_1_230' title='bbox 763 3579 859 3641; x_wconf 89' lang='lat' dir='ltr'>viam</span> <span class='ocrx_word' id='word_1_231' title='bbox 871 3578 995 3640; x_wconf 89' lang='lat' dir='ltr'>salutis</span> <span class='ocrx_word' id='word_1_232' title='bbox 1010 3594 1196 3654; x_wconf 89' lang='lat' dir='ltr'>conversa,</span> <span class='ocrx_word' id='word_1_233' title='bbox 1211 3593 1321 3657; x_wconf 90' lang='lat' dir='ltr'>usque</span> <span class='ocrx_word' id='word_1_234' title='bbox 1333 3576 1422 3640; x_wconf 91' lang='lat' dir='ltr'>adeo</span> <span class='ocrx_word' id='word_1_235' title='bbox 1434 3577 1602 3658; x_wconf 87' lang='lat' dir='ltr'>lacrymis</span> 
     </span>
     <span class='ocr_line' id='line_1_31' title="bbox 377 3685 1601 3765; baseline 0 -17"><span class='ocrx_word' id='word_1_236' title='bbox 377 3694 411 3748; x_wconf 90' lang='lat' dir='ltr'>et</span> <span class='ocrx_word' id='word_1_237' title='bbox 425 3685 661 3764; x_wconf 87' lang='lat' dir='ltr'>poenitentiae</span> <span class='ocrx_word' id='word_1_238' title='bbox 677 3686 807 3764; x_wconf 90' lang='lat' dir='ltr'>dedita,</span> <span class='ocrx_word' id='word_1_239' title='bbox 822 3697 860 3748; x_wconf 91' lang='lat' dir='ltr'>ut</span> <span class='ocrx_word' id='word_1_240' title='bbox 873 3687 950 3748; x_wconf 89' lang='lat' dir='ltr'>sive</span> <span class='ocrx_word' id='word_1_241' title='bbox 962 3686 1182 3748; x_wconf 89' lang='lat' dir='ltr'>manducans</span> <span class='ocrx_word' id='word_1_242' title='bbox 1193 3686 1269 3747; x_wconf 88' lang='lat' dir='ltr'>sive</span> <span class='ocrx_word' id='word_1_243' title='bbox 1280 3685 1403 3747; x_wconf 91' lang='lat' dir='ltr'>bibens</span> <span class='ocrx_word' id='word_1_244' title='bbox 1417 3685 1493 3747; x_wconf 90' lang='lat' dir='ltr'>sive</span> <span class='ocrx_word' id='word_1_245' title='bbox 1505 3685 1601 3765; x_wconf 90' lang='lat' dir='ltr'>quid-</span> 
     </span>
     <span class='ocr_line' id='line_1_32' title="bbox 376 3791 1601 3873; baseline 0.002 -19"><span class='ocrx_word' id='word_1_246' title='bbox 376 3809 482 3871; x_wconf 92' lang='lat' dir='ltr'>quam</span> <span class='ocrx_word' id='word_1_247' title='bbox 507 3792 602 3855; x_wconf 90' lang='lat' dir='ltr'>aliud</span> <span class='ocrx_word' id='word_1_248' title='bbox 627 3809 738 3871; x_wconf 84' lang='lat' dir='ltr'>agens</span> <span class='ocrx_word' id='word_1_249' title='bbox 767 3811 905 3872; x_wconf 89' lang='lat' dir='ltr'>semper</span> <span class='ocrx_word' id='word_1_250' title='bbox 931 3809 996 3856; x_wconf 89' lang='lat' dir='ltr'>sua</span> <span class='ocrx_word' id='word_1_251' title='bbox 1022 3792 1165 3856; x_wconf 84' lang='lat' dir='ltr'>defleret</span> <span class='ocrx_word' id='word_1_252' title='bbox 1190 3801 1339 3872; x_wconf 87' lang='lat' dir='ltr'>peccata</span> <span class='ocrx_word' id='word_1_253' title='bbox 1363 3802 1509 3873; x_wconf 90' lang='lat' dir='ltr'>propter</span> <span class='ocrx_word' id='word_1_254' title='bbox 1533 3791 1601 3856; x_wconf 91' lang='lat' dir='ltr'>Dei</span> 
     </span>
     <span class='ocr_line' id='line_1_33' title="bbox 376 3898 1601 3980; baseline 0 -18"><span class='ocrx_word' id='word_1_255' title='bbox 376 3898 558 3978; x_wconf 84' lang='lat' dir='ltr'>offensam,</span> <span class='ocrx_word' id='word_1_256' title='bbox 576 3909 609 3962; x_wconf 89' lang='lat' dir='ltr'>et</span> <span class='ocrx_word' id='word_1_257' title='bbox 629 3909 772 3980; x_wconf 86' lang='lat' dir='ltr'>propter</span> <span class='ocrx_word' id='word_1_258' title='bbox 793 3899 916 3963; x_wconf 88' lang='lat' dir='ltr'>eadem</span> <span class='ocrx_word' id='word_1_259' title='bbox 936 3917 1066 3980; x_wconf 90' lang='lat' dir='ltr'>corpus</span> <span class='ocrx_word' id='word_1_260' title='bbox 1084 3907 1283 3968; x_wconf 90' lang='lat' dir='ltr'>maceraret</span> <span class='ocrx_word' id='word_1_261' title='bbox 1298 3907 1333 3962; x_wconf 90' lang='lat' dir='ltr'>et</span> <span class='ocrx_word' id='word_1_262' title='bbox 1346 3900 1420 3962; x_wconf 91' lang='lat' dir='ltr'>suis</span> <span class='ocrx_word' id='word_1_263' title='bbox 1439 3900 1601 3963; x_wconf 89' lang='lat' dir='ltr'>manibus</span> 
     </span>
     <span class='ocr_line' id='line_1_34' title="bbox 376 3985 1670 4087; baseline 0.001 -18"><span class='ocrx_word' id='word_1_264' title='bbox 376 4007 509 4070; x_wconf 90' lang='lat' dir='ltr'>victum</span> <span class='ocrx_word' id='word_1_265' title='bbox 524 4007 752 4087; x_wconf 83' lang='lat' dir='ltr'>quaeritaret;</span> <span class='ocrx_word' id='word_1_266' title='bbox 765 4009 874 4070; x_wconf 90' lang='lat' dir='ltr'>multa</span> <span class='ocrx_word' id='word_1_267' title='bbox 889 4008 1057 4070; x_wconf 90' lang='lat' dir='ltr'>tamenin</span> <span class='ocrx_word' id='word_1_268' title='bbox 1072 4007 1335 4087; x_wconf 91' lang='lat' dir='ltr'>eleemosynam</span> <span class='ocrx_word' id='word_1_269' title='bbox 1350 4007 1599 4087; x_wconf 86' lang='lat' dir='ltr'>elargiebatur,</span> <span class='ocrx_word' id='word_1_270' title='bbox 1663 3985 1670 3999; x_wconf 59' lang='lat'><em>⁰</em></span> 
     </span>
     <span class='ocr_line' id='line_1_35' title="bbox 375 4113 1603 4199; baseline 0.002 -23"><span class='ocrx_word' id='word_1_271' title='bbox 375 4131 418 4176; x_wconf 91' lang='lat' dir='ltr'>ea</span> <span class='ocrx_word' id='word_1_272' title='bbox 438 4114 503 4177; x_wconf 92' lang='lat' dir='ltr'>sibi</span> <span class='ocrx_word' id='word_1_273' title='bbox 526 4114 785 4194; x_wconf 92' lang='lat' dir='ltr'>quodammodo</span> <span class='ocrx_word' id='word_1_274' title='bbox 809 4133 853 4178; x_wconf 87' lang='lat' dir='ltr'>ex</span> <span class='ocrx_word' id='word_1_275' title='bbox 873 4131 935 4177; x_wconf 91' lang='lat' dir='ltr'>ore</span> <span class='ocrx_word' id='word_1_276' title='bbox 953 4114 1119 4177; x_wconf 90' lang='lat' dir='ltr'>auferens</span> <span class='ocrx_word' id='word_1_277' title='bbox 1138 4123 1174 4177; x_wconf 91' lang='lat' dir='ltr'>et</span> <span class='ocrx_word' id='word_1_278' title='bbox 1196 4113 1459 4194; x_wconf 91' lang='lat' dir='ltr'>sapidissimum</span> <span class='ocrx_word' id='word_1_279' title='bbox 1473 4131 1603 4199; x_wconf 87' lang='lat' dir='ltr'>panem</span> 
     </span>
     <span class='ocr_line' id='line_1_36' title="bbox 375 4221 1076 4303; baseline 0 -19"><span class='ocrx_word' id='word_1_280' title='bbox 375 4222 583 4285; x_wconf 85' lang='lat' dir='ltr'>existimans</span> <span class='ocrx_word' id='word_1_281' title='bbox 596 4240 661 4302; x_wconf 90' lang='lat' dir='ltr'>pro</span> <span class='ocrx_word' id='word_1_282' title='bbox 677 4221 820 4287; x_wconf 88' lang='lat' dir='ltr'>Christo</span> <span class='ocrx_word' id='word_1_283' title='bbox 836 4241 959 4286; x_wconf 88' lang='lat' dir='ltr'>carere</span> <span class='ocrx_word' id='word_1_284' title='bbox 972 4239 1076 4303; x_wconf 92' lang='lat' dir='ltr'>pane.</span> 
     </span>
    </p>

    <p class='ocr_par' dir='ltr' id='par_1_6' title="bbox 374 4329 1602 4517">
     <span class='ocr_line' id='line_1_37' title="bbox 433 4329 1602 4410; baseline 0.001 -19"><span class='ocrx_word' id='word_1_285' title='bbox 433 4329 503 4392; x_wconf 88' lang='grc'>574.</span> <span class='ocrx_word' id='word_1_286' title='bbox 547 4329 727 4393; x_wconf 89' lang='lat' dir='ltr'>Exercitia</span> <span class='ocrx_word' id='word_1_287' title='bbox 751 4330 950 4409; x_wconf 90' lang='lat' dir='ltr'>spiritualia</span> <span class='ocrx_word' id='word_1_288' title='bbox 978 4331 1103 4393; x_wconf 89' lang='lat' dir='ltr'>crebro</span> <span class='ocrx_word' id='word_1_289' title='bbox 1123 4329 1178 4392; x_wconf 93' lang='lat' dir='ltr'>his</span> <span class='ocrx_word' id='word_1_290' title='bbox 1205 4337 1310 4410; x_wconf 90' lang='lat' dir='ltr'>atque</span> <span class='ocrx_word' id='word_1_291' title='bbox 1335 4329 1404 4392; x_wconf 88' lang='lat' dir='ltr'>illis</span> <span class='ocrx_word' id='word_1_292' title='bbox 1430 4346 1602 4410; x_wconf 88' lang='lat' dir='ltr'>propone-</span> 
     </span>
     <span class='ocr_line' id='line_1_38' title="bbox 374 4434 1601 4517; baseline 0.001 -18"><span class='ocrx_word' id='word_1_293' title='bbox 374 4436 515 4517; x_wconf 89' lang='lat' dir='ltr'>bantur;</span> <span class='ocrx_word' id='word_1_294' title='bbox 532 4437 567 4499; x_wconf 91' lang='lat' dir='ltr'>in</span> <span class='ocrx_word' id='word_1_295' title='bbox 587 4437 638 4500; x_wconf 93' lang='lat' dir='ltr'>eis</span> <span class='ocrx_word' id='word_1_296' title='bbox 658 4447 775 4500; x_wconf 92' lang='lat' dir='ltr'>autem</span> <span class='ocrx_word' id='word_1_297' title='bbox 800 4455 838 4500; x_wconf 90' lang='lat' dir='ltr'>se</span> <span class='ocrx_word' id='word_1_298' title='bbox 863 4438 1021 4500; x_wconf 84' lang='lat' dir='ltr'>exercuit</span> <span class='ocrx_word' id='word_1_299' title='bbox 1046 4434 1171 4500; x_wconf 89' lang='lat' dir='ltr'>Petrus</span> <span class='ocrx_word' id='word_1_300' title='bbox 1195 4437 1252 4500; x_wconf 92' lang='lat' dir='ltr'>ille</span> <span class='ocrx_word' id='word_1_301' title='bbox 1278 4437 1370 4500; x_wconf 90' lang='lat' dir='ltr'>dela</span> <span class='ocrx_word' id='word_1_302' title='bbox 1394 4435 1506 4500; x_wconf 90' lang='lat' dir='ltr'>Torre</span> <span class='ocrx_word' id='word_1_303' title='bbox 1522 4435 1543 4517; x_wconf 88' lang='lat'>¹,</span> <span class='ocrx_word' id='word_1_304' title='bbox 1567 4446 1601 4500; x_wconf 91' lang='lat' dir='ltr'>et</span> 
     </span>
    </p>
   </div>
   <div class='ocr_carea' id='block_1_5' title="bbox 415 4678 831 4736">
    <p class='ocr_par' dir='ltr' id='par_1_7' title="bbox 415 4678 831 4736">
     <span class='ocr_line' id='line_1_39' title="bbox 415 4678 831 4736; baseline 0.007 -15"><span class='ocrx_word' id='word_1_305' title='bbox 415 4678 424 4712; x_wconf 90' lang='lat'>¹</span> <span class='ocrx_word' id='word_1_306' title='bbox 453 4679 517 4723; x_wconf 85' lang='lat' dir='ltr'>Vide</span> <span class='ocrx_word' id='word_1_307' title='bbox 526 4690 682 4735; x_wconf 73' lang='lat' dir='ltr'>supra,pag.</span> <span class='ocrx_word' id='word_1_308' title='bbox 695 4679 741 4736; x_wconf 83' lang='lat'>153,</span> <span class='ocrx_word' id='word_1_309' title='bbox 752 4680 831 4725; x_wconf 81' lang='lat' dir='ltr'>n.567.</span> 
     </span>
    </p>
   </div>
   <div class='ocr_carea' id='block_1_6' title="bbox 0 0 1826 5350">
    <p class='ocr_par' dir='ltr' id='par_1_8' title="bbox 0 0 1826 5350">
     <span class='ocr_line' id='line_1_40' title="bbox 0 0 1826 5350; baseline 0 3"><span class='ocrx_word' id='word_1_310' title='bbox 0 0 1826 5350; x_wconf 95' lang='lat' dir='ltr'> </span> 
     </span>
    </p>
   </div>
  </div>
 </body>
</html>
