3642 5350
354 419 410 481 668
811 418 939 480 Canon.
959 419 1035 482 Soc.
1054 421 1124 495 Jns.

354 566 492 632 stianae
507 568 691 633 doctrinae
705 568 985 648 instructionem
1002 567 1065 632 sed
1079 567 1159 631 aliis
1170 567 1277 632 etiarn
1292 567 1459 648 operibus
1471 569 1578 649 pieta·

353 677 411 755 tis,
427 693 509 740 cum
523 676 688 756 vacabat,
704 677 819 740 nostri
833 676 967 741 dabant
987 692 1145 756 operam.

410 782 502 848 2870.
545 783 745 849 Dominicis
758 801 801 848 ac
815 783 916 848 festis
930 783 1054 848 diebus
1068 784 1199 865 partim
1213 783 1249 848 in
1260 782 1430 864 Collegio‚
1447 783 1576 865 partim

351 892 431 957 aliis
444 893 481 956 in
495 893 635 974 templis
649 890 754 956 Pater
767 891 842 973 ipse
856 891 1092 956 Prouincialis
1106 908 1188 955 cum
1205 890 1381 972 frequenti
1400 889 1575 954 auditorio

351 1010 387 1064 et
400 1016 533 1081 magna
547 1001 703 1065 omnium
716 999 961 1064 satisfactione
976 999 1264 1064 concionabatur.
1286 997 1371 1062 Post
1394 997 1575 1062 meridiem

351 1118 481 1187 autem,
494 1125 574 1173 cum
585 1105 751 1189 frequens
762 1107 912 1187 populus
924 1106 970 1170 ad
982 1106 1197 1171 christianae
1212 1105 1395 1169 doctrinae
1406 1105 1576 1169 lectiones

351 1215 553 1294 conflueret,
570 1232 678 1296 aegre
692 1214 883 1279 admodum
897 1213 1059 1279 ferebant
1074 1215 1239 1278 mulieres
1250 1212 1344 1294 quod
1359 1213 1444 1293 ipsis
1459 1229 1577 1276 acces·

350 1338 412 1386 sus
426 1323 472 1386 ad
487 1323 634 1386 verbum
648 1321 717 1386 Dei
732 1322 946 1386 audiendum
957 1339 1028 1386 non
1040 1330 1188 1402 pateret;
1203 1320 1266 1384 sed
1277 1322 1370 1385 ratio
1381 1320 1577 1384 honestatis

349 1426 385 1491 id
397 1446 470 1492 non
484 1428 632 1511 ferebat;
648 1445 728 1494 cum
755 1430 790 1493 in
817 1429 970 1510 quadam
987 1445 1072 1492 area
1087 1427 1236 1506 Collegii
1250 1427 1444 1491 christiana
1460 1425 1573 1508 hujus·

350 1535 444 1600 modi
459 1536 621 1601 doctrina
646 1538 844 1610 doceretur,
869 1553 961 1617 qnae
986 1536 1069 1600 licet
1093 1536 1181 1600 satis
1205 1552 1320 1616 capax
1346 1543 1450 1613 esset,
1477 1534 1575 1598 viros

349 1653 467 1708 tamen
483 1661 568 1725 prae
581 1643 778 1724 frequentia
798 1661 927 1725 capere
947 1660 1018 1707 non
1039 1651 1195 1724 poterat,
1215 1642 1308 1706 unde
1325 1659 1450 1706 eorum
1465 1642 1572 1723 aliqui

347 1750 394 1815 ad
408 1752 610 1832 superiores
623 1760 745 1832 partes
758 1751 895 1830 domus,
910 1749 1077 1815 audiendi
1092 1750 1221 1830 gratia
1237 1749 1486 1813 ascendebant.

406 1857 497 1922 2871.
541 1857 704 1940 Quinque
718 1857 922 1924 sacerdotes
936 1859 972 1922 in
991 1858 1148 1938 Collegio
1168 1867 1285 1937 erant,
1301 1857 1359 1939 qui
1375 1875 1498 1922 omnes
1511 1858 1569 1922 do-

348 1965 486 2030 minicis
514 1983 556 2030 ac
580 1966 681 2030 festis
705 1965 828 2030 diebus
852 1965 1095 2030 confessiones
1124 1965 1341 2029 venientium
1367 1965 1567 2045 audiebant;

346 2072 512 2153 profestis
525 2082 645 2137 autern
658 2073 782 2138 diebus
795 2090 887 2138 nnus
902 2082 963 2138 aut
978 2076 1066 2137 alter
1086 2073 1122 2138 in
1141 2090 1183 2136 eo
1203 2073 1399 2137 ministerio
1420 2079 1568 2154 occupa·

347 2179 463 2259 batur,
478 2189 514 2245 et
527 2180 590 2244 vix
603 2180 827 2245 scholasticis
841 2180 1027 2245 audiendis
1046 2179 1274 2244 sufficiebant.

405 2285 497 2351 2872.
541 2286 630 2352 Cum
643 2295 762 2352 autem
784 2288 940 2368 gratiam
954 2286 1100 2370 jubilaei
1121 2288 1186 2352 sub
1205 2287 1310 2351 linem
1337 2289 1421 2351 anni
1435 2296 1569 2368 praete·

346 2393 404 2458 riti
418 2392 604 2460 Cordubae
617 2395 742 2460 fuisset
756 2396 995 2478 promulgata,
1013 2393 1092 2477 plus
1106 2413 1212 2477 quam
1233 2394 1375 2459 ducenti
1389 2396 1425 2459 in
1439 2397 1570 2461 sacello

345 2499 494 2583 Collegii
508 2503 826 2583 communicarunt,
842 2499 878 2568 et'
896 2488 1038 2585 praeter
1055 2502 1121 2568 hos
1141 2503 1201 2566 alii
1224 2503 1325 2567 multi
1345 2502 1475 2567 nostris
1490 2521 1568 2568 con·

344 2608 441 2690 fessi,
456 2609 719 2676 Eucharistiam
738 2619 968 2693 acceperunt;
990 2618 1025 2676 et
1045 2610 1201 2693 oportuit
1215 2619 1254 2675 ut
1272 2609 1376 2675 Pater
1398 2610 1474 2694 ipse
1490 2610 1570 2677 Pro·

343 2717 509 2783 vincialis
522 2726 558 2782 et
570 2719 728 2783 novitius
742 2717 805 2783 Dr.
822 2718 961 2784 Madrid
984 2717 993 2751 ¹
1013 2728 1047 2783 et
1066 2720 1218 2783 lectores
1236 2718 1450 2799 scholarum,
1466 2720 1567 2785 omis·

344 2826 395 2891 sis
413 2824 644 2905 lectionibus,
670 2825 716 2890 ad
741 2827 887 2890 multam
912 2834 1052 2890 noctem
1077 2825 1357 2891 confessionibus
1385 2825 1568 2891 audiendis

342 2942 514 2997 vacarent
527 2930 549 2995 ¹.

402 3038 493 3104 2873.
536 3038 608 3105 Sub
622 3040 762 3105 initium
776 3040 880 3123 hujus
894 3042 995 3118 anni,
1012 3042 1047 3106 id
1062 3052 1133 3120 est,
1149 3042 1185 3105 in
1204 3039 1327 3121 vigilia
1347 3039 1484 3105 Natalis
1498 3039 1568 3106 Do·

342 3148 439 3226 mini,
461 3148 644 3212 canonicis
669 3156 704 3212 et
724 3148 864 3213 clericis
888 3147 1111 3214 cathedralis
1136 3150 1309 3213 ecclesiae
1334 3148 1568 3213 concionatus

340 3262 394 3318 est
408 3252 446 3317 P.
472 3254 713 3334 Bustamante;
730 3264 764 3320 et
779 3264 927 3336 rogatus
952 3265 1006 3319 est
1028 3264 1065 3320 ut
1087 3256 1194 3319 etiam
1209 3255 1265 3320 die
1287 3255 1508 3336 Epiphaniae
1522 3255 1568 3320 ad

340 3362 494 3441 eosdem,
510 3363 601 3427 inter
614 3380 654 3427 se
668 3361 908 3445 pacificandos
923 3371 958 3427 et
972 3362 1265 3441 reconciliandos,
1282 3344 1565 3426 concionaretur.

341 3469 533 3534 Acciderat
546 3471 651 3551 paulo
666 3479 759 3548 ante,
776 3487 856 3535 cum
873 3469 1085 3534 offendiculo
1102 3487 1173 3534 non
1187 3471 1259 3534 levi
1278 3470 1410 3551 populi,
1427 3480 1465 3535 ut
1486 3487 1567 3535 cum

339 3576 482 3658 quidam
496 3577 651 3656 dignitas
677 3577 900 3658 (Magistrum
916 3578 1059 3642 scholae
1077 3580 1220 3654 vocant)
1237 3578 1411 3658 capellam
1432 3579 1565 3658 magni·

340 3684 444 3749 licam
458 3664 623 3762 strueret,
638 3694 743 3749 nocte
757 3685 912 3765 quadam
931 3685 1143 3764 dirueretur,
1159 3684 1266 3766 (quod
1285 3685 1455 3765 Episcopi
1465 3682 1564 3765 jussu

337 3791 471 3856 factum
495 3800 583 3870 erat,
601 3792 765 3872 quamvis
790 3794 866 3873 ipse
879 3792 1059 3872 negabat),
1076 3803 1111 3856 et
1131 3810 1212 3857 cum
1233 3792 1445 3857 detrimento
1471 3792 1565 3856 mille

338 3898 558 3979 ducatorum;
571 3899 633 3963 sed
647 3908 765 3964 tamen
780 3899 952 3981 Magister
967 3901 1112 3965 scholae
1127 3918 1177 3979 se,
1193 3909 1232 3963 ut
1258 3899 1493 3965 christianum
1507 3900 1563 3965 de-

339 4006 453 4087 cebat,
470 4004 531 4090 [id]
547 4009 639 4071 ferre
654 4007 859 4086 ostendens,
876 4025 957 4071 cum
977 4008 1169 4072 multorum
1184 4006 1427 4072 aedificatione
1443 4007 1498 4073 die
1513 4025 1565 4073 se·

338 4115 458 4196 quenti
473 4113 619 4179 Missam
633 4116 773 4197 publice
789 4114 993 4179 celebravit.

396 4220 487 4286 2874.
531 4220 576 4285 D.
592 4222 749 4305 Joannes
764 4222 806 4285 de
821 4221 986 4286 Cordoha
999 4221 1010 4254 ⁸
1022 4222 1281 4288 confessionem
1292 4224 1496 4303 generalem
1508 4224 1565 4288 vel

377 4465 386 4499 l
415 4464 445 4509 Ρ.
454 4464 583 4508 Antonius
592 4463 702 4509 Madrld.

376 4536 389 4569 θ
414 4535 742 4582 Μιυαεαηᾰιῠκονκηι.

375 4606 388 4639 ⁸
412 4606 534 4653 Decanno
543 4607 669 4653 ecclesiae
678 4609 847 4654 cordubensis
856 4613 883 4653 el
892 4608 1034 4655 Societatis
1045 4610 1154 4665 collegii
1165 4610 1295 4656 fundator.
1311 4609 1432 4655 Litterae
1442 4609 1562 4663 Quadri·

337 4682 462 4733 metiret,
470 4686 490 4725 t.
499 4690 537 4734 rr,
547 4690 608 4735 pag.
618 4679 667 4735 ab,
677 4685 704 4725 et
714 4680 776 4725 alibi
787 4680 947 4735 saepissime.
