3642 5350
859 363 924 422 Au.
945 362 1015 422 1556
1532 365 1550 422 7

310 512 509 576 obtulerint
535 529 616 575 cum
641 507 749 575 nobili
776 509 930 592 quadam
954 510 1105 588 virgine,
1133 510 1296 591 quamvis
1325 509 1383 572 ille
1407 518 1549 590 praeter

317 619 583 700 praefecturam
599 618 688 682 alios
702 619 810 682 etiam
821 616 955 680 reditus
967 634 988 678 a
1000 615 1206 680 Marchione
1218 614 1344 702 Vallis,
1357 624 1459 695 patre
1470 634 1547 694 suo,

314 735 518 806 acceperat.
539 725 584 789 Et
610 725 740 807 alioqui
761 740 914 803 magnae
934 723 1192 802 expectationis
1210 723 1247 786 in
1267 741 1306 786 re
1325 722 1469 786 militari
1488 722 1550 786 ha·

315 833 479 896 bebatur.
979 909 981 913 ¹

379 940 409 1002 9.
452 938 532 1002 Fuit
548 947 667 1002 autem
682 935 758 1016 eJus
772 937 955 1016 ingressus
970 936 1206 1017 neapolitanis
1220 952 1373 1016 magnae
1388 935 1549 1000 aedifica·

317 1045 427 1109 tionis
443 1041 503 1125 [et]
519 1045 575 1108 his
589 1045 697 1109 etiam
712 1044 771 1125 qui
786 1020 924 1106 Romae
935 1043 1189 1117 versabantur;
1207 1052 1242 1106 et
1254 1026 1304 1106 ita
1315 1041 1441 1107 Comes
1453 1041 1550 1105 Mon·

317 1153 413 1229 torii,
430 1151 489 1231 qui
505 1161 589 1215 tunc
604 1147 864 1214 etiam'Paliani
878 1147 963 1212 Dux
984 1146 992 1179 ¹
1014 1147 1209 1227 dicebatur,
1231 1149 1277 1212 ad
1296 1165 1377 1212 eum
1398 1149 1549 1212 invisen-

316 1259 405 1322 dum
432 1257 587 1322 Domum
615 1265 775 1321 nostram
804 1255 901 1319 venit
934 1272 1015 1318 cum
1044 1256 1122 1318 aliis
1149 1256 1347 1335 nobilibus,
1382 1256 1441 1335 qui
1469 1273 1550 1319 eum

318 1373 487 1446 nepotem
509 1357 690 1429 Pontilicis¹
714 1363 986 1427 comitabantur.
1006 1360 1224 1426 inserviebat
1245 1380 1286 1426 eo
1311 1373 1470 1443 tempore
1492 1381 1549 1426 cu-

313 1472 411 1535 linae
426 1470 600 1536 Dominus
614 1471 782 1554 Joannes3
799 1470 910 1549 etita,
927 1479 1098 1532 evocatus
1112 1469 1158 1532 ad
1173 1469 1392 1550 praedictum
1410 1468 1549 1534 Ducem

319 1577 469 1658 Paliani,
485 1587 591 1658 prout
606 1592 683 1641 erat
694 1577 921 1658 praecinctus
933 1575 1041 1638 linteo
1053 1591 1219 1654 egressus
1234 1585 1299 1655 est;
1312 1585 1346 1640 et
1358 1577 1407 1640 ita
1419 1574 1502 1639 Dux
1513 1577 1549 1640 in

315 1683 398 1764 ejus
422 1685 625 1764 amplexum
650 1684 754 1748 irruit
779 1700 861 1746 cum
885 1699 1024 1744 summa
1051 1681 1313 1757 aedificatione,
1344 1681 1549 1762 praeferens

317 1789 395 1870 ejus
410 1801 553 1870 statum,
570 1790 678 1854 etiam
693 1807 775 1854 cum
789 1789 928 1852 culinae
943 1787 1170 1868 inserviebat,
1192 1789 1399 1869 quorumvis
1418 1787 1550 1852 Princi-

314 1916 403 1979 pum
418 1897 649 1979 dignitatibus
663 1895 685 1958 ⁹.
1489 1962 1497 1990 Ι

381 2004 428 2068 10.
471 2005 629 2069 Admissi
644 2006 751 2069 etiam
766 2005 858 2068 inter
874 2006 965 2070 alios
979 2007 1047 2068 hoc
1062 2021 1155 2068 anno
1174 2003 1316 2067 suerunt
1331 2003 1401 2066 duo
1415 2002 1546 2066 iratres

316 2112 464 2176 Domini
482 2111 600 2176 Fulvii
618 2110 797 2191 Androtii,
817 2111 1029 2175 Hortensius
1044 2120 1078 2174 et
1103 2110 1246 2174 Curtius
1258 2093 1284 2189 ³,
1305 2110 1415 2173 etalii
1443 2110 1548 2191 pluri·

318 2220 368 2283 mi
386 2218 410 2299 ⁴,
434 2219 627 2300 exquibus
651 2217 747 2298 Mag.
774 2218 931 2300 Joannes
955 2218 1140 2282 Tristanus
1161 2227 1357 2297 opportune
1382 2217 1429 2281 ad
1456 2217 1547 2280 aedi·

318 2326 398 2390 ficia
413 2324 601 2390 Societatis
614 2324 858 2406 promovenda
875 2325 1008 2388 Romae
1024 2325 1199 2388 admissus
1211 2334 1264 2387 est
1275 2320 1299 2402 ⁵3
1315 2324 1410 2387 etita
1426 2341 1546 2388 mense

315 2432 411 2512 Majo
426 2433 519 2496 ultra
533 2432 760 2513 septuaginta
776 2432 811 2494 in
827 2429 943 2494 Domo
958 2431 1182 2495 Probationis
1197 2441 1310 2493 erant.

379 2540 426 2603 ll.
469 2538 758 2604 Concionabatur
774 2548 892 2601 autem
917 2555 1022 2602 mane
1041 2539 1079 2601 in
1097 2537 1228 2619 templo
1242 2548 1366 2601 nostro
1380 2537 1418 2601 P.
1435 2538 1545 2601 Bene·

310 2648 431 2711 dictus
446 2644 614 2726 Palmius;
641 2655 676 2709 et
695 2644 881 2725 apsandio
902 2641 1108 2726 Scripturae
1128 2644 1316 2709 lectionem
1334 2644 1542 2724 interpreta-

315 2755 420 2817 batur
435 2754 472 2817 P.
490 2752 635 2834 Laynez
650 2770 695 2816 ex
708 2751 859 2816 Actibus
873 2751 1138 2832 Apostolorum,
1155 2769 1236 2815 cum
1257 2768 1387 2831 magno
1407 2760 1441 2815 et
1462 2769 1544 2815 con·

311 2878 423 2925 cursu
438 2871 472 2924 et
487 2861 660 2941 applausu
674 2859 925 2940 primariorum
946 2859 1117 2937 virorum,
1138 2859 1230 2922 inter
1248 2876 1339 2939 quos
1359 2870 1462 2923 erant
1483 2860 1545 2921 ali-

308 2968 375 3049 qui
390 2966 609 3047 Cardinales;
626 2976 660 3029 et
676 2967 759 3047 quia
773 2965 1002 3030 confessariis
1018 2983 1060 3030 ac
1074 2966 1335 3046 poenitentibus
1353 2967 1454 3029 locus
1468 2984 1540 3030 non

356 3176 364 3206 ¹
392 3173 459 3217 Vide
467 3184 555 3228 supra.
565 3178 585 3217 t.
596 3185 622 3227 v,
632 3183 693 3227 pag.
704 3172 738 3226 at,
749 3172 813 3215 nisti.
824 3171 890 3217 Hinc
901 3171 1023 3216 discimus
1031 3172 1100 3216 huuc
1115 3171 1247 3216 Pontllicls
1261 3178 1381 3227 nepotem
1395 3183 1451 3217 esse
1467 3172 1544 3225 Joan-

308 3256 371 3289 nem
382 3238 521 3298 Carsilam,
532 3244 630 3289 Ducem
640 3244 670 3287 di
678 3243 804 3287 Palltano
813 3244 892 3287 hocce
903 3255 971 3287 anno
978 3250 1104 3289 creatum.
1114 3242 1209 3288 Confer
1218 3243 1312 3287 Cartas
1320 3245 1353 3289 de
1362 3244 1417 3287 San
1427 3244 1547 3298 lgnacm,

313 3325 333 3361 t.
342 3328 379 3371 ur,
389 3328 450 3371 pag.
460 3316 507 3371 110,
516 3324 602 3361 annot.
611 3317 632 3361 ³.

355 3388 367 3419 ⁵
395 3388 432 3432 De
439 3388 538 3441 Joanne
548 3389 614 3433 baec
624 3388 755 3433 scribebat
765 3386 883 3441 Ignatius
891 3386 919 3430 P.
930 3386 1081 3431 salmeroni:
1091 3386 1162 3430 “Don
1171 3386 1238 3439 Juan
1246 3386 1314 3431 enda
1321 3398 1382 3444 muy
1393 3388 1543 3441 negoelado.

304 3460 443 3504 nitriendo
453 3472 485 3503 en
496 3462 522 3503 la
534 3462 624 3505 cocina
633 3458 743 3514 d'espues
753 3460 784 3503 de
798 3460 880 3503 haber
890 3459 946 3503 sido
960 3459 1122 3511 examinatio,
1132 3471 1150 3514 y
1162 3459 1229 3503 leido
1243 3472 1261 3515 y
1271 3460 1418 3514 predicatio,
1430 3473 1448 3515 y
1462 3460 1545 3503 hecho

311 3533 336 3574 lo
348 3530 436 3573 demas
446 3541 495 3585 que
505 3540 533 3573 se
543 3540 601 3583 uss,
610 3542 628 3586 y
638 3530 706 3573 enda
715 3540 777 3586 moy
787 3528 924 3586 derecboy
934 3528 1090 3573 edilicstlvo.
1102 3528 1164 3573 Dios
1174 3530 1198 3573 le
1213 3529 1281 3574 lleve
1291 3531 1436 3583 adeunte...
1448 3528 1545 3574 Curias

310 3602 346 3645 rie
356 3600 412 3644 San
422 3600 542 3654 Ignacro,
552 3605 570 3646 t.
580 3612 616 3655 vr,
626 3611 686 3655 pag.
696 3600 745 3645 225.

352 3673 364 3706 ὅ
390 3672 458 3717 Vide
467 3684 556 3727 supra,
568 3680 586 3717 t.
598 3685 624 3727 v,
634 3684 695 3727 pag.
705 3673 741 3727 ts,
751 3685 776 3716 n.
786 3672 820 3718 80.
832 3672 870 3716 De
881 3671 1020 3716 Hortensio
1031 3678 1057 3716 et
1066 3670 1156 3716 Curtio
1166 3672 1232 3717 baec
1241 3674 1333 3717 scribit
1344 3671 1546 3717 Otrvssuusiis·

310 3754 410 3788 sanans
424 3743 465 3787 De
481 3744 571 3788 Rebus
590 3746 734 3789 societatis
747 3744 815 3799 Jesu
830 3744 1058 3797 Commentarius,
1072 3754 1129 3798 cup.
1144 3755 1180 3797 rx,
1194 3743 1210 3799 §
1223 3742 1245 3789 8:
1265 3736 1367 3789 “Secutl
1383 3751 1442 3789 sunt
1461 3745 1545 3799 ipsum

310 3816 350 3868 (Ρ.
359 3814 491 3868 Fulvium)
500 3817 550 3860 duo
561 3816 639 3871 ipsius
650 3816 757 3870 iratres,
772 3816 928 3860 Hortensius
939 3824 966 3859 et
981 3814 1087 3860 Curtius
1102 3816 1230 3869 Androtil,
1245 3817 1289 3872 qni
1304 3818 1330 3861 lu
1345 3818 1488 3861 ministerio
1502 3818 1546 3861 do·

304 3888 418 3931 ¹uretulcu
428 3888 518 3931 multis
527 3888 602 3933 annis
616 3888 716 3933 versati
731 3895 798 3940 sunt,
815 3876 858 3931 ille
873 3888 973 3940 Tiburi,
984 3887 1027 3933 hic
1040 3887 1187 3942 Medlolnnl,
1203 3888 1320 3933 omnibus
1334 3889 1475 3933 virtutibus
1489 3900 1545 3945 spe·

310 3960 444 4013 ctttbiles.„

350 4032 362 4063 ⁴
389 4031 459 4083 Qnse
476 4036 619 4085 sequnntur
629 4032 719 4075 verba:
736 4030 791 4075 “Ex
801 4032 926 4085 quibus...
939 4034 1040 4086 erant„
1050 4044 1082 4077 ea
1095 4033 1163 4077 idem
1176 4033 1300 4078 llbrarlus
1314 4034 1410 4089 adjecit
1420 4035 1453 4080 ad
1470 4044 1544 4079 oram

309 4104 432 4158 paginae.
920 4106 923 4109 ’

350 4172 363 4205 ⁸
389 4172 455 4218 Erat
465 4174 508 4217 hle
519 4173 602 4217 “inter
611 4172 795 4217 Ferrarienses
807 4171 985 4218 aedificiorum
994 4176 1135 4230 magistros
1146 4175 1222 4219 iacile
1237 4177 1362 4231 prlmns...
1376 4178 1444 4223 Inita
1458 4178 1544 4223 Socie-

301 4250 374 4297 uate,
383 4250 411 4288 ut
421 4244 608 4289 Architectura
619 4257 717 4301 quoque
728 4244 833 4299 egregie
843 4244 986 4299 pollebat...
996 4245 1099 4288 assidue
1110 4257 1158 4300 per
1167 4247 1271 4292 Italiam
1279 4260 1309 4293 ac
1320 4248 1437 4295 Siciliam
1447 4251 1543 4295 discur-

308 4326 380 4370 rens,
389 4316 422 4361 nd
432 4317 601 4362 habitandum
611 4325 637 4361 et
647 4317 786 4362 tractanda
796 4316 894 4370 dlvins,
905 4317 1044 4363 seties...ln
1053 4319 1205 4373 religiosum
1219 4332 1293 4365 usum
1308 4322 1471 4375 concinnans
1481 4334 1542 4377 quo·

305 4399 418 4443 cumque
428 4395 549 4443 pergeret
560 4390 639 4433 multo
649 4388 827 4443 praeclariora
837 4389 994 4434 humilitatis
1004 4401 1076 4441 suae,
1085 4393 1297 4447 mansuetudinis,
1307 4394 1476 4448 obedientiae,
1485 4405 1543 4438 ora·

308 4460 389 4504 tionis
404 4470 435 4503 ac
450 4468 614 4505 caeterarum
635 4462 761 4506 virtutum
776 4461 901 4516 exemplis
917 4472 995 4515 quam
1014 4461 1160 4506 fabricandi
1176 4465 1416 4521 architectandlque
1433 4464 1544 4510 scientis

306 4529 428 4575 aedificis
438 4532 593 4585 excitabat„
609 4530 748 4576 Historiae
763 4532 789 4578 S.
802 4532 839 4589 J„
854 4544 878 4589 p.
895 4544 932 4588 tv,
947 4534 991 4578 lib.
1006 4542 1042 4588 ur,
1058 4545 1082 4578 n.
1099 4534 1231 4579 lt.-0bilt
1242 4536 1338 4581 Romae
1349 4537 1374 4580 in
1385 4536 1467 4581 Domo
1477 4536 1544 4580 Pro-

303 4602 445 4657 semorum,
455 4612 522 4647 anno
532 4603 592 4647 1575.
