3642 5350
774 401 840 461 Au.
860 400 932 461 1556
1419 400 1474 471 245

301 542 373 611 935.
416 543 586 627 Augebat
611 548 721 613 etiam
747 548 1029 613 aedificationem
1053 547 1171 630 quod,
1198 565 1279 612 cum
1304 546 1473 615 numerus

242 665 336 718 esset
350 654 502 733 exiguus
516 656 753 735 sacerdotum,
770 672 882 737 usque
897 655 943 720 ad
959 655 1140 720 meridiem
1154 656 1191 720 in
1203 656 1333 736 templo
1347 665 1472 720 nostro
1526 709 1529 715 .

243 761 373 826 Missae
388 760 563 826 sacrificia
580 763 868 842 inveniebantur;
885 774 920 827 et
935 763 1014 828 ideo
1029 765 1163 829 nullum
1187 762 1411 827 sacerdotem
1425 763 1473 833 ibi

239 868 517 949 removendum,
545 870 613 933 nisi
639 870 730 935 alius
754 868 830 952 cJ'us
853 872 933 935 loco
958 871 1178 951 mitteretur,
1204 870 1319 935 nostri
1346 870 1472 935 sentie·

242 977 339 1041 bant.

301 1084 371 1150 936.
414 1085 502 1150 Erat
526 1085 675 1167 Neapoli
699 1086 754 1151 vir
779 1087 924 1170 quidam
947 1085 1116 1152 Societati
1142 1086 1390 1167 amicissimus,
1412 1102 1473 1151 no*

240 1191 336 1256 mine
351 1192 556 1273 Alphonsus
570 1193 614 1257 de
629 1192 800 1274 Samano,
822 1195 882 1276 qui
902 1194 1036 1258 electus
1053 1194 1168 1259 iuerat
1187 1192 1386 1276 Episcopus
1407 1182 1484 1267 Ca?

240 1299 379 1380 prensis
395 1298 416 1381 ⁸,
432 1310 467 1364 et
477 1298 552 1381 jam
567 1302 723 1366 Litteras
737 1302 966 1383 Apostolicas
978 1300 1163 1382 expeditas
1177 1301 1328 1365 habebat
1342 1310 1381 1365 ut
1392 1317 1473 1365 con·

240 1416 451 1472 secraretur.
465 1408 526 1472 Ille
536 1409 602 1473 sub
613 1409 720 1473 linem
730 1410 903 1493 Januarii,
917 1410 963 1473 ad
975 1408 1164 1473 Rectorem
1175 1409 1287 1473 nostri
1302 1407 1474 1489 Collegii’

240 1513 426 1597 accedens,
442 1515 658 1597 significavit
673 1518 708 1581 ci
724 1516 832 1581 animi
847 1516 902 1581 sui
914 1515 1202 1581 deliberationem
1212 1526 1294 1596 post
1309 1516 1472 1581 crebram

240 1631 275 1686 et
302 1622 507 1687 diuturnam
540 1624 793 1703 cogitationem
818 1624 862 1688 de
895 1622 1072 1689 Societate
1097 1634 1220 1688 nostra
1249 1620 1411 1687 adeunda
1436 1633 1471 1687 et

239 1729 317 1794 Deo
335 1730 372 1795 in
396 1749 439 1795 ea
463 1731 663 1796 serviendo
684 1732 729 1796 Et
752 1748 811 1795 res
830 1731 1019 1797 videbatur
1038 1748 1190 1811 magnae
1213 1729 1469 1795 aedificationis

239 1836 388 1917 Neapoli
401 1836 530 1918 lutura,
548 1839 606 1902 ubi
622 1838 800 1904 hominem
814 1847 990 1903 noverant
1004 1838 1145 1919 plurimi
1156 1846 1191 1901 et
1202 1848 1423 1902 amaverant.

299 1943 370 2008 937.
414 1944 481 2009 Vir
495 1956 573 2010 erat
588 1946 719 2027 alioqui
732 1946 888 2027 prudens
906 1956 942 2009 et
961 1946 997 2009 in
1017 1942 1283 2009 humanioribus
1310 1944 1437 2009 litteris
1457 1943 1469 1978 ⁸

242 2051 416 2132 erudituS,
443 2052 505 2117 sed
525 2054 685 2134 podagra
705 2053 865 2118 nonnihil
884 2051 1081 2116 laborabat.
1102 2052 1154 2115 Ea
1172 2050 1216 2115 de
1236 2068 1274 2114 re
1300 2062 1376 2115 tum
1394 2050 1471 2133 ipse

241 2169 318 2223 tum
331 2158 371 2223 Ρ.
387 2159 527 2239 ignatio
541 2158 554 2192 ⁴
568 2161 797 2242 scripserunt.
814 2159 883 2224 Sed
897 2158 937 2223 P.
953 2158 1112 2241 ignatius
1122 2157 1298 2239 quaedam
1313 2157 1470 2223 conside·

240 2266 355 2331 randa
368 2284 446 2331 esse
459 2267 654 2349 rescripsit,
670 2276 705 2332 ct
718 2268 768 2332 ita
783 2267 946 2332 effectum
965 2276 1031 2346 est,
1047 2274 1085 2330 ut
1099 2266 1167 2330 hoc
1187 2264 1297 2331 animi
1317 2266 1373 2330 sui
1391 2282 1470 2347 pro·

240 2374 393 2456 positum
405 2376 464 2439 iile
478 2376 605 2456 exequi
619 2392 690 2440 non
704 2377 857 2456 potuerit
872 2372 895 2440 ⁸.
952 2377 959 2396 '

299 2480 370 2548 938.
412 2481 517 2547 Alius
531 2492 659 2562 autem,
677 2484 820 2548 nomine
834 2482 1045 2547 Vincentius
1060 2481 1237 2547 Charilius
1255 2480 1284 2563 ⁰,
1307 2482 1344 2546 in
1365 2481 1470 2547 coad-

238 2587 393 2670 jutorem
407 2590 531 2654 eodem
547 2599 705 2672 tempore
718 2590 896 2655 admissus
910 2600 975 2654 est.

299 2696 371 2761 939.
413 2697 516 2762 Initio
541 2698 727 2764 Februarii
748 2697 833 2763 Dux
854 2697 985 2762 Montis
1006 2698 1135 2763 Leonis
1154 2697 1165 2729 ⁷
1184 2697 1222 2762 P.
1246 2697 1384 2778 ignatio
1406 2713 1470 2778 per
1552 2704 1554 2708 ’

239 2805 376 2870 litteras
390 2805 606 2886 significavit
619 2806 714 2888 quod
728 2816 821 2871 esset
835 2804 1040 2870 necessaria
1054 2806 1100 2870 ad
1119 2804 1368 2871 stabiliendum
1392 2803 1470 2869 Col·

241 2912 373 2992 legium
392 2921 553 2977 nostrum
567 2911 683 2977 Patris
696 2912 913 2978 Saimeronis
933 2911 1151 2994 praescntia,
1169 2923 1203 2976 et
1217 2922 1292 2977 tum
1308 2912 1352 2976 ob
1375 2911 1469 2976 hanc

241 3036 399 3100 causam,
417 3029 492 3084 tum
506 3019 552 3084 ob
565 3020 786 3103 spiritualem
801 3021 956 3085 civitatis
970 3020 1140 3100 fructum,
1157 3029 1195 3084 ut
1209 3017 1396 3101 Neapolim
1417 3036 1470 3084 re·

244 3227 311 3272 darli
322 3229 386 3272 tutti
395 3239 412 3272 a
422 3238 529 3282 manue
543 3230 570 3274 ia
582 3227 723 3274 settimana
738 3228 786 3274 che
801 3228 877 3273 viene
891 3226 914 3273 sl
929 3229 1006 3282 petra
1020 3226 1144 3272 mandare
1161 3229 1234 3271 cotta
1249 3237 1299 3270 ana
1315 3226 1390 3280 copia
1404 3226 1471 3272 delle

242 3299 290 3345 tali
295 3299 477 3344 emendationi.
487 3298 617 3356 laqueato
624 3311 718 3354 mezzo,
726 3307 823 3354 quanto
833 3310 924 3344 manco
935 3299 957 3343 si
966 3297 1101 3342 estendere
1111 3298 1129 3342 il
1137 3296 1252 3351 libretto,
1261 3296 1364 3352 meglio:
1373 3298 1470 3342 benche

241 3371 263 3414 al
271 3379 400 3426 potranno
409 3370 478 3426 dipoi
486 3372 549 3416 dare
559 3373 583 3416 lc
591 3372 764 3416 emendationi
773 3383 789 3417 a
797 3372 876 3426 quelli
886 3371 934 3415 che
947 3371 969 3415 si
979 3370 1164 3414 ricercaranno
1176 3369 1273 3414 havere
1284 3368 1302 3413 ll
1313 3369 1379 3414 detti
1387 3369 1470 3424 libri,

242 3441 325 3494 idem,
334 3443 426 3495 eidem,
435 3443 494 3486 lo.·?
504 3443 601 3488 Martii.

284 3521 292 3548 ¹
322 3513 365 3559 Sic
379 3513 484 3560 videtur
497 3517 633 3571 legendnm
648 3517 697 3561 hoc
712 3527 812 3569 nomen,
827 3516 893 3570 qnod
909 3515 935 3560 in
950 3526 997 3560 ms.
1012 3516 1121 3559 obscure
1134 3516 1296 3560 emendatum
1310 3521 1356 3560 eet.
1373 3513 1412 3558 De
1421 3514 1469 3558 hoc

243 3591 330 3631 autem
339 3587 470 3632 virohaec
481 3588 513 3631 ad
524 3599 579 3632 rem
589 3595 706 3633 nostram
715 3587 860 3633 Uenerius:
872 3587 1034 3643 “Alphonsaa
1045 3586 1183 3642 Somerlua,
1200 3587 1337 3642 Hispanus,
1353 3585 1470 3631 Clericus

244 3656 455 3715 calaguritanus,
466 3660 508 3704 die
518 3661 545 3704 ib
555 3659 706 3706 Decembris
717 3660 769 3704 1555
779 3659 936 3715 capritanae
946 3660 1033 3704 evasit
1042 3658 1194 3714 Episcopus.
1204 3659 1304 3704 Novem
1318 3659 1392 3704 annia
1402 3659 1469 3702 hanc

241 3729 312 3774 rexit
322 3729 477 3785 Ecclesiam,
487 3741 595 3786 eamque
606 3731 686 3776 llbcre
697 3733 785 3786 cessit,
796 3741 854 3776 oum
866 3731 941 3775 titulo
952 3737 978 3775 et
992 3730 1198 3775 denominatione
1213 3729 1335 3786 Episcopi
1350 3727 1470 3784 caprita-

242 3800 291 3854 ni.„
298 3790 382 3844 Italia
393 3799 487 3854 Sacra,
497 3809 516 3846 t.
526 3813 572 3857 vn,
583 3804 632 3848 coi.
641 3803 690 3857 am,
700 3815 727 3846 n.
737 3800 875 3845 iii-Gaas
884 3812 942 3846 cum
954 3801 1071 3856 appellat
1082 3799 1212 3844 Samaria.

281 3872 294 3904 ¹
319 3871 347 3917 Ρ.
358 3871 572 3928 christophorum
584 3875 615 3919 de
627 3874 758 3920 idendoza.

280 3943 293 3977 ⁸
319 3943 365 3988 his.
377 3955 430 3988 non
440 3946 573 3998 amitus,
581 3947 627 3991 aed
636 3949 725 4002 lapana
734 3947 835 3991 librarii
845 3947 900 3991 tine
911 3946 988 3991 dubio
1000 3951 1048 3990 eat.

280 4017 292 4050 ⁴
319 4014 458 4072 Perapicne
467 4019 604 4063 admodum
613 4019 640 4064 in
650 4031 696 4063 ms.
705 4025 746 4064 eat
756 4019 870 4072 lauatio.
882 4019 968 4071 Quare
978 4026 1005 4062 et
1018 4019 1105 4074 aliqua
1116 4018 1197 4062 verba
1213 4017 1302 4062 deesae
1314 4024 1342 4063 et
1356 4019 1468 4064 scriben-

239 4086 298 4132 dam
307 4094 429 4143 putamus
441 4089 490 4134 hoc
500 4090 583 4135 modo:
594 4090 648 4136 “Ea
657 4091 689 4136 de
698 4101 727 4134 re
738 4099 792 4136 tum
803 4091 857 4146 ipae
867 4089 1030 4146 (alphonsus
1045 4091 1075 4134 de
1088 4089 1218 4145 Samano),
1233 4097 1287 4134 tum
1303 4089 1400 4136 Rector
1410 4090 1467 4136 Coi·

238 4159 301 4214 legii
311 4158 387 4204 Patri
396 4160 523 4216 ignatio„

279 4230 291 4265 Ι
318 4230 375 4276 Non
384 4233 502 4288 podagra
513 4239 622 4289 tautum,
633 4233 678 4278 sed
688 4235 742 4278 alio
751 4234 864 4289 quodam
875 4233 1058 4290 impedimento
1073 4235 1211 4280 laborabat
1221 4233 1341 4280 Semano.
1355 4233 1407 4279 “De
1423 4235 1468 4280 Sa·

239 4314 310 4348 vano
319 4304 380 4358 (sic)
390 4315 423 4348 no
434 4316 462 4348 ea
470 4312 601 4350 menester
608 4307 711 4361 habiat,
720 4318 818 4362 parque
829 4308 918 4351 hemoa
925 4306 1062 4352 entendido
1074 4317 1123 4361 que
1131 4306 1198 4351 tiene
1208 4306 1389 4362 impedimento
1397 4319 1468 4352 eaen-

238 4375 298 4430 cial;
312 4388 329 4432 y
345 4383 523 4432 perventura,
537 4378 733 4423 enteudiendolo
753 4380 785 4430 el.
801 4380 835 4422 ha
850 4378 974 4424 ‹lesistido
989 4379 1020 4423 rie
1035 4379 1130 4424 habiat
1146 4391 1178 4424 en
1193 4380 1266 4435 ello„
1282 4379 1418 4434 Poiaacaa,
1434 4391 1468 4426 ex

239 4459 316 4495 com„
324 4446 428 4492 Rectori
439 4447 549 4504 Collegi!
558 4449 734 4506 Neapolitani,
743 4451 778 4497 3.·
787 4449 858 4504 Maii.

281 4517 295 4552 ⁸
321 4519 513 4576 simeonitio?
661 4521 664 4525 ’

279 4589 307 4672 ¹·
318 4591 417 4637 Hector
427 4592 574 4650 Planatelii,
585 4593 617 4639 de
627 4605 676 4650 quo
685 4595 791 4650 saepius
803 4595 858 4653 lam
872 4596 898 4641 in
913 4595 961 4641 hoc
978 4595 1103 4642 Chronico
1118 4603 1144 4643 ct
1160 4597 1185 4642 in
1203 4597 1298 4644 Canas
1310 4596 1343 4644 de
1355 4599 1411 4644 San
1424 4599 1467 4658 13·

244 4673 329 4708 nacco.
