3642 5350
767 432 834 496 Aa.
855 432 927 496 1556
1408 431 1462 495 ata

232 572 350 647 autern
370 579 475 662 virgo
495 583 751 647 monasterium
773 582 883 647 etiam
902 580 1042 663 ingredi
1065 598 1107 647 ac
1129 578 1207 645 Deo
1228 588 1402 663 perpetuo
1423 600 1462 647 se

232 706 445 754 consecrare
464 687 684 754 decerneret.
1382 696 1387 765 ,’

290 794 362 860 924.
404 796 619 862 Earumdem
635 796 816 879 virginum
836 798 946 862 irater
967 797 1012 861 ad
1035 797 1177 861 scholas
1199 804 1341 861 nostras
1362 813 1463 862 acce·

232 904 348 984 debat;
370 904 485 969 bonae
510 904 638 969 indolis
660 906 881 981 adolescens,
904 904 1119 970 Societatem
1140 912 1301 969 nostram
1321 904 1460 986 ingredi

231 1012 376 1076 omnino
389 1011 524 1078 statuit.

289 1118 360 1182 925.
403 1118 506 1186 Alter
520 1130 640 1186 autern
653 1118 811 1202 juvenis,
827 1120 970 1185 nomine
984 1118 1153 1198 Thomas,
1169 1116 1342 1183 conlectis
1361 1118 1461 1200 spiri·

229 1224 383 1290 tualibus
396 1226 588 1307 exercitiis,
601 1228 638 1291 in
649 1225 864 1292 Societatem
876 1236 1037 1293 nostram
1051 1225 1239 1305 admissus
1253 1225 1289 1289 in
1301 1226 1460 1291 moribus

230 1350 273 1397 ac
287 1332 419 1414 pietate
432 1350 505 1398 non
519 1334 698 1399 mediocre
713 1334 770 1399 sui
785 1334 966 1418 specimen
982 1332 1175 1415 praebebat
1191 1337 1212 1393 ¹.

287 1438 359 1502 926.
403 1439 564 1520 Quatuor
578 1441 658 1506 aliis
673 1451 872 1523 praeterea,
888 1440 1013 1523 primis
1032 1440 1213 1505 mensibus
1232 1438 1337 1521 hujus
1359 1442 1456 1521 anni,

228 1544 389 1612 Societas
399 1557 506 1613 aucta
516 1559 582 1614 est.
595 1548 826 1614 Unuseorum
834 1549 900 1613 luit
908 1546 1083 1613 Dominus
1095 1548 1251 1631 Joannes
1262 1548 1306 1613 de
1316 1548 1458 1614 Mendo-

229 1672 283 1734 za,
296 1653 339 1719 de
350 1672 420 1737 quo
431 1656 534 1737 plura
544 1655 692 1721 inferius
703 1658 726 1737 ¹3
738 1665 774 1721 et
786 1655 957 1721 Horatius
969 1655 1132 1735 Gentilis,
1146 1656 1206 1738 qui
1221 1656 1459 1721 constantiam

228 1762 419 1827 admodum
432 1764 572 1827 virilem
587 1765 761 1830 adversus
776 1765 916 1845 multas,
934 1773 1009 1828 tum
1020 1764 1132 1845 patris
1147 1762 1203 1829 sui
1217 1771 1292 1828 tum
1307 1764 1457 1829 aliorum

229 1869 509 1935 clarissimorum
521 1872 693 1950 virorum,
706 1872 993 1954 oppugnationes
1005 1870 1180 1953 praestitit
1192 1869 1215 1934 ³.

287 1976 360 2042 927.
402 1976 484 2043 Duo
505 1979 566 2043 alii
585 1978 768 2043 Cosentini
789 1978 943 2057 luerunt,
966 1978 1192 2043 Innocentius
1213 1976 1405 2060 Spatasora¹
1422 1989 1458 2044 et

229 2082 385 2166 Joannes
398 2084 529 2150 Paulus
543 2083 567 2167 ⁴,
584 2086 644 2167 qui
658 2086 807 2167 Neapoli
818 2085 890 2168 juri
904 2086 1002 2150 civili
1016 2102 1162 2167 operam
1176 2084 1320 2166 dabant,
1341 2095 1375 2151 et
1395 2086 1458 2151 vix

228 2190 373 2257 biduum
387 2192 634 2274 spiritualibus
648 2194 830 2258 exercitiis
848 2192 1106 2275 impenderant,
1129 2210 1210 2258 cum
1229 2212 1268 2258 se
1289 2192 1458 2259 Societati

228 2298 455 2364 adnumerari
469 2302 572 2381 velle,
590 2301 718 2382 spiritu
733 2300 878 2365 Domini
892 2301 1046 2381 impulsi,
1064 2300 1243 2365 dixerunt.
1260 2299 1387 2366 Visum
1406 2310 1457 2367 ta·

227 2422 309 2470 men
332 2416 387 2470 est
412 2406 639 2490 expedirent
662 2409 699 2472 in
719 2407 852 2472 eisdem
874 2406 1164 2472 meditationibus
1185 2406 1457 2488 progredientes

226 2514 343 2593 magss
367 2516 404 2579 in
428 2532 492 2579 sua
519 2517 694 2581 sententia
719 2515 1027 2580 confirmarentur.
1050 2514 1208 2597 Uterque
1221 2515 1372 2596 illorum,
1389 2514 1457 2579 Ro·

227 2637 322 2686 mam
335 2622 496 2702 veniens,
513 2621 691 2688 admissus
701 2632 766 2688 est.
778 2622 868 2689 Tres
879 2621 988 2688 etiam
1000 2622 1060 2688 alii
1071 2621 1145 2687 fere
1157 2622 1281 2688 eodem
1296 2632 1456 2706 tempore

229 2727 378 2810 Neapoli
397 2729 550 2796 Romam
569 2730 693 2796 venire
712 2731 757 2795 ad
777 2730 844 2795 hoc
868 2730 984 2811 ipsum
1009 2729 1280 2809 constituerunt,
1306 2747 1455 2812 quorum

227 2853 319 2901 unus
343 2837 402 2900 vir
423 2837 498 2918 jam
512 2847 628 2902 aetate
653 2846 688 2901 et
712 2837 876 2902 doctrina
901 2855 945 2900 ac
972 2854 1091 2902 rerum
1115 2854 1182 2902 asu
1205 2837 1250 2902 ad
1268 2837 1336 2904 Dei
1356 2838 1454 2903 obse·

227 2943 349 3023 quium
362 2943 511 3009 idoneus
525 2953 613 3009 erat.

286 3050 359 3115 928.
402 3050 484 3116 Duo
507 3063 694 3134 praeterea
718 3071 763 3116 ex
788 3050 913 3118 Africa
933 3052 1029 3116 servi
1049 3053 1266 3117 catechismo
1285 3054 1450 3118 instructi

226 3157 378 3239 luerunt,
395 3176 548 3241 quorum
562 3161 652 3225 alter
666 3159 811 3224 Domini
824 3159 973 3243 joannis
988 3159 1031 3224 de
1042 3159 1215 3224 Mendoza
1226 3176 1353 3224 servus
1363 3170 1453 3242 erat,

226 3265 269 3329 de
284 3282 354 3347 quo
364 3267 467 3347 plura
478 3265 625 3330 inferius
639 3264 662 3349 ⁸3
679 3284 744 3331 nec
756 3266 849 3330 enim
861 3266 976 3330 solum
988 3265 1203 3331 christianus
1214 3265 1303 3346 fieri,
1316 3267 1379 3332 sed
1392 3265 1452 3332 So·

225 3373 393 3439 cietatem
406 3373 514 3439 etiam
529 3375 668 3456 ingredi
682 3374 813 3454 voluit;
828 3382 863 3437 et
881 3374 963 3454 quia
979 3373 1161 3438 arabicam
1177 3373 1336 3455 linguam
1350 3375 1453 3439 calle·

225 3480 287 3544 bat
308 3490 345 3545 et
365 3481 509 3562 ingenio
533 3483 579 3547 ad
603 3483 740 3547 litteras
764 3481 999 3545 addiscendas
1019 3481 1141 3544 valere
1163 3481 1362 3562 videbatur,
1384 3499 1455 3546 non

226 3588 442 3654 mediocrem
457 3589 501 3654 de
516 3607 554 3654 se
569 3607 669 3670 spem
684 3588 874 3654 excitabat.

286 3696 356 3760 929.
401 3696 478 3761 Hoc
493 3699 600 3762 etiam
615 3714 708 3761 anno
723 3697 879 3780 Joannes
900 3693 1082 3775 NicolauS,
1106 3696 1166 3776 qui
1187 3695 1367 3760 biennium
1385 3695 1455 3776 J’uri

226 3803 323 3868 civili
338 3822 485 3885 operam
504 3804 662 3884 dederat,
686 3814 721 3869 et
742 3804 886 3869 Marcus
907 3803 1088 3868 Antonius
1109 3801 1290 3868 Gazianus
1305 3801 1329 3884 ⁸,
1345 3803 1381 3868 in
1395 3821 1454 3868 no·

264 4045 274 4078 ¹
302 4045 350 4092 ltla
360 4045 462 4102 corrige
471 4045 578 4092 dietaln
589 4045 711 4092 Litterae
720 4045 952 4100 Quadrtmestraa,
962 4050 981 4090 t.
994 4055 1030 4099 tv,
1041 4055 1101 4101 pag.
1113 4043 1162 4100 260,
1172 4044 1290 4090 annoti.

262 4117 275 4150 ¹
301 4116 365 4172 Belt
377 4119 434 4173 laia
442 4117 570 4164 Polaacas
583 4120 617 4164 de
625 4119 722 4175 juvene
735 4119 786 4164 laoc
801 4118 912 4173 optineo.
927 4117 1001 4173 cnjus
1015 4119 1161 4172 ingrestum
1175 4117 1200 4162 ln
1219 4117 1378 4162 Societatem
1394 4117 1454 4162 vide

221 4199 310 4245 sapra.
325 4189 412 4245 mo
425 4196 452 4234 et
466 4200 528 4246 aeq..
541 4202 584 4235 nn.
599 4192 613 4235 l
627 4196 731 4246 etseq,
747 4190 847 4234 obitam
859 4196 947 4234 autern
964 4199 1025 4243 pag.
1040 4189 1075 4242 t7,
1090 4199 1115 4232 n.
1130 4186 1276 4232 l³7.—1nira
1292 4186 1457 4232 nlbllomlnns

221 4261 368 4306 dudactlaa
381 4261 489 4316 imque
504 4264 606 4308 calano
620 4268 763 4308 narrantur
774 4272 840 4317 qaae
860 4260 970 4315 Neapoll
987 4260 1012 4303 in
1029 4260 1099 4304 illins
1110 4259 1215 4313 negotio
1234 4264 1370 4304 transacta
1386 4269 1456 4304 anat.

225 4331 293 4380 Vide
302 4345 328 4379 a.
337 4333 439 4378 919363.

264 4405 277 4438 ⁸
303 4404 372 4451 Vide
381 4405 505 4452 litterae
511 4405 743 4458 ouaanmestras,
752 4411 771 4450 t.
781 4416 817 4456 rv,
826 4415 888 4460 pag.
896 4402 947 4447 261.

261 4479 274 4512 ⁴
298 4477 413 4532 Joanaea
421 4477 518 4524 Paalaa
526 4475 686 4523 Mirabellaa.
695 4476 763 4522 Vide
773 4477 852 4532 inira,
862 4487 887 4520 n.
895 4475 944 4520 970.

264 4548 276 4583 Ι
303 4547 373 4594 Vide
383 4547 563 4604 lnlra‚n.9ib.

260 4621 273 4654 ⁸
300 4619 352 4675 Slc;
362 4621 431 4666 lnlra
441 4627 539 4675 tanea.
549 4631 575 4665 n.
585 4619 646 4676 laea,
657 4622 807 4677 appellatur
816 4619 949 4670 Gaianas,
959 4623 987 4662 nt
1002 4624 1028 4663 et
1040 4629 1086 4664 nos
1096 4629 1154 4664 enm
1164 4619 1355 4674 appellavimus
1364 4620 1390 4665 ln
1403 4619 1458 4666 Lat·

221 4695 297 4739 taraa
307 4692 541 4747 Quadrlraestres,
551 4699 570 4738 t.
580 4702 618 4748 tr,
628 4703 690 4748 pag.
698 4691 739 4737 eto
748 4697 774 4737 et
784 4692 833 4736 ⁶27.
913 4721 917 4728 -
