<?xml version="1.0" encoding="UTF-8"?>
<!DOCTYPE html PUBLIC "-//W3C//DTD XHTML 1.0 Transitional//EN"
    "http://www.w3.org/TR/xhtml1/DTD/xhtml1-transitional.dtd">
<html xmlns="http://www.w3.org/1999/xhtml" xml:lang="en" lang="en">
 <head>
  <title>
</title>
<meta http-equiv="Content-Type" content="text/html;charset=utf-8" />
  <meta name='ocr-system' content='tesseract 3.04.00' />
  <meta name='ocr-capabilities' content='ocr_page ocr_carea ocr_par ocr_line ocrx_word'/>
</head>
<body>
  <div class='ocr_page' id='page_1' title='image "./vitaignatiiloio00polagoog_0834.png"; bbox 0 0 3642 5350; ppageno 0'>
   <div class='ocr_carea' id='block_1_1' title="bbox 384 395 1163 472">
    <p class='ocr_par' dir='ltr' id='par_1_1' title="bbox 384 395 1163 472">
     <span class='ocr_line' id='line_1_1' title="bbox 384 395 1163 472; baseline -0.001 -15"><span class='ocrx_word' id='word_1_1' title='bbox 384 396 439 457; x_wconf 83' lang='lat'>812</span> <span class='ocrx_word' id='word_1_2' title='bbox 844 396 972 458; x_wconf 69' lang='lat' dir='ltr'>ennon.</span> <span class='ocrx_word' id='word_1_3' title='bbox 992 395 1071 458; x_wconf 84' lang='lat' dir='ltr'>Soc.</span> <span class='ocrx_word' id='word_1_4' title='bbox 1092 397 1163 472; x_wconf 81' lang='lat' dir='ltr'>Jas.</span> 
     </span>
    </p>
   </div>
   <div class='ocr_carea' id='block_1_2' title="bbox 367 523 1679 4501">
    <p class='ocr_par' dir='ltr' id='par_1_2' title="bbox 381 523 1618 732">
     <span class='ocr_line' id='line_1_2' title="bbox 383 523 1618 626; baseline 0.003 -19"><span class='ocrx_word' id='word_1_5' title='bbox 383 551 532 625; x_wconf 88' lang='lat' dir='ltr'>peccata</span> <span class='ocrx_word' id='word_1_6' title='bbox 557 544 625 608; x_wconf 92' lang='lat' dir='ltr'>hac</span> <span class='ocrx_word' id='word_1_7' title='bbox 654 561 769 625; x_wconf 91' lang='lat' dir='ltr'>poena</span> <span class='ocrx_word' id='word_1_8' title='bbox 791 542 1004 624; x_wconf 88' lang='lat' dir='ltr'>afficeretur;</span> <span class='ocrx_word' id='word_1_9' title='bbox 1032 552 1067 607; x_wconf 90' lang='lat' dir='ltr'>et</span> <span class='ocrx_word' id='word_1_10' title='bbox 1092 543 1159 607; x_wconf 89' lang='lat' dir='ltr'>sibi</span> <span class='ocrx_word' id='word_1_11' title='bbox 1184 523 1264 625; x_wconf 86' lang='lat' dir='ltr'>ipsi,</span> <span class='ocrx_word' id='word_1_12' title='bbox 1290 551 1439 625; x_wconf 86' lang='lat' dir='ltr'>accepto</span> <span class='ocrx_word' id='word_1_13' title='bbox 1463 561 1618 626; x_wconf 84' lang='lat' dir='ltr'>veneno,</span> 
     </span>
     <span class='ocr_line' id='line_1_3' title="bbox 381 649 1552 732; baseline -0.003 -15"><span class='ocrx_word' id='word_1_14' title='bbox 381 659 535 717; x_wconf 92' lang='lat' dir='ltr'>rnortem</span> <span class='ocrx_word' id='word_1_15' title='bbox 552 651 739 731; x_wconf 82' lang='lat' dir='ltr'>conscivit3</span> <span class='ocrx_word' id='word_1_16' title='bbox 756 660 791 715; x_wconf 93' lang='lat' dir='ltr'>et</span> <span class='ocrx_word' id='word_1_17' title='bbox 806 649 881 731; x_wconf 77' lang='lat' dir='ltr'>eius</span> <span class='ocrx_word' id='word_1_18' title='bbox 894 650 966 715; x_wconf 89' lang='lat' dir='ltr'>lilio</span> <span class='ocrx_word' id='word_1_19' title='bbox 981 667 1133 730; x_wconf 89' lang='lat' dir='ltr'>regnum</span> <span class='ocrx_word' id='word_1_20' title='bbox 1147 661 1337 732; x_wconf 89' lang='lat' dir='ltr'>paternum</span> <span class='ocrx_word' id='word_1_21' title='bbox 1350 650 1474 717; x_wconf 88' lang='lat' dir='ltr'>datum</span> <span class='ocrx_word' id='word_1_22' title='bbox 1486 662 1552 718; x_wconf 90' lang='lat' dir='ltr'>est.</span> 
     </span>
    </p>

    <p class='ocr_par' dir='ltr' id='par_1_3' title="bbox 379 756 1616 1595">
     <span class='ocr_line' id='line_1_4' title="bbox 442 756 1616 843; baseline 0.003 -20"><span class='ocrx_word' id='word_1_23' title='bbox 442 757 534 823; x_wconf 84' lang='lat'>3475.</span> <span class='ocrx_word' id='word_1_24' title='bbox 578 758 743 840; x_wconf 83' lang='lat' dir='ltr'>Triginta</span> <span class='ocrx_word' id='word_1_25' title='bbox 768 758 881 822; x_wconf 90' lang='lat' dir='ltr'>leucis</span> <span class='ocrx_word' id='word_1_26' title='bbox 905 756 1036 823; x_wconf 92' lang='lat' dir='ltr'>Giliolo</span> <span class='ocrx_word' id='word_1_27' title='bbox 1061 758 1194 823; x_wconf 89' lang='lat' dir='ltr'>distant</span> <span class='ocrx_word' id='word_1_28' title='bbox 1223 758 1315 823; x_wconf 88' lang='lat' dir='ltr'>duae</span> <span class='ocrx_word' id='word_1_29' title='bbox 1342 760 1497 840; x_wconf 88' lang='lat' dir='ltr'>insulae,</span> <span class='ocrx_word' id='word_1_30' title='bbox 1523 778 1616 843; x_wconf 88' lang='lat' dir='ltr'>quas</span> 
     </span>
     <span class='ocr_line' id='line_1_5' title="bbox 382 864 1613 947; baseline 0.002 -16"><span class='ocrx_word' id='word_1_31' title='bbox 382 866 497 931; x_wconf 87' lang='lat' dir='ltr'>Mauri</span> <span class='ocrx_word' id='word_1_32' title='bbox 516 874 665 946; x_wconf 90' lang='lat' dir='ltr'>vocant,</span> <span class='ocrx_word' id='word_1_33' title='bbox 686 865 730 929; x_wconf 92' lang='lat' dir='ltr'>de</span> <span class='ocrx_word' id='word_1_34' title='bbox 751 866 879 947; x_wconf 92' lang='lat' dir='ltr'>quibus</span> <span class='ocrx_word' id='word_1_35' title='bbox 904 865 1046 946; x_wconf 86' lang='lat' dir='ltr'>saepius</span> <span class='ocrx_word' id='word_1_36' title='bbox 1065 865 1161 930; x_wconf 84' lang='lat' dir='ltr'>sacta</span> <span class='ocrx_word' id='word_1_37' title='bbox 1181 873 1235 929; x_wconf 89' lang='lat' dir='ltr'>est</span> <span class='ocrx_word' id='word_1_38' title='bbox 1254 866 1389 931; x_wconf 91' lang='lat' dir='ltr'>mentio</span> <span class='ocrx_word' id='word_1_39' title='bbox 1415 864 1436 930; x_wconf 88' lang='lat'>¹:</span> <span class='ocrx_word' id='word_1_40' title='bbox 1457 868 1613 934; x_wconf 81' lang='lat' dir='ltr'>ambitus</span> 
     </span>
     <span class='ocr_line' id='line_1_6' title="bbox 382 972 1613 1056; baseline 0.002 -17"><span class='ocrx_word' id='word_1_41' title='bbox 382 973 527 1055; x_wconf 89' lang='lat' dir='ltr'>majoris</span> <span class='ocrx_word' id='word_1_42' title='bbox 539 974 687 1055; x_wconf 88' lang='lat' dir='ltr'>triginta</span> <span class='ocrx_word' id='word_1_43' title='bbox 698 975 852 1055; x_wconf 89' lang='lat' dir='ltr'>quinque</span> <span class='ocrx_word' id='word_1_44' title='bbox 862 973 1046 1037; x_wconf 88' lang='lat' dir='ltr'>leucarum</span> <span class='ocrx_word' id='word_1_45' title='bbox 1056 982 1121 1053; x_wconf 90' lang='lat' dir='ltr'>est,</span> <span class='ocrx_word' id='word_1_46' title='bbox 1134 972 1282 1037; x_wconf 90' lang='lat' dir='ltr'>minoris</span> <span class='ocrx_word' id='word_1_47' title='bbox 1291 990 1379 1037; x_wconf 84' lang='lat' dir='ltr'>vero</span> <span class='ocrx_word' id='word_1_48' title='bbox 1390 977 1613 1056; x_wconf 78' lang='lat' dir='ltr'>septem3sed</span> 
     </span>
     <span class='ocr_line' id='line_1_7' title="bbox 382 1079 1615 1166; baseline 0.002 -19"><span class='ocrx_word' id='word_1_49' title='bbox 382 1099 492 1164; x_wconf 87' lang='lat' dir='ltr'>prope</span> <span class='ocrx_word' id='word_1_50' title='bbox 507 1082 587 1145; x_wconf 92' lang='lat' dir='ltr'>illas</span> <span class='ocrx_word' id='word_1_51' title='bbox 601 1082 672 1145; x_wconf 90' lang='lat' dir='ltr'>alia</span> <span class='ocrx_word' id='word_1_52' title='bbox 687 1090 837 1162; x_wconf 89' lang='lat' dir='ltr'>utraque</span> <span class='ocrx_word' id='word_1_53' title='bbox 851 1079 978 1161; x_wconf 90' lang='lat' dir='ltr'>major,</span> <span class='ocrx_word' id='word_1_54' title='bbox 995 1080 1130 1145; x_wconf 87' lang='lat' dir='ltr'>ambitu</span> <span class='ocrx_word' id='word_1_55' title='bbox 1142 1081 1278 1145; x_wconf 87' lang='lat' dir='ltr'>scilicet</span> <span class='ocrx_word' id='word_1_56' title='bbox 1290 1090 1432 1146; x_wconf 90' lang='lat' dir='ltr'>centum</span> <span class='ocrx_word' id='word_1_57' title='bbox 1443 1083 1615 1166; x_wconf 89' lang='lat' dir='ltr'>quinqua·</span> 
     </span>
     <span class='ocr_line' id='line_1_8' title="bbox 380 1187 1611 1271; baseline -0.001 -17"><span class='ocrx_word' id='word_1_58' title='bbox 380 1190 480 1271; x_wconf 81' lang='lat' dir='ltr'>ginta</span> <span class='ocrx_word' id='word_1_59' title='bbox 494 1190 676 1254; x_wconf 88' lang='lat' dir='ltr'>leucarum</span> <span class='ocrx_word' id='word_1_60' title='bbox 689 1198 754 1268; x_wconf 90' lang='lat' dir='ltr'>est,</span> <span class='ocrx_word' id='word_1_61' title='bbox 770 1198 805 1251; x_wconf 91' lang='lat' dir='ltr'>et</span> <span class='ocrx_word' id='word_1_62' title='bbox 819 1196 956 1253; x_wconf 89' lang='lat' dir='ltr'>tractus</span> <span class='ocrx_word' id='word_1_63' title='bbox 969 1187 1168 1252; x_wconf 87' lang='lat' dir='ltr'>maritimus</span> <span class='ocrx_word' id='word_1_64' title='bbox 1182 1187 1387 1253; x_wconf 89' lang='lat' dir='ltr'>christianis</span> <span class='ocrx_word' id='word_1_65' title='bbox 1403 1190 1528 1271; x_wconf 90' lang='lat' dir='ltr'>plenus</span> <span class='ocrx_word' id='word_1_66' title='bbox 1541 1200 1611 1257; x_wconf 91' lang='lat' dir='ltr'>est.</span> 
     </span>
     <span class='ocr_line' id='line_1_9' title="bbox 381 1294 1614 1379; baseline 0.002 -18"><span class='ocrx_word' id='word_1_67' title='bbox 381 1297 465 1361; x_wconf 91' lang='lat' dir='ltr'>Inde</span> <span class='ocrx_word' id='word_1_68' title='bbox 479 1296 627 1362; x_wconf 88' lang='lat' dir='ltr'>ulterius</span> <span class='ocrx_word' id='word_1_69' title='bbox 640 1296 791 1376; x_wconf 85' lang='lat' dir='ltr'>gentiles</span> <span class='ocrx_word' id='word_1_70' title='bbox 812 1304 894 1360; x_wconf 90' lang='lat' dir='ltr'>sunt</span> <span class='ocrx_word' id='word_1_71' title='bbox 913 1312 956 1359; x_wconf 92' lang='lat' dir='ltr'>ac</span> <span class='ocrx_word' id='word_1_72' title='bbox 976 1294 1080 1359; x_wconf 83' lang='lat' dir='ltr'>valde</span> <span class='ocrx_word' id='word_1_73' title='bbox 1102 1295 1245 1359; x_wconf 89' lang='lat' dir='ltr'>barbari</span> <span class='ocrx_word' id='word_1_74' title='bbox 1266 1304 1301 1359; x_wconf 87' lang='lat' dir='ltr'>et</span> <span class='ocrx_word' id='word_1_75' title='bbox 1321 1296 1498 1363; x_wconf 86' lang='lat' dir='ltr'><strong>crudeles:</strong></span> <span class='ocrx_word' id='word_1_76' title='bbox 1520 1298 1614 1379; x_wconf 89' lang='lat' dir='ltr'>Regi</span> 
     </span>
     <span class='ocr_line' id='line_1_10' title="bbox 381 1401 1611 1483; baseline 0.002 -14"><span class='ocrx_word' id='word_1_77' title='bbox 381 1404 535 1469; x_wconf 90' lang='lat' dir='ltr'>Ternate</span> <span class='ocrx_word' id='word_1_78' title='bbox 550 1403 680 1469; x_wconf 88' lang='lat' dir='ltr'>subditi</span> <span class='ocrx_word' id='word_1_79' title='bbox 696 1420 818 1468; x_wconf 89' lang='lat' dir='ltr'>omnes</span> <span class='ocrx_word' id='word_1_80' title='bbox 833 1412 926 1483; x_wconf 91' lang='lat' dir='ltr'>sunt,</span> <span class='ocrx_word' id='word_1_81' title='bbox 943 1410 978 1467; x_wconf 89' lang='lat' dir='ltr'>et</span> <span class='ocrx_word' id='word_1_82' title='bbox 991 1418 1160 1483; x_wconf 89' lang='lat' dir='ltr'>magnam</span> <span class='ocrx_word' id='word_1_83' title='bbox 1173 1401 1307 1468; x_wconf 90' lang='lat' dir='ltr'>habent</span> <span class='ocrx_word' id='word_1_84' title='bbox 1321 1404 1532 1471; x_wconf 85' lang='lat' dir='ltr'>varietatem</span> <span class='ocrx_word' id='word_1_85' title='bbox 1546 1406 1611 1471; x_wconf 93' lang='lat' dir='ltr'>lin·</span> 
     </span>
     <span class='ocr_line' id='line_1_11' title="bbox 379 1510 1088 1595; baseline -0.01 -17"><span class='ocrx_word' id='word_1_86' title='bbox 379 1529 545 1595; x_wconf 84' lang='lat' dir='ltr'>guarum,</span> <span class='ocrx_word' id='word_1_87' title='bbox 558 1512 666 1576; x_wconf 90' lang='lat' dir='ltr'>etiam</span> <span class='ocrx_word' id='word_1_88' title='bbox 681 1512 718 1575; x_wconf 91' lang='lat' dir='ltr'>in</span> <span class='ocrx_word' id='word_1_89' title='bbox 732 1511 945 1575; x_wconf 89' lang='lat' dir='ltr'>brevissimo</span> <span class='ocrx_word' id='word_1_90' title='bbox 959 1510 1088 1591; x_wconf 90' lang='lat' dir='ltr'>spatio.</span> 
     </span>
    </p>

    <p class='ocr_par' dir='ltr' id='par_1_4' title="bbox 378 1618 1608 2131">
     <span class='ocr_line' id='line_1_12' title="bbox 439 1618 1608 1703; baseline 0.003 -19"><span class='ocrx_word' id='word_1_91' title='bbox 439 1620 530 1685; x_wconf 87' lang='grc'>3476.</span> <span class='ocrx_word' id='word_1_92' title='bbox 574 1618 767 1684; x_wconf 88' lang='lat' dir='ltr'>Abundant</span> <span class='ocrx_word' id='word_1_93' title='bbox 781 1618 918 1683; x_wconf 88' lang='lat' dir='ltr'>insulae</span> <span class='ocrx_word' id='word_1_94' title='bbox 932 1618 1049 1682; x_wconf 88' lang='lat' dir='ltr'>Mauri</span> <span class='ocrx_word' id='word_1_95' title='bbox 1066 1618 1252 1700; x_wconf 89' lang='lat' dir='ltr'>gingibere</span> <span class='ocrx_word' id='word_1_96' title='bbox 1271 1627 1306 1682; x_wconf 93' lang='lat' dir='ltr'>et</span> <span class='ocrx_word' id='word_1_97' title='bbox 1328 1636 1451 1701; x_wconf 85' lang='lat' dir='ltr'>oryza,</span> <span class='ocrx_word' id='word_1_98' title='bbox 1472 1629 1508 1685; x_wconf 89' lang='lat' dir='ltr'>et</span> <span class='ocrx_word' id='word_1_99' title='bbox 1525 1640 1608 1703; x_wconf 93' lang='lat' dir='ltr'>quo·</span> 
     </span>
     <span class='ocr_line' id='line_1_13' title="bbox 379 1724 1606 1809; baseline 0.002 -17"><span class='ocrx_word' id='word_1_100' title='bbox 379 1728 461 1792; x_wconf 90' lang='lat' dir='ltr'>dam</span> <span class='ocrx_word' id='word_1_101' title='bbox 476 1728 701 1806; x_wconf 87' lang='lat' dir='ltr'>nutrimento,</span> <span class='ocrx_word' id='word_1_102' title='bbox 717 1724 812 1807; x_wconf 93' lang='lat' dir='ltr'>quod</span> <span class='ocrx_word' id='word_1_103' title='bbox 827 1734 959 1789; x_wconf 87' lang='lat' dir='ltr'>vocant</span> <span class='ocrx_word' id='word_1_104' title='bbox 973 1742 1078 1805; x_wconf 83' lang='lat' dir='ltr'>saru,</span> <span class='ocrx_word' id='word_1_105' title='bbox 1090 1742 1138 1789; x_wconf 89' lang='lat' dir='ltr'>ex</span> <span class='ocrx_word' id='word_1_106' title='bbox 1152 1742 1221 1807; x_wconf 91' lang='lat' dir='ltr'>quo</span> <span class='ocrx_word' id='word_1_107' title='bbox 1235 1724 1352 1791; x_wconf 84' lang='lat' dir='ltr'>latina</span> <span class='ocrx_word' id='word_1_108' title='bbox 1362 1736 1398 1791; x_wconf 93' lang='lat' dir='ltr'>et</span> <span class='ocrx_word' id='word_1_109' title='bbox 1408 1729 1512 1809; x_wconf 87' lang='lat' dir='ltr'>panis</span> <span class='ocrx_word' id='word_1_110' title='bbox 1525 1746 1606 1794; x_wconf 91' lang='lat' dir='ltr'>con·</span> 
     </span>
     <span class='ocr_line' id='line_1_14' title="bbox 379 1832 1605 1915; baseline 0.002 -16"><span class='ocrx_word' id='word_1_111' title='bbox 379 1836 506 1915; x_wconf 90' lang='lat' dir='ltr'>licitur,</span> <span class='ocrx_word' id='word_1_112' title='bbox 523 1841 558 1898; x_wconf 90' lang='lat' dir='ltr'>et</span> <span class='ocrx_word' id='word_1_113' title='bbox 573 1850 704 1915; x_wconf 89' lang='lat' dir='ltr'>oryzae</span> <span class='ocrx_word' id='word_1_114' title='bbox 718 1832 933 1914; x_wconf 62' lang='lat' dir='ltr'>praesertum</span> <span class='ocrx_word' id='word_1_115' title='bbox 956 1833 1110 1913; x_wconf 86' lang='lat' dir='ltr'>gallinas</span> <span class='ocrx_word' id='word_1_116' title='bbox 1130 1832 1263 1897; x_wconf 87' lang='lat' dir='ltr'>habent</span> <span class='ocrx_word' id='word_1_117' title='bbox 1283 1833 1528 1915; x_wconf 87' lang='lat' dir='ltr'>magnitudine</span> <span class='ocrx_word' id='word_1_118' title='bbox 1545 1854 1605 1901; x_wconf 92' lang='lat' dir='ltr'>no·</span> 
     </span>
     <span class='ocr_line' id='line_1_15' title="bbox 378 1939 1605 2025; baseline 0.002 -18"><span class='ocrx_word' id='word_1_119' title='bbox 378 1954 545 2022; x_wconf 87' lang='lat' dir='ltr'>stratum,</span> <span class='ocrx_word' id='word_1_120' title='bbox 563 1958 652 2025; x_wconf 93' lang='lat' dir='ltr'>quas</span> <span class='ocrx_word' id='word_1_121' title='bbox 667 1940 782 2005; x_wconf 89' lang='lat' dir='ltr'>occidi</span> <span class='ocrx_word' id='word_1_122' title='bbox 796 1957 867 2005; x_wconf 91' lang='lat' dir='ltr'>non</span> <span class='ocrx_word' id='word_1_123' title='bbox 882 1941 1100 2023; x_wconf 89' lang='lat' dir='ltr'>permittunt,</span> <span class='ocrx_word' id='word_1_124' title='bbox 1117 1939 1212 2022; x_wconf 87' lang='lat' dir='ltr'>quod</span> <span class='ocrx_word' id='word_1_125' title='bbox 1222 1956 1354 2021; x_wconf 90' lang='lat' dir='ltr'>magna</span> <span class='ocrx_word' id='word_1_126' title='bbox 1368 1951 1404 2007; x_wconf 93' lang='lat' dir='ltr'>et</span> <span class='ocrx_word' id='word_1_127' title='bbox 1414 1944 1524 2008; x_wconf 87' lang='lat' dir='ltr'>multa</span> <span class='ocrx_word' id='word_1_128' title='bbox 1536 1962 1605 2009; x_wconf 88' lang='lat' dir='ltr'>ova</span> 
     </span>
     <span class='ocr_line' id='line_1_16' title="bbox 378 2050 1102 2131; baseline -0.007 -16"><span class='ocrx_word' id='word_1_129' title='bbox 378 2051 424 2115; x_wconf 83' lang='lat' dir='ltr'>ad</span> <span class='ocrx_word' id='word_1_130' title='bbox 438 2050 731 2116; x_wconf 84' lang='lat' dir='ltr'>sustentationem</span> <span class='ocrx_word' id='word_1_131' title='bbox 745 2051 929 2115; x_wconf 90' lang='lat' dir='ltr'>hominum</span> <span class='ocrx_word' id='word_1_132' title='bbox 949 2051 1102 2131; x_wconf 87' lang='lat' dir='ltr'>pariant.</span> 
     </span>
    </p>

    <p class='ocr_par' dir='ltr' id='par_1_5' title="bbox 375 2156 1606 2655">
     <span class='ocr_line' id='line_1_17' title="bbox 436 2156 1606 2239; baseline 0 -15"><span class='ocrx_word' id='word_1_133' title='bbox 436 2157 529 2224; x_wconf 87' lang='grc'>3477.</span> <span class='ocrx_word' id='word_1_134' title='bbox 572 2156 661 2223; x_wconf 90' lang='lat' dir='ltr'>Sunt</span> <span class='ocrx_word' id='word_1_135' title='bbox 675 2159 712 2223; x_wconf 90' lang='lat' dir='ltr'>in</span> <span class='ocrx_word' id='word_1_136' title='bbox 726 2176 769 2224; x_wconf 91' lang='lat' dir='ltr'>eo</span> <span class='ocrx_word' id='word_1_137' title='bbox 784 2159 876 2223; x_wconf 90' lang='lat' dir='ltr'>mari</span> <span class='ocrx_word' id='word_1_138' title='bbox 890 2157 1086 2222; x_wconf 90' lang='lat' dir='ltr'>testudines</span> <span class='ocrx_word' id='word_1_139' title='bbox 1100 2172 1265 2237; x_wconf 86' lang='lat' dir='ltr'>magnae,</span> <span class='ocrx_word' id='word_1_140' title='bbox 1278 2158 1417 2239; x_wconf 91' lang='lat' dir='ltr'>quaein</span> <span class='ocrx_word' id='word_1_141' title='bbox 1427 2175 1539 2223; x_wconf 87' lang='lat' dir='ltr'>arena</span> <span class='ocrx_word' id='word_1_142' title='bbox 1548 2159 1606 2225; x_wconf 90' lang='lat' dir='ltr'>de·</span> 
     </span>
     <span class='ocr_line' id='line_1_18' title="bbox 375 2264 1606 2348; baseline 0 -16"><span class='ocrx_word' id='word_1_143' title='bbox 375 2268 472 2332; x_wconf 83' lang='lat' dir='ltr'>fossa</span> <span class='ocrx_word' id='word_1_144' title='bbox 487 2285 556 2331; x_wconf 87' lang='lat' dir='ltr'>ova</span> <span class='ocrx_word' id='word_1_145' title='bbox 571 2272 757 2348; x_wconf 85' lang='lat' dir='ltr'>reponunt,</span> <span class='ocrx_word' id='word_1_146' title='bbox 773 2274 810 2330; x_wconf 93' lang='lat' dir='ltr'>et</span> <span class='ocrx_word' id='word_1_147' title='bbox 823 2266 951 2331; x_wconf 90' lang='lat' dir='ltr'>deinde</span> <span class='ocrx_word' id='word_1_148' title='bbox 965 2272 1102 2345; x_wconf 88' lang='lat' dir='ltr'>tegunt,</span> <span class='ocrx_word' id='word_1_149' title='bbox 1114 2274 1150 2329; x_wconf 93' lang='lat' dir='ltr'>et</span> <span class='ocrx_word' id='word_1_150' title='bbox 1163 2265 1250 2329; x_wconf 91' lang='lat' dir='ltr'>solis</span> <span class='ocrx_word' id='word_1_151' title='bbox 1264 2267 1385 2329; x_wconf 84' lang='lat' dir='ltr'>calore</span> <span class='ocrx_word' id='word_1_152' title='bbox 1394 2264 1456 2329; x_wconf 87' lang='lat' dir='ltr'>filii</span> <span class='ocrx_word' id='word_1_153' title='bbox 1466 2284 1513 2331; x_wconf 87' lang='lat' dir='ltr'>ex</span> <span class='ocrx_word' id='word_1_154' title='bbox 1526 2268 1606 2332; x_wconf 93' lang='lat' dir='ltr'>ovis</span> 
     </span>
     <span class='ocr_line' id='line_1_19' title="bbox 375 2373 1605 2456; baseline -0.001 -16"><span class='ocrx_word' id='word_1_155' title='bbox 375 2376 616 2455; x_wconf 87' lang='lat' dir='ltr'>egrediuntur:</span> <span class='ocrx_word' id='word_1_156' title='bbox 630 2373 761 2439; x_wconf 89' lang='lat' dir='ltr'>accidit</span> <span class='ocrx_word' id='word_1_157' title='bbox 771 2374 809 2439; x_wconf 91' lang='lat' dir='ltr'>in</span> <span class='ocrx_word' id='word_1_158' title='bbox 820 2374 940 2456; x_wconf 88' lang='lat' dir='ltr'>aliqua</span> <span class='ocrx_word' id='word_1_159' title='bbox 950 2373 1126 2438; x_wconf 86' lang='lat' dir='ltr'>testudine</span> <span class='ocrx_word' id='word_1_160' title='bbox 1141 2382 1248 2454; x_wconf 89' lang='lat' dir='ltr'>capta</span> <span class='ocrx_word' id='word_1_161' title='bbox 1261 2373 1520 2455; x_wconf 86' lang='lat' dir='ltr'>quinquaginta</span> <span class='ocrx_word' id='word_1_162' title='bbox 1533 2392 1605 2439; x_wconf 90' lang='lat' dir='ltr'>ova</span> 
     </span>
     <span class='ocr_line' id='line_1_20' title="bbox 375 2480 1604 2565; baseline 0.001 -18"><span class='ocrx_word' id='word_1_163' title='bbox 375 2490 410 2547; x_wconf 92' lang='lat' dir='ltr'>et</span> <span class='ocrx_word' id='word_1_164' title='bbox 424 2484 526 2564; x_wconf 90' lang='lat' dir='ltr'>plura</span> <span class='ocrx_word' id='word_1_165' title='bbox 541 2483 578 2547; x_wconf 93' lang='lat' dir='ltr'>in</span> <span class='ocrx_word' id='word_1_166' title='bbox 592 2500 635 2547; x_wconf 89' lang='lat' dir='ltr'>ea</span> <span class='ocrx_word' id='word_1_167' title='bbox 649 2481 818 2561; x_wconf 86' lang='lat' dir='ltr'>inveniri,</span> <span class='ocrx_word' id='word_1_168' title='bbox 841 2499 934 2563; x_wconf 88' lang='lat' dir='ltr'>quae</span> <span class='ocrx_word' id='word_1_169' title='bbox 949 2482 1029 2547; x_wconf 91' lang='lat' dir='ltr'>ovis</span> <span class='ocrx_word' id='word_1_170' title='bbox 1042 2480 1257 2561; x_wconf 87' lang='lat' dir='ltr'>gallinarum</span> <span class='ocrx_word' id='word_1_171' title='bbox 1271 2498 1362 2562; x_wconf 88' lang='lat' dir='ltr'>pene</span> <span class='ocrx_word' id='word_1_172' title='bbox 1380 2491 1462 2547; x_wconf 91' lang='lat' dir='ltr'>sunt</span> <span class='ocrx_word' id='word_1_173' title='bbox 1476 2499 1604 2565; x_wconf 88' lang='lat' dir='ltr'>aequa·</span> 
     </span>
     <span class='ocr_line' id='line_1_21' title="bbox 375 2589 1089 2655; baseline -0.007 0"><span class='ocrx_word' id='word_1_174' title='bbox 375 2592 423 2655; x_wconf 92' lang='lat' dir='ltr'>lia</span> <span class='ocrx_word' id='word_1_175' title='bbox 438 2601 474 2655; x_wconf 91' lang='lat' dir='ltr'>et</span> <span class='ocrx_word' id='word_1_176' title='bbox 488 2607 611 2655; x_wconf 88' lang='lat' dir='ltr'>earum</span> <span class='ocrx_word' id='word_1_177' title='bbox 626 2607 711 2655; x_wconf 90' lang='lat' dir='ltr'>caro</span> <span class='ocrx_word' id='word_1_178' title='bbox 727 2590 922 2655; x_wconf 88' lang='lat' dir='ltr'>vervecina</span> <span class='ocrx_word' id='word_1_179' title='bbox 936 2589 1089 2654; x_wconf 87' lang='lat' dir='ltr'>videtur.</span> 
     </span>
    </p>

    <p class='ocr_par' dir='ltr' id='par_1_6' title="bbox 369 2697 1603 3428">
     <span class='ocr_line' id='line_1_22' title="bbox 434 2697 1603 2781; baseline 0.003 -18"><span class='ocrx_word' id='word_1_180' title='bbox 434 2698 525 2764; x_wconf 87' lang='grc'><strong>3478.</strong></span> <span class='ocrx_word' id='word_1_181' title='bbox 569 2697 657 2764; x_wconf 90' lang='lat' dir='ltr'>Sunt</span> <span class='ocrx_word' id='word_1_182' title='bbox 672 2708 706 2765; x_wconf 93' lang='lat' dir='ltr'>et</span> <span class='ocrx_word' id='word_1_183' title='bbox 721 2700 781 2765; x_wconf 89' lang='lat' dir='ltr'>alii</span> <span class='ocrx_word' id='word_1_184' title='bbox 794 2699 912 2781; x_wconf 89' lang='lat' dir='ltr'>pisces</span> <span class='ocrx_word' id='word_1_185' title='bbox 925 2699 1106 2780; x_wconf 87' lang='lat' dir='ltr'>ingentes,</span> <span class='ocrx_word' id='word_1_186' title='bbox 1129 2715 1220 2780; x_wconf 89' lang='lat' dir='ltr'>quos</span> <span class='ocrx_word' id='word_1_187' title='bbox 1239 2714 1350 2762; x_wconf 86' lang='lat' dir='ltr'>vacas</span> <span class='ocrx_word' id='word_1_188' title='bbox 1363 2707 1515 2779; x_wconf 89' lang='lat' dir='ltr'>vocant;</span> <span class='ocrx_word' id='word_1_189' title='bbox 1537 2718 1603 2766; x_wconf 88' lang='lat' dir='ltr'>nec</span> 
     </span>
     <span class='ocr_line' id='line_1_23' title="bbox 375 2806 1600 2888; baseline 0 -16"><span class='ocrx_word' id='word_1_190' title='bbox 375 2808 465 2872; x_wconf 88' lang='lat' dir='ltr'>allae</span> <span class='ocrx_word' id='word_1_191' title='bbox 479 2824 614 2872; x_wconf 88' lang='lat' dir='ltr'>vaccae</span> <span class='ocrx_word' id='word_1_192' title='bbox 629 2807 761 2871; x_wconf 90' lang='lat' dir='ltr'>suntin</span> <span class='ocrx_word' id='word_1_193' title='bbox 776 2824 818 2870; x_wconf 86' lang='lat' dir='ltr'>ea</span> <span class='ocrx_word' id='word_1_194' title='bbox 833 2806 991 2888; x_wconf 90' lang='lat' dir='ltr'>regione;</span> <span class='ocrx_word' id='word_1_195' title='bbox 1007 2815 1042 2870; x_wconf 92' lang='lat' dir='ltr'>et</span> <span class='ocrx_word' id='word_1_196' title='bbox 1053 2806 1090 2871; x_wconf 94' lang='lat' dir='ltr'>in</span> <span class='ocrx_word' id='word_1_197' title='bbox 1100 2812 1245 2888; x_wconf 90' lang='lat' dir='ltr'>pectore</span> <span class='ocrx_word' id='word_1_198' title='bbox 1256 2807 1389 2871; x_wconf 92' lang='lat' dir='ltr'>habent</span> <span class='ocrx_word' id='word_1_199' title='bbox 1399 2822 1465 2871; x_wconf 91' lang='lat' dir='ltr'>sua</span> <span class='ocrx_word' id='word_1_200' title='bbox 1477 2808 1600 2872; x_wconf 87' lang='lat' dir='ltr'>ubera:</span> 
     </span>
     <span class='ocr_line' id='line_1_24' title="bbox 374 2913 1600 2995; baseline 0 -15"><span class='ocrx_word' id='word_1_201' title='bbox 374 2916 468 2980; x_wconf 88' lang='lat' dir='ltr'>domi</span> <span class='ocrx_word' id='word_1_202' title='bbox 483 2915 591 2980; x_wconf 90' lang='lat' dir='ltr'>etiam</span> <span class='ocrx_word' id='word_1_203' title='bbox 605 2923 687 2978; x_wconf 93' lang='lat' dir='ltr'>sunt</span> <span class='ocrx_word' id='word_1_204' title='bbox 701 2914 919 2979; x_wconf 87' lang='lat' dir='ltr'>nutrimenti.</span> <span class='ocrx_word' id='word_1_205' title='bbox 935 2913 975 2978; x_wconf 90' lang='lat' dir='ltr'>ln</span> <span class='ocrx_word' id='word_1_206' title='bbox 990 2914 1177 2979; x_wconf 90' lang='lat' dir='ltr'>arboribus</span> <span class='ocrx_word' id='word_1_207' title='bbox 1192 2923 1311 2979; x_wconf 88' lang='lat' dir='ltr'>autem</span> <span class='ocrx_word' id='word_1_208' title='bbox 1324 2914 1427 2978; x_wconf 91' lang='lat' dir='ltr'>multi</span> <span class='ocrx_word' id='word_1_209' title='bbox 1445 2915 1600 2995; x_wconf 86' lang='lat' dir='ltr'>psittaci,</span> 
     </span>
     <span class='ocr_line' id='line_1_25' title="bbox 372 3020 1601 3104; baseline 0.001 -18"><span class='ocrx_word' id='word_1_210' title='bbox 372 3022 418 3087; x_wconf 85' lang='lat' dir='ltr'>ad</span> <span class='ocrx_word' id='word_1_211' title='bbox 443 3039 565 3088; x_wconf 88' lang='lat' dir='ltr'>omnes</span> <span class='ocrx_word' id='word_1_212' title='bbox 589 3023 731 3102; x_wconf 89' lang='lat' dir='ltr'>linguas</span> <span class='ocrx_word' id='word_1_213' title='bbox 751 3020 988 3086; x_wconf 86' lang='lat' dir='ltr'>addiscendas</span> <span class='ocrx_word' id='word_1_214' title='bbox 1009 3023 1175 3104; x_wconf 90' lang='lat' dir='ltr'>prompti,</span> <span class='ocrx_word' id='word_1_215' title='bbox 1196 3021 1435 3087; x_wconf 86' lang='lat' dir='ltr'>inveniuntur.</span> <span class='ocrx_word' id='word_1_216' title='bbox 1461 3022 1601 3087; x_wconf 88' lang='lat' dir='ltr'>Incolae</span> 
     </span>
     <span class='ocr_line' id='line_1_26' title="bbox 373 3127 1600 3210; baseline 0 -15"><span class='ocrx_word' id='word_1_217' title='bbox 373 3141 493 3196; x_wconf 91' lang='lat' dir='ltr'>autem</span> <span class='ocrx_word' id='word_1_218' title='bbox 517 3128 623 3210; x_wconf 88' lang='lat' dir='ltr'>hujus</span> <span class='ocrx_word' id='word_1_219' title='bbox 647 3130 785 3194; x_wconf 88' lang='lat' dir='ltr'>insulae</span> <span class='ocrx_word' id='word_1_220' title='bbox 811 3127 928 3194; x_wconf 91' lang='lat' dir='ltr'>Mauri</span> <span class='ocrx_word' id='word_1_221' title='bbox 951 3130 1045 3194; x_wconf 90' lang='lat' dir='ltr'>bona</span> <span class='ocrx_word' id='word_1_222' title='bbox 1069 3129 1275 3194; x_wconf 89' lang='lat' dir='ltr'>habitudine</span> <span class='ocrx_word' id='word_1_223' title='bbox 1300 3139 1399 3210; x_wconf 93' lang='lat' dir='ltr'>sunt,</span> <span class='ocrx_word' id='word_1_224' title='bbox 1429 3138 1464 3194; x_wconf 91' lang='lat' dir='ltr'>et</span> <span class='ocrx_word' id='word_1_225' title='bbox 1489 3139 1600 3195; x_wconf 90' lang='lat' dir='ltr'>totum</span> 
     </span>
     <span class='ocr_line' id='line_1_27' title="bbox 370 3235 1600 3320; baseline -0.002 -16"><span class='ocrx_word' id='word_1_226' title='bbox 370 3257 502 3320; x_wconf 91' lang='lat' dir='ltr'>corpus</span> <span class='ocrx_word' id='word_1_227' title='bbox 516 3238 695 3320; x_wconf 88' lang='lat' dir='ltr'>depictum</span> <span class='ocrx_word' id='word_1_228' title='bbox 709 3237 854 3316; x_wconf 91' lang='lat' dir='ltr'>habent,</span> <span class='ocrx_word' id='word_1_229' title='bbox 865 3246 972 3319; x_wconf 86' lang='lat' dir='ltr'>prout</span> <span class='ocrx_word' id='word_1_230' title='bbox 982 3237 1019 3301; x_wconf 93' lang='lat' dir='ltr'>in</span> <span class='ocrx_word' id='word_1_231' title='bbox 1030 3235 1154 3301; x_wconf 83' lang='lat' dir='ltr'>Africa</span> <span class='ocrx_word' id='word_1_232' title='bbox 1166 3237 1320 3302; x_wconf 82' lang='lat' dir='ltr'>feminae</span> <span class='ocrx_word' id='word_1_233' title='bbox 1330 3246 1469 3318; x_wconf 89' lang='lat' dir='ltr'>partem</span> <span class='ocrx_word' id='word_1_234' title='bbox 1480 3238 1600 3302; x_wconf 80' lang='lat' dir='ltr'>vultus</span> 
     </span>
     <span class='ocr_line' id='line_1_28' title="bbox 369 3344 1597 3428; baseline -0.002 -16"><span class='ocrx_word' id='word_1_235' title='bbox 369 3347 488 3412; x_wconf 90' lang='lat' dir='ltr'>herbis</span> <span class='ocrx_word' id='word_1_236' title='bbox 513 3345 725 3427; x_wconf 89' lang='lat' dir='ltr'>depingunt:</span> <span class='ocrx_word' id='word_1_237' title='bbox 752 3345 957 3425; x_wconf 86' lang='lat' dir='ltr'>perexiguis</span> <span class='ocrx_word' id='word_1_238' title='bbox 980 3352 1127 3408; x_wconf 91' lang='lat' dir='ltr'>utuntur</span> <span class='ocrx_word' id='word_1_239' title='bbox 1152 3345 1188 3409; x_wconf 94' lang='lat' dir='ltr'>in</span> <span class='ocrx_word' id='word_1_240' title='bbox 1213 3344 1418 3425; x_wconf 86' lang='lat' dir='ltr'>navigando</span> <span class='ocrx_word' id='word_1_241' title='bbox 1442 3345 1597 3428; x_wconf 80' lang='lat' dir='ltr'>scaphis</span> 
     </span>
    </p>

    <p class='ocr_par' dir='ltr' id='par_1_7' title="bbox 367 3451 1679 4501">
     <span class='ocr_line' id='line_1_29' title="bbox 428 3451 1599 3534; baseline 0 -16"><span class='ocrx_word' id='word_1_242' title='bbox 428 3452 519 3518; x_wconf 82' lang='lat'><strong>3479.</strong></span> <span class='ocrx_word' id='word_1_243' title='bbox 563 3451 666 3518; x_wconf 90' lang='lat' dir='ltr'>Ultra</span> <span class='ocrx_word' id='word_1_244' title='bbox 681 3453 774 3516; x_wconf 88' lang='lat' dir='ltr'>hanc</span> <span class='ocrx_word' id='word_1_245' title='bbox 788 3453 941 3516; x_wconf 89' lang='lat' dir='ltr'>insulam</span> <span class='ocrx_word' id='word_1_246' title='bbox 955 3451 1071 3515; x_wconf 90' lang='lat' dir='ltr'>Mauri</span> <span class='ocrx_word' id='word_1_247' title='bbox 1085 3451 1176 3515; x_wconf 88' lang='lat' dir='ltr'>aliae</span> <span class='ocrx_word' id='word_1_248' title='bbox 1191 3460 1273 3516; x_wconf 89' lang='lat' dir='ltr'>sunt</span> <span class='ocrx_word' id='word_1_249' title='bbox 1287 3452 1434 3533; x_wconf 89' lang='lat' dir='ltr'>insulae,</span> <span class='ocrx_word' id='word_1_250' title='bbox 1450 3469 1599 3534; x_wconf 91' lang='lat' dir='ltr'>quarum</span> 
     </span>
     <span class='ocr_line' id='line_1_30' title="bbox 369 3559 1598 3642; baseline 0 -17"><span class='ocrx_word' id='word_1_251' title='bbox 369 3563 504 3626; x_wconf 91' lang='lat' dir='ltr'>incolas</span> <span class='ocrx_word' id='word_1_252' title='bbox 515 3568 663 3642; x_wconf 81' lang='lat' dir='ltr'>papuas</span> <span class='ocrx_word' id='word_1_253' title='bbox 676 3569 819 3638; x_wconf 91' lang='lat' dir='ltr'>vocant,</span> <span class='ocrx_word' id='word_1_254' title='bbox 833 3575 984 3641; x_wconf 90' lang='lat' dir='ltr'>quarum</span> <span class='ocrx_word' id='word_1_255' title='bbox 993 3567 1130 3622; x_wconf 92' lang='lat' dir='ltr'>tractus</span> <span class='ocrx_word' id='word_1_256' title='bbox 1140 3559 1339 3623; x_wconf 89' lang='lat' dir='ltr'>maritimus</span> <span class='ocrx_word' id='word_1_257' title='bbox 1348 3568 1598 3626; x_wconf 86' lang='lat' dir='ltr'>sexcentarum</span> 
     </span>
     <span class='ocr_line' id='line_1_31' title="bbox 368 3665 1596 3748; baseline 0 -16"><span class='ocrx_word' id='word_1_258' title='bbox 368 3669 549 3733; x_wconf 89' lang='lat' dir='ltr'>leucarum</span> <span class='ocrx_word' id='word_1_259' title='bbox 565 3685 643 3732; x_wconf 89' lang='lat' dir='ltr'>esse</span> <span class='ocrx_word' id='word_1_260' title='bbox 658 3665 797 3742; x_wconf 90' lang='lat' dir='ltr'>dicitur,</span> <span class='ocrx_word' id='word_1_261' title='bbox 814 3677 848 3729; x_wconf 91' lang='lat' dir='ltr'>et</span> <span class='ocrx_word' id='word_1_262' title='bbox 863 3665 909 3730; x_wconf 89' lang='lat' dir='ltr'>ad</span> <span class='ocrx_word' id='word_1_263' title='bbox 923 3682 1055 3730; x_wconf 85' lang='lat' dir='ltr'>novam</span> <span class='ocrx_word' id='word_1_264' title='bbox 1068 3665 1278 3746; x_wconf 86' lang='lat' dir='ltr'>Hispaniam</span> <span class='ocrx_word' id='word_1_265' title='bbox 1289 3683 1401 3748; x_wconf 91' lang='lat' dir='ltr'>prope</span> <span class='ocrx_word' id='word_1_266' title='bbox 1412 3666 1596 3746; x_wconf 88' lang='lat' dir='ltr'>accedere;</span> 
     </span>
     <span class='ocr_line' id='line_1_32' title="bbox 369 3772 1597 3855; baseline 0.001 -16"><span class='ocrx_word' id='word_1_267' title='bbox 369 3786 404 3840; x_wconf 90' lang='lat' dir='ltr'>et</span> <span class='ocrx_word' id='word_1_268' title='bbox 417 3775 512 3855; x_wconf 90' lang='lat' dir='ltr'>nigri</span> <span class='ocrx_word' id='word_1_269' title='bbox 525 3784 620 3850; x_wconf 89' lang='lat' dir='ltr'>sunt,</span> <span class='ocrx_word' id='word_1_270' title='bbox 637 3783 675 3839; x_wconf 94' lang='lat' dir='ltr'>ut</span> <span class='ocrx_word' id='word_1_271' title='bbox 691 3773 890 3854; x_wconf 88' lang='lat' dir='ltr'>aethiopes,</span> <span class='ocrx_word' id='word_1_272' title='bbox 909 3789 1033 3837; x_wconf 88' lang='lat' dir='ltr'>omnes</span> <span class='ocrx_word' id='word_1_273' title='bbox 1052 3773 1202 3852; x_wconf 89' lang='lat' dir='ltr'>gentiles</span> <span class='ocrx_word' id='word_1_274' title='bbox 1216 3781 1251 3836; x_wconf 91' lang='lat' dir='ltr'>et</span> <span class='ocrx_word' id='word_1_275' title='bbox 1266 3774 1332 3837; x_wconf 92' lang='lat' dir='ltr'>sub</span> <span class='ocrx_word' id='word_1_276' title='bbox 1351 3774 1472 3839; x_wconf 92' lang='lat' dir='ltr'>multis</span> <span class='ocrx_word' id='word_1_277' title='bbox 1494 3772 1597 3855; x_wconf 89' lang='lat' dir='ltr'>Regi·</span> 
     </span>
     <span class='ocr_line' id='line_1_33' title="bbox 370 3878 1598 3964; baseline 0 -18"><span class='ocrx_word' id='word_1_278' title='bbox 370 3885 444 3964; x_wconf 79' lang='lat' dir='ltr'>buS,</span> <span class='ocrx_word' id='word_1_279' title='bbox 462 3901 505 3947; x_wconf 91' lang='lat' dir='ltr'>ac</span> <span class='ocrx_word' id='word_1_280' title='bbox 519 3883 613 3946; x_wconf 92' lang='lat' dir='ltr'>bono</span> <span class='ocrx_word' id='word_1_281' title='bbox 628 3882 771 3962; x_wconf 91' lang='lat' dir='ltr'>ingenio</span> <span class='ocrx_word' id='word_1_282' title='bbox 786 3880 949 3963; x_wconf 90' lang='lat' dir='ltr'>praediti,</span> <span class='ocrx_word' id='word_1_283' title='bbox 966 3888 1000 3944; x_wconf 88' lang='lat' dir='ltr'>et</span> <span class='ocrx_word' id='word_1_284' title='bbox 1015 3897 1103 3944; x_wconf 90' lang='lat' dir='ltr'>auro</span> <span class='ocrx_word' id='word_1_285' title='bbox 1113 3878 1297 3945; x_wconf 89' lang='lat' dir='ltr'>abundare</span> <span class='ocrx_word' id='word_1_286' title='bbox 1310 3880 1495 3960; x_wconf 88' lang='lat' dir='ltr'>dicuntur;</span> <span class='ocrx_word' id='word_1_287' title='bbox 1510 3881 1598 3946; x_wconf 90' lang='lat' dir='ltr'>ethi</span> 
     </span>
     <span class='ocr_line' id='line_1_34' title="bbox 369 3988 1679 4070; baseline 0 -17"><span class='ocrx_word' id='word_1_288' title='bbox 369 3990 474 4056; x_wconf 87' lang='lat' dir='ltr'>facile</span> <span class='ocrx_word' id='word_1_289' title='bbox 489 3989 594 4054; x_wconf 88' lang='lat' dir='ltr'>fidem</span> <span class='ocrx_word' id='word_1_290' title='bbox 614 3989 848 4070; x_wconf 89' lang='lat' dir='ltr'>susciperent,</span> <span class='ocrx_word' id='word_1_291' title='bbox 866 3989 896 4052; x_wconf 93' lang='lat' dir='ltr'>si</span> <span class='ocrx_word' id='word_1_292' title='bbox 912 3997 1031 4053; x_wconf 90' lang='lat' dir='ltr'>essent</span> <span class='ocrx_word' id='word_1_293' title='bbox 1046 3988 1212 4069; x_wconf 86' lang='lat' dir='ltr'>operarii,</span> <span class='ocrx_word' id='word_1_294' title='bbox 1228 3989 1290 4069; x_wconf 91' lang='lat' dir='ltr'>qui</span> <span class='ocrx_word' id='word_1_295' title='bbox 1304 4005 1366 4052; x_wconf 89' lang='lat' dir='ltr'>eos</span> <span class='ocrx_word' id='word_1_296' title='bbox 1380 3989 1600 4055; x_wconf 89' lang='lat' dir='ltr'>instruerent</span> <span class='ocrx_word' id='word_1_297' title='bbox 1676 3988 1679 3996; x_wconf 90' lang='lat'>&#39;</span> 
     </span>
     <span class='ocr_line' id='line_1_35' title="bbox 369 4093 1600 4179; baseline -0.001 -18"><span class='ocrx_word' id='word_1_298' title='bbox 369 4114 412 4161; x_wconf 90' lang='lat' dir='ltr'>ac</span> <span class='ocrx_word' id='word_1_299' title='bbox 427 4097 660 4179; x_wconf 89' lang='lat' dir='ltr'>baptizarent.</span> <span class='ocrx_word' id='word_1_300' title='bbox 679 4093 782 4178; x_wconf 90' lang='lat' dir='ltr'>[Quia</span> <span class='ocrx_word' id='word_1_301' title='bbox 797 4113 884 4160; x_wconf 87' lang='lat' dir='ltr'>veto</span> <span class='ocrx_word' id='word_1_302' title='bbox 899 4095 1005 4177; x_wconf 87' lang='lat' dir='ltr'>pauci</span> <span class='ocrx_word' id='word_1_303' title='bbox 1019 4113 1167 4160; x_wconf 90' lang='lat' dir='ltr'>numero</span> <span class='ocrx_word' id='word_1_304' title='bbox 1188 4112 1327 4176; x_wconf 88' lang='lat' dir='ltr'>sumus,</span> <span class='ocrx_word' id='word_1_305' title='bbox 1347 4112 1390 4160; x_wconf 90' lang='lat' dir='ltr'>eo</span> <span class='ocrx_word' id='word_1_306' title='bbox 1410 4096 1509 4161; x_wconf 89' lang='lat' dir='ltr'>adire</span> <span class='ocrx_word' id='word_1_307' title='bbox 1528 4114 1600 4162; x_wconf 89' lang='lat' dir='ltr'>non</span> 
     </span>
     <span class='ocr_line' id='line_1_36' title="bbox 368 4202 1600 4287; baseline 0.001 -19"><span class='ocrx_word' id='word_1_308' title='bbox 368 4202 567 4287; x_wconf 88' lang='lat' dir='ltr'>possemus]</span> <span class='ocrx_word' id='word_1_309' title='bbox 582 4205 747 4286; x_wconf 89' lang='lat' dir='ltr'>quamvis</span> <span class='ocrx_word' id='word_1_310' title='bbox 761 4203 829 4284; x_wconf 91' lang='lat' dir='ltr'>ipsi</span> <span class='ocrx_word' id='word_1_311' title='bbox 850 4205 885 4267; x_wconf 91' lang='lat' dir='ltr'>id</span> <span class='ocrx_word' id='word_1_312' title='bbox 903 4203 1072 4267; x_wconf 88' lang='lat' dir='ltr'>continuo</span> <span class='ocrx_word' id='word_1_313' title='bbox 1093 4212 1265 4284; x_wconf 90' lang='lat' dir='ltr'>peterent.</span> <span class='ocrx_word' id='word_1_314' title='bbox 1291 4202 1363 4269; x_wconf 86' lang='lat' dir='ltr'>Sex</span> <span class='ocrx_word' id='word_1_315' title='bbox 1382 4213 1444 4268; x_wconf 88' lang='lat' dir='ltr'>aut</span> <span class='ocrx_word' id='word_1_316' title='bbox 1462 4213 1600 4287; x_wconf 88' lang='lat' dir='ltr'>septem</span> 
     </span>
     <span class='ocr_line' id='line_1_37' title="bbox 368 4311 1598 4392; baseline 0 -15"><span class='ocrx_word' id='word_1_317' title='bbox 368 4312 505 4377; x_wconf 89' lang='lat' dir='ltr'>dierum</span> <span class='ocrx_word' id='word_1_318' title='bbox 525 4313 650 4377; x_wconf 90' lang='lat' dir='ltr'>itinere</span> <span class='ocrx_word' id='word_1_319' title='bbox 669 4329 715 4376; x_wconf 91' lang='lat' dir='ltr'>ex</span> <span class='ocrx_word' id='word_1_320' title='bbox 736 4311 852 4375; x_wconf 90' lang='lat' dir='ltr'>insula</span> <span class='ocrx_word' id='word_1_321' title='bbox 870 4311 1003 4375; x_wconf 89' lang='lat' dir='ltr'>Maluci</span> <span class='ocrx_word' id='word_1_322' title='bbox 1022 4329 1064 4374; x_wconf 94' lang='lat' dir='ltr'>eo</span> <span class='ocrx_word' id='word_1_323' title='bbox 1083 4320 1200 4392; x_wconf 91' lang='lat' dir='ltr'>potest</span> <span class='ocrx_word' id='word_1_324' title='bbox 1223 4312 1401 4392; x_wconf 90' lang='lat' dir='ltr'>navigari.</span> <span class='ocrx_word' id='word_1_325' title='bbox 1421 4311 1516 4377; x_wconf 92' lang='lat' dir='ltr'>Inter</span> <span class='ocrx_word' id='word_1_326' title='bbox 1534 4311 1598 4377; x_wconf 92' lang='lat' dir='ltr'>Pa·</span> 
     </span>
     <span class='ocr_line' id='line_1_38' title="bbox 367 4418 1598 4501; baseline 0 -17"><span class='ocrx_word' id='word_1_327' title='bbox 367 4437 458 4501; x_wconf 89' lang='lat' dir='ltr'>puas</span> <span class='ocrx_word' id='word_1_328' title='bbox 472 4429 507 4485; x_wconf 95' lang='lat' dir='ltr'>et</span> <span class='ocrx_word' id='word_1_329' title='bbox 521 4419 735 4498; x_wconf 89' lang='lat' dir='ltr'>Maluchum,</span> <span class='ocrx_word' id='word_1_330' title='bbox 753 4418 844 4482; x_wconf 89' lang='lat' dir='ltr'>aliae</span> <span class='ocrx_word' id='word_1_331' title='bbox 858 4426 942 4483; x_wconf 91' lang='lat' dir='ltr'>sunt</span> <span class='ocrx_word' id='word_1_332' title='bbox 956 4418 1128 4500; x_wconf 88' lang='lat' dir='ltr'>plurimae</span> <span class='ocrx_word' id='word_1_333' title='bbox 1143 4418 1280 4483; x_wconf 88' lang='lat' dir='ltr'>insulae</span> <span class='ocrx_word' id='word_1_334' title='bbox 1291 4420 1476 4484; x_wconf 85' lang='lat' dir='ltr'>variarum</span> <span class='ocrx_word' id='word_1_335' title='bbox 1486 4420 1598 4484; x_wconf 87' lang='lat' dir='ltr'>natio·</span> 
     </span>
    </p>
   </div>
   <div class='ocr_carea' id='block_1_3' title="bbox 369 4585 1595 4714">
    <p class='ocr_par' dir='ltr' id='par_1_8' title="bbox 369 4585 1595 4714">
     <span class='ocr_line' id='line_1_39' title="bbox 409 4585 1595 4646; baseline 0.003 -14"><span class='ocrx_word' id='word_1_336' title='bbox 409 4587 418 4621; x_wconf 91' lang='lat'>¹</span> <span class='ocrx_word' id='word_1_337' title='bbox 448 4587 540 4642; x_wconf 80' lang='lat' dir='ltr'>Sapra.</span> <span class='ocrx_word' id='word_1_338' title='bbox 549 4595 568 4632; x_wconf 89' lang='lat' dir='ltr'>t.</span> <span class='ocrx_word' id='word_1_339' title='bbox 579 4598 597 4640; x_wconf 87' lang='lat' dir='ltr'>r,</span> <span class='ocrx_word' id='word_1_340' title='bbox 607 4599 667 4644; x_wconf 76' lang='lat' dir='ltr'>pag.</span> <span class='ocrx_word' id='word_1_341' title='bbox 676 4585 725 4642; x_wconf 76' lang='lat'>20⁴,</span> <span class='ocrx_word' id='word_1_342' title='bbox 736 4599 761 4632; x_wconf 92' lang='lat' dir='ltr'>n.</span> <span class='ocrx_word' id='word_1_343' title='bbox 773 4587 820 4639; x_wconf 60' lang='lat' dir='ltr'>ioh,</span> <span class='ocrx_word' id='word_1_344' title='bbox 830 4598 890 4643; x_wconf 76' lang='lat' dir='ltr'>pag.</span> <span class='ocrx_word' id='word_1_345' title='bbox 900 4586 1376 4644; x_wconf 64' lang='lat' dir='ltr'>258,n.221,annot.?,pag·2⁶0,n.m</span> <span class='ocrx_word' id='word_1_346' title='bbox 1384 4599 1445 4644; x_wconf 69' lang='lat' dir='ltr'>pag.</span> <span class='ocrx_word' id='word_1_347' title='bbox 1454 4589 1503 4641; x_wconf 74' lang='grc'><strong>477.</strong></span> <span class='ocrx_word' id='word_1_348' title='bbox 1514 4589 1595 4646; x_wconf 58' lang='grc' dir='ltr'>πω,</span> 
     </span>
     <span class='ocr_line' id='line_1_40' title="bbox 369 4656 1512 4714; baseline 0 -10"><span class='ocrx_word' id='word_1_349' title='bbox 369 4664 396 4704; x_wconf 79' lang='lat' dir='ltr'>et</span> <span class='ocrx_word' id='word_1_350' title='bbox 405 4660 432 4704; x_wconf 88' lang='lat' dir='ltr'>lo</span> <span class='ocrx_word' id='word_1_351' title='bbox 441 4659 501 4704; x_wconf 75' lang='lat' dir='ltr'>allia</span> <span class='ocrx_word' id='word_1_352' title='bbox 508 4659 680 4704; x_wconf 78' lang='lat' dir='ltr'>voluminibus</span> <span class='ocrx_word' id='word_1_353' title='bbox 689 4668 768 4713; x_wconf 76' lang='lat' dir='ltr'>nepe</span> <span class='ocrx_word' id='word_1_354' title='bbox 778 4669 891 4712; x_wconf 79' lang='lat' dir='ltr'>nurnero,</span> <span class='ocrx_word' id='word_1_355' title='bbox 903 4658 1043 4714; x_wconf 76' lang='lat' dir='ltr'>praecipue</span> <span class='ocrx_word' id='word_1_356' title='bbox 1052 4669 1116 4704; x_wconf 80' lang='lat' dir='ltr'>vero</span> <span class='ocrx_word' id='word_1_357' title='bbox 1125 4663 1145 4703; x_wconf 87' lang='lat' dir='ltr'>t.</span> <span class='ocrx_word' id='word_1_358' title='bbox 1155 4669 1183 4714; x_wconf 88' lang='lat' dir='ltr'>u,</span> <span class='ocrx_word' id='word_1_359' title='bbox 1194 4669 1254 4714; x_wconf 71' lang='lat' dir='ltr'>pag.</span> <span class='ocrx_word' id='word_1_360' title='bbox 1264 4657 1365 4713; x_wconf 63' lang='grc'>768472,</span> <span class='ocrx_word' id='word_1_361' title='bbox 1374 4668 1399 4704; x_wconf 80' lang='lat' dir='ltr'>a.</span> <span class='ocrx_word' id='word_1_362' title='bbox 1407 4656 1512 4706; x_wconf 68' lang='lat' dir='ltr'>mm.</span> 
     </span>
    </p>
   </div>
   <div class='ocr_carea' id='block_1_4' title="bbox 0 0 1826 5350">
    <p class='ocr_par' dir='ltr' id='par_1_9' title="bbox 0 0 1826 5350">
     <span class='ocr_line' id='line_1_41' title="bbox 0 0 1826 5350; baseline 0 1"><span class='ocrx_word' id='word_1_363' title='bbox 0 0 1826 5350; x_wconf 95' lang='lat' dir='ltr'> </span> 
     </span>
    </p>
   </div>
  </div>
 </body>
</html>
