<?xml version="1.0" encoding="UTF-8"?>
<!DOCTYPE html PUBLIC "-//W3C//DTD XHTML 1.0 Transitional//EN"
    "http://www.w3.org/TR/xhtml1/DTD/xhtml1-transitional.dtd">
<html xmlns="http://www.w3.org/1999/xhtml" xml:lang="en" lang="en">
 <head>
  <title>
</title>
<meta http-equiv="Content-Type" content="text/html;charset=utf-8" />
  <meta name='ocr-system' content='tesseract 3.04.00' />
  <meta name='ocr-capabilities' content='ocr_page ocr_carea ocr_par ocr_line ocrx_word'/>
</head>
<body>
  <div class='ocr_page' id='page_1' title='image "./vitaignatiiloio00polagoog_0246.png"; bbox 0 0 3642 5350; ppageno 0'>
   <div class='ocr_carea' id='block_1_1' title="bbox 372 430 1154 507">
    <p class='ocr_par' dir='ltr' id='par_1_1' title="bbox 372 430 1154 507">
     <span class='ocr_line' id='line_1_1' title="bbox 372 430 1154 507; baseline -0.004 -12"><span class='ocrx_word' id='word_1_1' title='bbox 372 430 428 494; x_wconf 68' lang='lat'>[¹38</span> <span class='ocrx_word' id='word_1_2' title='bbox 831 433 957 495; x_wconf 78' lang='lat' dir='ltr'>Canon.</span> <span class='ocrx_word' id='word_1_3' title='bbox 983 432 1058 494; x_wconf 91' lang='lat' dir='ltr'>Soc.</span> <span class='ocrx_word' id='word_1_4' title='bbox 1085 433 1154 507; x_wconf 82' lang='lat' dir='ltr'>Jas.</span> 
     </span>
    </p>
   </div>
   <div class='ocr_carea' id='block_1_2' title="bbox 366 576 1600 4323">
    <p class='ocr_par' dir='ltr' id='par_1_2' title="bbox 372 576 1600 985">
     <span class='ocr_line' id='line_1_2' title="bbox 433 576 1600 662; baseline 0 -19"><span class='ocrx_word' id='word_1_5' title='bbox 433 579 504 644; x_wconf 86' lang='lat'>900.</span> <span class='ocrx_word' id='word_1_6' title='bbox 548 580 750 662; x_wconf 85' lang='lat' dir='ltr'><strong>Antequam</strong></span> <span class='ocrx_word' id='word_1_7' title='bbox 778 580 944 645; x_wconf 81' lang='lat' dir='ltr'>Ferraria</span> <span class='ocrx_word' id='word_1_8' title='bbox 978 579 1180 658; x_wconf 81' lang='lat' dir='ltr'>recederet,</span> <span class='ocrx_word' id='word_1_9' title='bbox 1215 578 1254 643; x_wconf 92' lang='lat' dir='ltr'>P.</span> <span class='ocrx_word' id='word_1_10' title='bbox 1287 576 1426 659; x_wconf 85' lang='lat' dir='ltr'>ignatio</span> <span class='ocrx_word' id='word_1_11' title='bbox 1459 578 1600 660; x_wconf 86' lang='lat' dir='ltr'><strong>scripsit</strong></span> 
     </span>
     <span class='ocr_line' id='line_1_3' title="bbox 373 686 1596 770; baseline -0.003 -18"><span class='ocrx_word' id='word_1_12' title='bbox 373 689 516 753; x_wconf 92' lang='lat' dir='ltr'>omnino</span> <span class='ocrx_word' id='word_1_13' title='bbox 536 688 630 770; x_wconf 85' lang='lat' dir='ltr'>Mag.</span> <span class='ocrx_word' id='word_1_14' title='bbox 651 689 879 753; x_wconf 85' lang='lat' dir='ltr'>Ambrosium</span> <span class='ocrx_word' id='word_1_15' title='bbox 900 687 1106 752; x_wconf 90' lang='lat' dir='ltr'>Pollicinum</span> <span class='ocrx_word' id='word_1_16' title='bbox 1126 686 1207 752; x_wconf 91' lang='lat' dir='ltr'>inde</span> <span class='ocrx_word' id='word_1_17' title='bbox 1230 686 1485 751; x_wconf 82' lang='lat' dir='ltr'>removendum</span> <span class='ocrx_word' id='word_1_18' title='bbox 1507 703 1596 765; x_wconf 91' lang='lat' dir='ltr'>esse,</span> 
     </span>
     <span class='ocr_line' id='line_1_4' title="bbox 372 793 1598 877; baseline -0.001 -19"><span class='ocrx_word' id='word_1_19' title='bbox 372 813 438 859; x_wconf 88' lang='lat' dir='ltr'>nee</span> <span class='ocrx_word' id='word_1_20' title='bbox 462 805 580 859; x_wconf 91' lang='lat' dir='ltr'>tamen</span> <span class='ocrx_word' id='word_1_21' title='bbox 606 813 752 860; x_wconf 89' lang='lat' dir='ltr'>causam</span> <span class='ocrx_word' id='word_1_22' title='bbox 778 796 982 877; x_wconf 83' lang='lat' dir='ltr'>explicavit;</span> <span class='ocrx_word' id='word_1_23' title='bbox 1010 795 1088 857; x_wconf 92' lang='lat' dir='ltr'>ideo</span> <span class='ocrx_word' id='word_1_24' title='bbox 1113 793 1162 857; x_wconf 88' lang='grc' dir='ltr'>Ρ.’</span> <span class='ocrx_word' id='word_1_25' title='bbox 1178 793 1348 874; x_wconf 85' lang='lat' dir='ltr'>Ignatius,</span> <span class='ocrx_word' id='word_1_26' title='bbox 1376 804 1413 857; x_wconf 91' lang='lat' dir='ltr'>ut</span> <span class='ocrx_word' id='word_1_27' title='bbox 1436 794 1598 875; x_wconf 91' lang='lat' dir='ltr'>superius</span> 
     </span>
     <span class='ocr_line' id='line_1_5' title="bbox 373 899 1306 985; baseline 0 -18"><span class='ocrx_word' id='word_1_28' title='bbox 373 902 526 968; x_wconf 83' lang='lat' dir='ltr'>diximus</span> <span class='ocrx_word' id='word_1_29' title='bbox 541 907 561 983; x_wconf 82' lang='lat'>¹,</span> <span class='ocrx_word' id='word_1_30' title='bbox 577 904 743 967; x_wconf 83' lang='lat' dir='ltr'>Ferraria</span> <span class='ocrx_word' id='word_1_31' title='bbox 757 900 1009 985; x_wconf 88' lang='lat' dir='ltr'>[Ambrosium]</span> <span class='ocrx_word' id='word_1_32' title='bbox 1025 902 1179 982; x_wconf 87' lang='lat' dir='ltr'>migrare</span> <span class='ocrx_word' id='word_1_33' title='bbox 1191 899 1306 981; x_wconf 79' lang='lat' dir='ltr'>Jussit.</span> 
     </span>
    </p>

    <p class='ocr_par' dir='ltr' id='par_1_3' title="bbox 371 1008 1600 1633">
     <span class='ocr_line' id='line_1_6' title="bbox 432 1008 1598 1093; baseline -0.001 -19"><span class='ocrx_word' id='word_1_34' title='bbox 432 1010 502 1074; x_wconf 88' lang='lat'>901.</span> <span class='ocrx_word' id='word_1_35' title='bbox 546 1010 717 1093; x_wconf 87' lang='lat' dir='ltr'>Cupiebat</span> <span class='ocrx_word' id='word_1_36' title='bbox 743 1020 861 1075; x_wconf 93' lang='lat' dir='ltr'>autem</span> <span class='ocrx_word' id='word_1_37' title='bbox 882 1008 1036 1075; x_wconf 90' lang='lat' dir='ltr'>Domina</span> <span class='ocrx_word' id='word_1_38' title='bbox 1058 1009 1171 1073; x_wconf 91' lang='lat' dir='ltr'>Maria</span> <span class='ocrx_word' id='word_1_39' title='bbox 1193 1010 1249 1074; x_wconf 91' lang='lat' dir='ltr'>del</span> <span class='ocrx_word' id='word_1_40' title='bbox 1276 1010 1386 1093; x_wconf 88' lang='lat' dir='ltr'>Jesse,</span> <span class='ocrx_word' id='word_1_41' title='bbox 1415 1009 1598 1074; x_wconf 80' lang='lat' dir='ltr'>fundatrix</span> 
     </span>
     <span class='ocr_line' id='line_1_7' title="bbox 372 1114 1595 1199; baseline -0.001 -17"><span class='ocrx_word' id='word_1_42' title='bbox 372 1118 611 1183; x_wconf 85' lang='lat' dir='ltr'>Ferrariensis</span> <span class='ocrx_word' id='word_1_43' title='bbox 632 1119 791 1199; x_wconf 81' lang='lat' dir='ltr'>Collegii,</span> <span class='ocrx_word' id='word_1_44' title='bbox 816 1134 946 1198; x_wconf 82' lang='lat' dir='ltr'>magno</span> <span class='ocrx_word' id='word_1_45' title='bbox 969 1114 1097 1182; x_wconf 85' lang='lat' dir='ltr'>alle&#39;ctu</span> <span class='ocrx_word' id='word_1_46' title='bbox 1121 1117 1157 1181; x_wconf 90' lang='lat' dir='ltr'>P.</span> <span class='ocrx_word' id='word_1_47' title='bbox 1175 1116 1355 1182; x_wconf 87' lang='lat' dir='ltr'>Simonem</span> <span class='ocrx_word' id='word_1_48' title='bbox 1370 1116 1418 1182; x_wconf 90' lang='lat' dir='ltr'>ibi</span> <span class='ocrx_word' id='word_1_49' title='bbox 1433 1118 1595 1195; x_wconf 83' lang='lat' dir='ltr'>retinere,</span> 
     </span>
     <span class='ocr_line' id='line_1_8' title="bbox 372 1224 1598 1308; baseline -0.002 -18"><span class='ocrx_word' id='word_1_50' title='bbox 372 1235 419 1305; x_wconf 92' lang='lat' dir='ltr'>et,</span> <span class='ocrx_word' id='word_1_51' title='bbox 435 1227 531 1307; x_wconf 91' lang='lat' dir='ltr'>quod</span> <span class='ocrx_word' id='word_1_52' title='bbox 552 1227 601 1290; x_wconf 92' lang='lat' dir='ltr'>ad·</span> <span class='ocrx_word' id='word_1_53' title='bbox 618 1244 748 1308; x_wconf 89' lang='lat' dir='ltr'>corpus</span> <span class='ocrx_word' id='word_1_54' title='bbox 766 1226 906 1305; x_wconf 85' lang='lat' dir='ltr'>attinet,</span> <span class='ocrx_word' id='word_1_55' title='bbox 928 1225 1053 1289; x_wconf 90' lang='lat' dir='ltr'>melius</span> <span class='ocrx_word' id='word_1_56' title='bbox 1075 1225 1217 1289; x_wconf 91' lang='lat' dir='ltr'>omnino</span> <span class='ocrx_word' id='word_1_57' title='bbox 1242 1244 1349 1306; x_wconf 89' lang='lat' dir='ltr'>quam</span> <span class='ocrx_word' id='word_1_58' title='bbox 1373 1224 1512 1289; x_wconf 89' lang='lat' dir='ltr'>Patavii</span> <span class='ocrx_word' id='word_1_59' title='bbox 1537 1233 1598 1288; x_wconf 90' lang='lat' dir='ltr'>aut</span> 
     </span>
     <span class='ocr_line' id='line_1_9' title="bbox 371 1332 1598 1415; baseline -0.002 -17"><span class='ocrx_word' id='word_1_60' title='bbox 371 1334 454 1398; x_wconf 90' lang='lat' dir='ltr'>alibi</span> <span class='ocrx_word' id='word_1_61' title='bbox 465 1353 546 1399; x_wconf 89' lang='lat' dir='ltr'>eum</span> <span class='ocrx_word' id='word_1_62' title='bbox 557 1335 744 1399; x_wconf 85' lang='lat' dir='ltr'>tractabat.</span> <span class='ocrx_word' id='word_1_63' title='bbox 760 1332 829 1398; x_wconf 91' lang='lat' dir='ltr'>Sed</span> <span class='ocrx_word' id='word_1_64' title='bbox 844 1336 926 1414; x_wconf 92' lang='lat' dir='ltr'>quia</span> <span class='ocrx_word' id='word_1_65' title='bbox 939 1341 1000 1397; x_wconf 75' lang='lat' dir='ltr'>aer</span> <span class='ocrx_word' id='word_1_66' title='bbox 1016 1334 1073 1397; x_wconf 93' lang='lat' dir='ltr'>ille</span> <span class='ocrx_word' id='word_1_67' title='bbox 1085 1334 1252 1415; x_wconf 88' lang='lat' dir='ltr'>palustris</span> <span class='ocrx_word' id='word_1_68' title='bbox 1265 1332 1459 1397; x_wconf 90' lang='lat' dir='ltr'>valetudini</span> <span class='ocrx_word' id='word_1_69' title='bbox 1471 1350 1598 1414; x_wconf 91' lang='lat' dir='ltr'>parum</span> 
     </span>
     <span class='ocr_line' id='line_1_10' title="bbox 372 1440 1600 1522; baseline -0.002 -16"><span class='ocrx_word' id='word_1_70' title='bbox 372 1442 620 1522; x_wconf 85' lang='lat' dir='ltr'>conveniebat,</span> <span class='ocrx_word' id='word_1_71' title='bbox 638 1460 709 1507; x_wconf 92' lang='lat' dir='ltr'>non</span> <span class='ocrx_word' id='word_1_72' title='bbox 724 1442 781 1506; x_wconf 89' lang='lat' dir='ltr'>diu</span> <span class='ocrx_word' id='word_1_73' title='bbox 796 1441 983 1505; x_wconf 89' lang='lat' dir='ltr'>Ferrariae</span> <span class='ocrx_word' id='word_1_74' title='bbox 998 1442 1138 1521; x_wconf 91' lang='lat' dir='ltr'>mansit,</span> <span class='ocrx_word' id='word_1_75' title='bbox 1159 1453 1193 1505; x_wconf 90' lang='lat' dir='ltr'>et</span> <span class='ocrx_word' id='word_1_76' title='bbox 1214 1442 1318 1506; x_wconf 93' lang='lat' dir='ltr'>simul</span> <span class='ocrx_word' id='word_1_77' title='bbox 1339 1450 1444 1522; x_wconf 88' lang='lat' dir='ltr'>atque</span> <span class='ocrx_word' id='word_1_78' title='bbox 1464 1440 1600 1505; x_wconf 90' lang='lat' dir='ltr'>remisit</span> 
     </span>
     <span class='ocr_line' id='line_1_11' title="bbox 371 1548 1393 1633; baseline -0.005 -20"><span class='ocrx_word' id='word_1_79' title='bbox 371 1567 449 1615; x_wconf 89' lang='lat' dir='ltr'>sese</span> <span class='ocrx_word' id='word_1_80' title='bbox 462 1568 583 1615; x_wconf 90' lang='lat' dir='ltr'>rumor</span> <span class='ocrx_word' id='word_1_81' title='bbox 596 1550 706 1631; x_wconf 90' lang='lat' dir='ltr'>pestis</span> <span class='ocrx_word' id='word_1_82' title='bbox 721 1549 893 1629; x_wconf 89' lang='lat' dir='ltr'>Venetiis,</span> <span class='ocrx_word' id='word_1_83' title='bbox 912 1549 976 1613; x_wconf 90' lang='lat' dir='ltr'>sub</span> <span class='ocrx_word' id='word_1_84' title='bbox 991 1548 1096 1613; x_wconf 88' lang='lat' dir='ltr'>linem</span> <span class='ocrx_word' id='word_1_85' title='bbox 1110 1550 1205 1633; x_wconf 91' lang='lat' dir='ltr'>Junii</span> <span class='ocrx_word' id='word_1_86' title='bbox 1220 1566 1262 1613; x_wconf 92' lang='lat' dir='ltr'>eo</span> <span class='ocrx_word' id='word_1_87' title='bbox 1277 1548 1393 1614; x_wconf 90' lang='lat' dir='ltr'>rediit.</span> 
     </span>
    </p>

    <p class='ocr_par' dir='ltr' id='par_1_4' title="bbox 370 1654 1598 2169">
     <span class='ocr_line' id='line_1_12' title="bbox 430 1654 1598 1739; baseline -0.002 -18"><span class='ocrx_word' id='word_1_88' title='bbox 430 1656 498 1721; x_wconf 85' lang='lat'>902.</span> <span class='ocrx_word' id='word_1_89' title='bbox 541 1658 741 1739; x_wconf 87' lang='lat' dir='ltr'>Antequam</span> <span class='ocrx_word' id='word_1_90' title='bbox 767 1668 886 1722; x_wconf 92' lang='lat' dir='ltr'>tamen</span> <span class='ocrx_word' id='word_1_91' title='bbox 910 1657 1079 1721; x_wconf 88' lang='lat' dir='ltr'>Ferraria</span> <span class='ocrx_word' id='word_1_92' title='bbox 1103 1656 1300 1735; x_wconf 86' lang='lat' dir='ltr'>recederet,</span> <span class='ocrx_word' id='word_1_93' title='bbox 1327 1657 1426 1721; x_wconf 85' lang='lat' dir='ltr'>visus</span> <span class='ocrx_word' id='word_1_94' title='bbox 1450 1664 1504 1719; x_wconf 92' lang='lat' dir='ltr'>est</span> <span class='ocrx_word' id='word_1_95' title='bbox 1531 1654 1598 1719; x_wconf 91' lang='lat' dir='ltr'>sibi</span> 
     </span>
     <span class='ocr_line' id='line_1_13' title="bbox 371 1762 1596 1851; baseline -0.003 -22"><span class='ocrx_word' id='word_1_96' title='bbox 371 1783 567 1847; x_wconf 85' lang='lat' dir='ltr'>agnoscere</span> <span class='ocrx_word' id='word_1_97' title='bbox 582 1767 748 1846; x_wconf 87' lang='lat' dir='ltr'>polonum</span> <span class='ocrx_word' id='word_1_98' title='bbox 763 1767 871 1845; x_wconf 92' lang='lat' dir='ltr'>illum,</span> <span class='ocrx_word' id='word_1_99' title='bbox 888 1766 1030 1829; x_wconf 91' lang='lat' dir='ltr'>nomine</span> <span class='ocrx_word' id='word_1_100' title='bbox 1044 1764 1248 1829; x_wconf 88' lang='lat' dir='ltr'>Florianum</span> <span class='ocrx_word' id='word_1_101' title='bbox 1262 1762 1372 1842; x_wconf 84' lang='lat' dir='ltr'>Rous,</span> <span class='ocrx_word' id='word_1_102' title='bbox 1389 1764 1448 1845; x_wconf 92' lang='lat' dir='ltr'>qui</span> <span class='ocrx_word' id='word_1_103' title='bbox 1463 1762 1596 1851; x_wconf 82' lang='lat' dir='ltr'>Romae</span> 
     </span>
     <span class='ocr_line' id='line_1_14' title="bbox 370 1872 1595 1954; baseline -0.002 -17"><span class='ocrx_word' id='word_1_104' title='bbox 370 1886 405 1938; x_wconf 92' lang='lat' dir='ltr'>et</span> <span class='ocrx_word' id='word_1_105' title='bbox 420 1873 456 1937; x_wconf 92' lang='lat' dir='ltr'>in</span> <span class='ocrx_word' id='word_1_106' title='bbox 470 1874 589 1940; x_wconf 91' lang='lat' dir='ltr'>multis</span> <span class='ocrx_word' id='word_1_107' title='bbox 602 1872 796 1954; x_wconf 87' lang='lat' dir='ltr'>Hispaniae</span> <span class='ocrx_word' id='word_1_108' title='bbox 810 1883 846 1938; x_wconf 88' lang='lat' dir='ltr'>et</span> <span class='ocrx_word' id='word_1_109' title='bbox 860 1873 1099 1954; x_wconf 83' lang='lat' dir='ltr'>Portugalliae</span> <span class='ocrx_word' id='word_1_110' title='bbox 1114 1874 1201 1937; x_wconf 89' lang='lat' dir='ltr'>locis</span> <span class='ocrx_word' id='word_1_111' title='bbox 1221 1890 1285 1936; x_wconf 90' lang='lat' dir='ltr'>sua</span> <span class='ocrx_word' id='word_1_112' title='bbox 1299 1872 1423 1936; x_wconf 90' lang='lat' dir='ltr'>fraude</span> <span class='ocrx_word' id='word_1_113' title='bbox 1438 1888 1509 1935; x_wconf 94' lang='lat' dir='ltr'>non</span> <span class='ocrx_word' id='word_1_114' title='bbox 1529 1888 1595 1951; x_wconf 88' lang='lat' dir='ltr'>pa·</span> 
     </span>
     <span class='ocr_line' id='line_1_15' title="bbox 371 1978 1595 2061; baseline -0.003 -16"><span class='ocrx_word' id='word_1_115' title='bbox 371 1998 450 2046; x_wconf 85' lang='lat' dir='ltr'>rnm</span> <span class='ocrx_word' id='word_1_116' title='bbox 463 1981 663 2047; x_wconf 88' lang='lat' dir='ltr'>detrimenti</span> <span class='ocrx_word' id='word_1_117' title='bbox 678 1979 849 2045; x_wconf 87' lang='lat' dir='ltr'>Societati</span> <span class='ocrx_word' id='word_1_118' title='bbox 861 1982 1028 2045; x_wconf 90' lang='lat' dir='ltr'>intulerat</span> <span class='ocrx_word' id='word_1_119' title='bbox 1039 1979 1066 2061; x_wconf 82' lang='lat'>¹,</span> <span class='ocrx_word' id='word_1_120' title='bbox 1080 1990 1114 2045; x_wconf 90' lang='lat' dir='ltr'>et</span> <span class='ocrx_word' id='word_1_121' title='bbox 1126 1982 1263 2045; x_wconf 88' lang='lat' dir='ltr'>litteras</span> <span class='ocrx_word' id='word_1_122' title='bbox 1278 1980 1334 2044; x_wconf 90' lang='lat' dir='ltr'>ille</span> <span class='ocrx_word' id='word_1_123' title='bbox 1346 1978 1489 2061; x_wconf 87' lang='lat' dir='ltr'>petebat</span> <span class='ocrx_word' id='word_1_124' title='bbox 1503 1995 1595 2043; x_wconf 89' lang='lat' dir='ltr'>com·</span> 
     </span>
     <span class='ocr_line' id='line_1_16' title="bbox 370 2087 1513 2169; baseline -0.004 -15"><span class='ocrx_word' id='word_1_125' title='bbox 370 2088 597 2154; x_wconf 86' lang='lat' dir='ltr'>mendatitias</span> <span class='ocrx_word' id='word_1_126' title='bbox 609 2089 656 2154; x_wconf 90' lang='lat' dir='ltr'>ad</span> <span class='ocrx_word' id='word_1_127' title='bbox 669 2089 708 2154; x_wconf 89' lang='lat' dir='ltr'>P.</span> <span class='ocrx_word' id='word_1_128' title='bbox 724 2089 909 2169; x_wconf 79' lang='lat' dir='ltr'>ignatium,</span> <span class='ocrx_word' id='word_1_129' title='bbox 929 2098 965 2153; x_wconf 91' lang='lat' dir='ltr'>ut</span> <span class='ocrx_word' id='word_1_130' title='bbox 980 2090 1016 2152; x_wconf 92' lang='lat' dir='ltr'>in</span> <span class='ocrx_word' id='word_1_131' title='bbox 1029 2087 1241 2153; x_wconf 87' lang='lat' dir='ltr'>Societatem</span> <span class='ocrx_word' id='word_1_132' title='bbox 1257 2088 1513 2152; x_wconf 88' lang='lat' dir='ltr'>admitteretur.</span> 
     </span>
    </p>

    <p class='ocr_par' dir='ltr' id='par_1_5' title="bbox 366 2194 1596 3444">
     <span class='ocr_line' id='line_1_17' title="bbox 428 2194 1596 2277; baseline -0.003 -17"><span class='ocrx_word' id='word_1_133' title='bbox 428 2195 499 2262; x_wconf 85' lang='lat'>903.</span> <span class='ocrx_word' id='word_1_134' title='bbox 542 2196 692 2260; x_wconf 84' lang='lat' dir='ltr'>Viderat</span> <span class='ocrx_word' id='word_1_135' title='bbox 712 2196 788 2277; x_wconf 88' lang='lat' dir='ltr'>ipse</span> <span class='ocrx_word' id='word_1_136' title='bbox 801 2196 1008 2261; x_wconf 84' lang='lat' dir='ltr'>Florianum</span> <span class='ocrx_word' id='word_1_137' title='bbox 1028 2196 1247 2277; x_wconf 88' lang='lat' dir='ltr'>praedictum</span> <span class='ocrx_word' id='word_1_138' title='bbox 1262 2196 1297 2260; x_wconf 93' lang='lat' dir='ltr'>in</span> <span class='ocrx_word' id='word_1_139' title='bbox 1314 2194 1544 2276; x_wconf 81' lang='lat' dir='ltr'>Portugallia,</span> <span class='ocrx_word' id='word_1_140' title='bbox 1561 2203 1596 2258; x_wconf 91' lang='lat' dir='ltr'>ct</span> 
     </span>
     <span class='ocr_line' id='line_1_18' title="bbox 370 2300 1595 2385; baseline -0.002 -17"><span class='ocrx_word' id='word_1_141' title='bbox 370 2305 414 2370; x_wconf 93' lang='lat' dir='ltr'>ab</span> <span class='ocrx_word' id='word_1_142' title='bbox 428 2304 553 2368; x_wconf 90' lang='lat' dir='ltr'>eodem</span> <span class='ocrx_word' id='word_1_143' title='bbox 567 2304 736 2385; x_wconf 90' lang='lat' dir='ltr'>deceptus</span> <span class='ocrx_word' id='word_1_144' title='bbox 751 2305 858 2369; x_wconf 87' lang='lat' dir='ltr'>etiam</span> <span class='ocrx_word' id='word_1_145' title='bbox 872 2303 1001 2369; x_wconf 88' lang='lat' dir='ltr'>fuerat.</span> <span class='ocrx_word' id='word_1_146' title='bbox 1016 2304 1060 2369; x_wconf 92' lang='lat' dir='ltr'>Et</span> <span class='ocrx_word' id='word_1_147' title='bbox 1075 2304 1238 2385; x_wconf 90' lang='lat' dir='ltr'>quamvis</span> <span class='ocrx_word' id='word_1_148' title='bbox 1259 2304 1363 2384; x_wconf 90' lang='lat' dir='ltr'>paulo</span> <span class='ocrx_word' id='word_1_149' title='bbox 1386 2302 1525 2367; x_wconf 92' lang='lat' dir='ltr'>obesior</span> <span class='ocrx_word' id='word_1_150' title='bbox 1547 2300 1563 2365; x_wconf 88' lang='lat' dir='ltr'>f</span> <span class='ocrx_word' id='word_1_151' title='bbox 1586 2334 1595 2347; x_wconf 96' lang='lat'>·</span> 
     </span>
     <span class='ocr_line' id='line_1_19' title="bbox 370 2408 1594 2490; baseline -0.004 -14"><span class='ocrx_word' id='word_1_152' title='bbox 370 2421 449 2476; x_wconf 89' lang='lat' dir='ltr'>ctus</span> <span class='ocrx_word' id='word_1_153' title='bbox 463 2410 655 2490; x_wconf 88' lang='lat' dir='ltr'>videretur,</span> <span class='ocrx_word' id='word_1_154' title='bbox 672 2410 834 2475; x_wconf 90' lang='lat' dir='ltr'>eumdem</span> <span class='ocrx_word' id='word_1_155' title='bbox 850 2420 968 2475; x_wconf 89' lang='lat' dir='ltr'>tamen</span> <span class='ocrx_word' id='word_1_156' title='bbox 980 2428 1057 2475; x_wconf 88' lang='lat' dir='ltr'>esse</span> <span class='ocrx_word' id='word_1_157' title='bbox 1072 2410 1291 2490; x_wconf 63' lang='lat' dir='ltr'>existimans</span> <span class='ocrx_word' id='word_1_158' title='bbox 1308 2427 1388 2475; x_wconf 91' lang='lat' dir='ltr'>cum</span> <span class='ocrx_word' id='word_1_159' title='bbox 1400 2409 1439 2474; x_wconf 90' lang='lat' dir='ltr'>P.</span> <span class='ocrx_word' id='word_1_160' title='bbox 1451 2408 1594 2473; x_wconf 88' lang='lat' dir='ltr'>Pelleta·</span> 
     </span>
     <span class='ocr_line' id='line_1_20' title="bbox 370 2517 1593 2600; baseline -0.003 -17"><span class='ocrx_word' id='word_1_161' title='bbox 370 2522 423 2584; x_wconf 91' lang='lat' dir='ltr'>rio</span> <span class='ocrx_word' id='word_1_162' title='bbox 440 2519 688 2600; x_wconf 83' lang='lat' dir='ltr'>magistratum</span> <span class='ocrx_word' id='word_1_163' title='bbox 705 2520 839 2599; x_wconf 76' lang='lat' dir='ltr'>adienS,</span> <span class='ocrx_word' id='word_1_164' title='bbox 855 2518 1017 2584; x_wconf 91' lang='lat' dir='ltr'>eumdem</span> <span class='ocrx_word' id='word_1_165' title='bbox 1033 2520 1069 2582; x_wconf 92' lang='lat' dir='ltr'>in</span> <span class='ocrx_word' id='word_1_166' title='bbox 1084 2536 1265 2583; x_wconf 88' lang='lat' dir='ltr'>carcerem</span> <span class='ocrx_word' id='word_1_167' title='bbox 1284 2517 1423 2582; x_wconf 92' lang='lat' dir='ltr'>detrudi</span> <span class='ocrx_word' id='word_1_168' title='bbox 1443 2517 1593 2596; x_wconf 89' lang='lat' dir='ltr'>curavit,</span> 
     </span>
     <span class='ocr_line' id='line_1_21' title="bbox 369 2623 1594 2710; baseline -0.004 -17"><span class='ocrx_word' id='word_1_169' title='bbox 369 2636 585 2710; x_wconf 88' lang='lat' dir='ltr'>protestatus</span> <span class='ocrx_word' id='word_1_170' title='bbox 600 2625 676 2709; x_wconf 90' lang='lat' dir='ltr'>ejus</span> <span class='ocrx_word' id='word_1_171' title='bbox 691 2644 729 2692; x_wconf 92' lang='lat' dir='ltr'>se</span> <span class='ocrx_word' id='word_1_172' title='bbox 744 2636 894 2692; x_wconf 91' lang='lat' dir='ltr'>mortem</span> <span class='ocrx_word' id='word_1_173' title='bbox 910 2627 1015 2704; x_wconf 92' lang='lat' dir='ltr'>nolle,</span> <span class='ocrx_word' id='word_1_174' title='bbox 1032 2626 1095 2691; x_wconf 88' lang='lat' dir='ltr'>sed</span> <span class='ocrx_word' id='word_1_175' title='bbox 1109 2635 1147 2690; x_wconf 91' lang='lat' dir='ltr'>ut</span> <span class='ocrx_word' id='word_1_176' title='bbox 1161 2626 1361 2691; x_wconf 88' lang='lat' dir='ltr'>restitueret</span> <span class='ocrx_word' id='word_1_177' title='bbox 1375 2643 1465 2709; x_wconf 90' lang='lat' dir='ltr'>quae</span> <span class='ocrx_word' id='word_1_178' title='bbox 1480 2623 1594 2691; x_wconf 88' lang='lat' dir='ltr'>Socie-</span> 
     </span>
     <span class='ocr_line' id='line_1_22' title="bbox 369 2734 1595 2815; baseline -0.004 -15"><span class='ocrx_word' id='word_1_179' title='bbox 369 2737 434 2801; x_wconf 93' lang='lat' dir='ltr'>tati</span> <span class='ocrx_word' id='word_1_180' title='bbox 456 2737 660 2800; x_wconf 89' lang='lat' dir='ltr'>abstulerat.</span> <span class='ocrx_word' id='word_1_181' title='bbox 688 2735 879 2800; x_wconf 81' lang='lat' dir='ltr'>Confessus</span> <span class='ocrx_word' id='word_1_182' title='bbox 905 2745 959 2798; x_wconf 93' lang='lat' dir='ltr'>est</span> <span class='ocrx_word' id='word_1_183' title='bbox 980 2745 1098 2798; x_wconf 89' lang='lat' dir='ltr'>autem</span> <span class='ocrx_word' id='word_1_184' title='bbox 1118 2734 1192 2815; x_wconf 87' lang='lat' dir='ltr'>ipse</span> <span class='ocrx_word' id='word_1_185' title='bbox 1215 2751 1254 2798; x_wconf 91' lang='lat' dir='ltr'>se</span> <span class='ocrx_word' id='word_1_186' title='bbox 1275 2735 1541 2798; x_wconf 90' lang='lat' dir='ltr'>carthusianum</span> <span class='ocrx_word' id='word_1_187' title='bbox 1561 2742 1595 2795; x_wconf 91' lang='lat' dir='ltr'>et</span> 
     </span>
     <span class='ocr_line' id='line_1_23' title="bbox 369 2840 1595 2924; baseline -0.002 -18"><span class='ocrx_word' id='word_1_188' title='bbox 369 2845 518 2908; x_wconf 93' lang='lat' dir='ltr'>aliorum</span> <span class='ocrx_word' id='word_1_189' title='bbox 533 2843 696 2907; x_wconf 91' lang='lat' dir='ltr'>ordinum</span> <span class='ocrx_word' id='word_1_190' title='bbox 715 2843 823 2906; x_wconf 90' lang='lat' dir='ltr'>fuisse</span> <span class='ocrx_word' id='word_1_191' title='bbox 843 2852 877 2907; x_wconf 85' lang='lat' dir='ltr'>et</span> <span class='ocrx_word' id='word_1_192' title='bbox 897 2844 968 2907; x_wconf 90' lang='lat' dir='ltr'>alia</span> <span class='ocrx_word' id='word_1_193' title='bbox 988 2843 1131 2922; x_wconf 89' lang='lat' dir='ltr'>delicta,</span> <span class='ocrx_word' id='word_1_194' title='bbox 1152 2843 1215 2907; x_wconf 90' lang='lat' dir='ltr'>sed</span> <span class='ocrx_word' id='word_1_195' title='bbox 1234 2859 1436 2924; x_wconf 80' lang='lat' dir='ltr'>numquam,</span> <span class='ocrx_word' id='word_1_196' title='bbox 1453 2840 1595 2922; x_wconf 90' lang='lat' dir='ltr'>quaein</span> 
     </span>
     <span class='ocr_line' id='line_1_24' title="bbox 368 2949 1594 3052; baseline -0.002 -38"><span class='ocrx_word' id='word_1_197' title='bbox 368 2950 544 3015; x_wconf 88' lang='lat' dir='ltr'>Societate</span> <span class='ocrx_word' id='word_1_198' title='bbox 559 2960 692 3031; x_wconf 83' lang='lat' dir='ltr'>egerat,</span> <span class='ocrx_word' id='word_1_199' title='bbox 710 2949 894 3014; x_wconf 91' lang='lat' dir='ltr'>confessus</span> <span class='ocrx_word' id='word_1_200' title='bbox 906 2959 971 3014; x_wconf 90' lang='lat' dir='ltr'>est.</span> <span class='ocrx_word' id='word_1_201' title='bbox 984 2951 1029 3014; x_wconf 90' lang='lat' dir='ltr'>Et</span> <span class='ocrx_word' id='word_1_202' title='bbox 1042 2949 1123 3031; x_wconf 91' lang='lat' dir='ltr'>quia</span> <span class='ocrx_word' id='word_1_203' title='bbox 1136 2951 1351 3014; x_wconf 90' lang='lat' dir='ltr'>intellectum</span> <span class='ocrx_word' id='word_1_204' title='bbox 1364 2960 1417 3014; x_wconf 89' lang='lat' dir='ltr'>est</span> <span class='ocrx_word' id='word_1_205' title='bbox 1428 2959 1594 3052; x_wconf 75' lang='lat' dir='ltr'>venetum</span> 
     </span>
     <span class='ocr_line' id='line_1_25' title="bbox 370 3057 1594 3138; baseline -0.002 -16"><span class='ocrx_word' id='word_1_206' title='bbox 370 3059 550 3123; x_wconf 91' lang='lat' dir='ltr'>hominem</span> <span class='ocrx_word' id='word_1_207' title='bbox 574 3057 701 3138; x_wconf 92' lang='lat' dir='ltr'>fuisse,</span> <span class='ocrx_word' id='word_1_208' title='bbox 730 3057 817 3121; x_wconf 91' lang='lat' dir='ltr'>nihil</span> <span class='ocrx_word' id='word_1_209' title='bbox 845 3057 857 3087; x_wconf 78' lang='lat'><strong>³</strong></span> <span class='ocrx_word' id='word_1_210' title='bbox 889 3057 1078 3121; x_wconf 88' lang='lat' dir='ltr'>verisimile</span> <span class='ocrx_word' id='word_1_211' title='bbox 1106 3057 1144 3121; x_wconf 88' lang='lat' dir='ltr'>fit</span> <span class='ocrx_word' id='word_1_212' title='bbox 1168 3057 1372 3122; x_wconf 88' lang='lat' dir='ltr'>Florianum</span> <span class='ocrx_word' id='word_1_213' title='bbox 1400 3058 1497 3121; x_wconf 92' lang='lat' dir='ltr'>illum</span> <span class='ocrx_word' id='word_1_214' title='bbox 1523 3073 1594 3120; x_wconf 92' lang='lat' dir='ltr'>non</span> 
     </span>
     <span class='ocr_line' id='line_1_26' title="bbox 367 3163 1594 3246; baseline -0.003 -16"><span class='ocrx_word' id='word_1_215' title='bbox 367 3164 494 3244; x_wconf 75' lang='lat' dir='ltr'>fuisse3</span> <span class='ocrx_word' id='word_1_216' title='bbox 521 3165 702 3246; x_wconf 78' lang='lat' dir='ltr'>quamviS,</span> <span class='ocrx_word' id='word_1_217' title='bbox 730 3181 811 3229; x_wconf 90' lang='lat' dir='ltr'>cum</span> <span class='ocrx_word' id='word_1_218' title='bbox 837 3165 872 3229; x_wconf 91' lang='lat' dir='ltr'>id</span> <span class='ocrx_word' id='word_1_219' title='bbox 897 3164 1058 3229; x_wconf 90' lang='lat' dir='ltr'>crederet</span> <span class='ocrx_word' id='word_1_220' title='bbox 1084 3165 1226 3228; x_wconf 91' lang='lat' dir='ltr'>omnino</span> <span class='ocrx_word' id='word_1_221' title='bbox 1253 3165 1291 3228; x_wconf 90' lang='lat' dir='ltr'>P.</span> <span class='ocrx_word' id='word_1_222' title='bbox 1318 3163 1525 3229; x_wconf 89' lang='lat' dir='ltr'>Pelletarius</span> <span class='ocrx_word' id='word_1_223' title='bbox 1550 3164 1594 3226; x_wconf 95' lang='lat' dir='ltr'>ob</span> 
     </span>
     <span class='ocr_line' id='line_1_27' title="bbox 366 3271 1595 3354; baseline -0.001 -18"><span class='ocrx_word' id='word_1_224' title='bbox 366 3273 404 3336; x_wconf 87' lang='lat' dir='ltr'>P.</span> <span class='ocrx_word' id='word_1_225' title='bbox 422 3272 575 3337; x_wconf 88' lang='lat' dir='ltr'>Simonis</span> <span class='ocrx_word' id='word_1_226' title='bbox 589 3273 833 3352; x_wconf 89' lang='lat' dir='ltr'>assertionem,</span> <span class='ocrx_word' id='word_1_227' title='bbox 850 3271 1014 3337; x_wconf 87' lang='lat' dir='ltr'>confiteri</span> <span class='ocrx_word' id='word_1_228' title='bbox 1025 3273 1335 3354; x_wconf 88' lang='lat' dir='ltr'>sacramentaliter</span> <span class='ocrx_word' id='word_1_229' title='bbox 1347 3274 1523 3337; x_wconf 88' lang='lat' dir='ltr'>volentem</span> <span class='ocrx_word' id='word_1_230' title='bbox 1536 3289 1595 3335; x_wconf 92' lang='lat' dir='ltr'>au·</span> 
     </span>
     <span class='ocr_line' id='line_1_28' title="bbox 369 3380 582 3444; baseline -0.009 0"><span class='ocrx_word' id='word_1_231' title='bbox 369 3380 444 3444; x_wconf 91' lang='lat' dir='ltr'>dire</span> <span class='ocrx_word' id='word_1_232' title='bbox 460 3380 582 3444; x_wconf 92' lang='lat' dir='ltr'>noluit.</span> 
     </span>
    </p>

    <p class='ocr_par' dir='ltr' id='par_1_6' title="bbox 366 3486 1593 4104">
     <span class='ocr_line' id='line_1_29' title="bbox 425 3486 1593 3569; baseline 0.002 -19"><span class='ocrx_word' id='word_1_233' title='bbox 425 3487 497 3550; x_wconf 85' lang='grc'>904.</span> <span class='ocrx_word' id='word_1_234' title='bbox 541 3487 629 3551; x_wconf 92' lang='lat' dir='ltr'>Cum</span> <span class='ocrx_word' id='word_1_235' title='bbox 644 3487 875 3550; x_wconf 84' lang='lat' dir='ltr'>intellexisset</span> <span class='ocrx_word' id='word_1_236' title='bbox 899 3487 935 3550; x_wconf 87' lang='lat' dir='ltr'>P.</span> <span class='ocrx_word' id='word_1_237' title='bbox 957 3486 1080 3552; x_wconf 94' lang='lat' dir='ltr'>Simon</span> <span class='ocrx_word' id='word_1_238' title='bbox 1100 3507 1145 3553; x_wconf 86' lang='lat' dir='ltr'>ex</span> <span class='ocrx_word' id='word_1_239' title='bbox 1170 3489 1238 3552; x_wconf 91' lang='lat' dir='ltr'>hac</span> <span class='ocrx_word' id='word_1_240' title='bbox 1266 3489 1337 3553; x_wconf 89' lang='lat' dir='ltr'>vita</span> <span class='ocrx_word' id='word_1_241' title='bbox 1359 3489 1396 3551; x_wconf 90' lang='grc' dir='ltr'>Ρ.</span> <span class='ocrx_word' id='word_1_242' title='bbox 1417 3488 1593 3569; x_wconf 83' lang='lat' dir='ltr'>Ignatium</span> 
     </span>
     <span class='ocr_line' id='line_1_30' title="bbox 366 3595 1593 3678; baseline -0.001 -18"><span class='ocrx_word' id='word_1_243' title='bbox 366 3596 552 3676; x_wconf 82' lang='lat' dir='ltr'>migrasse,</span> <span class='ocrx_word' id='word_1_244' title='bbox 570 3612 690 3658; x_wconf 90' lang='lat' dir='ltr'>mense</span> <span class='ocrx_word' id='word_1_245' title='bbox 705 3595 882 3674; x_wconf 81' lang='lat' dir='ltr'>Augusto,</span> <span class='ocrx_word' id='word_1_246' title='bbox 899 3596 1019 3659; x_wconf 89' lang='lat' dir='ltr'>statim</span> <span class='ocrx_word' id='word_1_247' title='bbox 1036 3595 1133 3660; x_wconf 89' lang='lat' dir='ltr'>Patri</span> <span class='ocrx_word' id='word_1_248' title='bbox 1147 3595 1296 3662; x_wconf 92' lang='lat' dir='ltr'>Vicario</span> <span class='ocrx_word' id='word_1_249' title='bbox 1314 3597 1456 3678; x_wconf 86' lang='lat' dir='ltr'>scripsit</span> <span class='ocrx_word' id='word_1_250' title='bbox 1471 3595 1514 3660; x_wconf 91' lang='lat' dir='ltr'>de</span> <span class='ocrx_word' id='word_1_251' title='bbox 1528 3613 1593 3661; x_wconf 91' lang='lat' dir='ltr'>suo</span> 
     </span>
     <span class='ocr_line' id='line_1_31' title="bbox 367 3701 1593 3786; baseline -0.002 -18"><span class='ocrx_word' id='word_1_252' title='bbox 367 3705 402 3768; x_wconf 92' lang='lat' dir='ltr'>in</span> <span class='ocrx_word' id='word_1_253' title='bbox 417 3704 540 3767; x_wconf 93' lang='lat' dir='ltr'>urbem</span> <span class='ocrx_word' id='word_1_254' title='bbox 554 3701 721 3781; x_wconf 90' lang='lat' dir='ltr'>adventu,</span> <span class='ocrx_word' id='word_1_255' title='bbox 739 3702 849 3765; x_wconf 90' lang='lat' dir='ltr'>etiam</span> <span class='ocrx_word' id='word_1_256' title='bbox 871 3712 954 3765; x_wconf 88' lang='lat' dir='ltr'>ante</span> <span class='ocrx_word' id='word_1_257' title='bbox 970 3703 1268 3784; x_wconf 78' lang='lat' dir='ltr'>congregationis</span> <span class='ocrx_word' id='word_1_258' title='bbox 1284 3714 1433 3786; x_wconf 92' lang='lat' dir='ltr'>tempus,</span> <span class='ocrx_word' id='word_1_259' title='bbox 1458 3712 1492 3767; x_wconf 91' lang='lat' dir='ltr'>et</span> <span class='ocrx_word' id='word_1_260' title='bbox 1514 3704 1593 3768; x_wconf 91' lang='lat' dir='ltr'>illos</span> 
     </span>
     <span class='ocr_line' id='line_1_32' title="bbox 367 3809 1592 3892; baseline -0.001 -18"><span class='ocrx_word' id='word_1_261' title='bbox 367 3811 521 3892; x_wconf 91' lang='lat' dir='ltr'>quinque</span> <span class='ocrx_word' id='word_1_262' title='bbox 534 3809 695 3890; x_wconf 80' lang='lat' dir='ltr'>Juvenes,</span> <span class='ocrx_word' id='word_1_263' title='bbox 712 3809 755 3872; x_wconf 91' lang='lat' dir='ltr'>de</span> <span class='ocrx_word' id='word_1_264' title='bbox 770 3809 897 3888; x_wconf 90' lang='lat' dir='ltr'>quibus</span> <span class='ocrx_word' id='word_1_265' title='bbox 912 3810 1074 3890; x_wconf 88' lang='lat' dir='ltr'>superius</span> <span class='ocrx_word' id='word_1_266' title='bbox 1095 3811 1191 3875; x_wconf 91' lang='lat' dir='ltr'>facta</span> <span class='ocrx_word' id='word_1_267' title='bbox 1213 3821 1266 3874; x_wconf 93' lang='lat' dir='ltr'>est</span> <span class='ocrx_word' id='word_1_268' title='bbox 1288 3813 1420 3876; x_wconf 89' lang='lat' dir='ltr'>mentio</span> <span class='ocrx_word' id='word_1_269' title='bbox 1443 3809 1465 3891; x_wconf 81' lang='lat'>⁸,</span> <span class='ocrx_word' id='word_1_270' title='bbox 1488 3811 1592 3874; x_wconf 92' lang='lat' dir='ltr'>dedu·</span> 
     </span>
     <span class='ocr_line' id='line_1_33' title="bbox 366 3917 1592 3999; baseline -0.001 -16"><span class='ocrx_word' id='word_1_271' title='bbox 366 3932 506 3983; x_wconf 93' lang='lat' dir='ltr'>cturum</span> <span class='ocrx_word' id='word_1_272' title='bbox 520 3917 729 3999; x_wconf 88' lang='lat' dir='ltr'>recipiebat;</span> <span class='ocrx_word' id='word_1_273' title='bbox 746 3917 809 3980; x_wconf 91' lang='lat' dir='ltr'>sed</span> <span class='ocrx_word' id='word_1_274' title='bbox 825 3918 927 3993; x_wconf 89' lang='lat' dir='ltr'>bella,</span> <span class='ocrx_word' id='word_1_275' title='bbox 950 3919 1054 3997; x_wconf 90' lang='lat' dir='ltr'>paulo</span> <span class='ocrx_word' id='word_1_276' title='bbox 1076 3927 1157 3999; x_wconf 91' lang='lat' dir='ltr'>post</span> <span class='ocrx_word' id='word_1_277' title='bbox 1179 3917 1312 3982; x_wconf 92' lang='lat' dir='ltr'>Romae</span> <span class='ocrx_word' id='word_1_278' title='bbox 1335 3921 1534 3998; x_wconf 91' lang='lat' dir='ltr'>subsecuta,</span> <span class='ocrx_word' id='word_1_279' title='bbox 1555 3929 1592 3982; x_wconf 91' lang='lat' dir='ltr'>ut</span> 
     </span>
     <span class='ocr_line' id='line_1_34' title="bbox 366 4023 1191 4104; baseline 0 -15"><span class='ocrx_word' id='word_1_280' title='bbox 366 4024 564 4089; x_wconf 78' lang='lat' dir='ltr'>differretur</span> <span class='ocrx_word' id='word_1_281' title='bbox 579 4023 655 4104; x_wconf 89' lang='lat' dir='ltr'>ejus</span> <span class='ocrx_word' id='word_1_282' title='bbox 667 4024 856 4103; x_wconf 91' lang='lat' dir='ltr'>adventus,</span> <span class='ocrx_word' id='word_1_283' title='bbox 869 4025 905 4087; x_wconf 93' lang='lat' dir='ltr'>in</span> <span class='ocrx_word' id='word_1_284' title='bbox 919 4042 1028 4088; x_wconf 89' lang='lat' dir='ltr'>causa</span> <span class='ocrx_word' id='word_1_285' title='bbox 1039 4024 1191 4090; x_wconf 90' lang='lat' dir='ltr'>fuerunt.</span> 
     </span>
    </p>

    <p class='ocr_par' dir='ltr' id='par_1_7' title="bbox 366 4131 1593 4323">
     <span class='ocr_line' id='line_1_35' title="bbox 424 4131 1593 4214; baseline 0.003 -19"><span class='ocrx_word' id='word_1_286' title='bbox 424 4132 495 4196; x_wconf 85' lang='lat'>905.</span> <span class='ocrx_word' id='word_1_287' title='bbox 538 4132 753 4198; x_wconf 89' lang='lat' dir='ltr'>Admonitus</span> <span class='ocrx_word' id='word_1_288' title='bbox 779 4131 920 4195; x_wconf 91' lang='lat' dir='ltr'>interim</span> <span class='ocrx_word' id='word_1_289' title='bbox 946 4132 988 4194; x_wconf 92' lang='lat' dir='ltr'>de</span> <span class='ocrx_word' id='word_1_290' title='bbox 1012 4132 1182 4213; x_wconf 83' lang='lat' dir='ltr'>Collegio,</span> <span class='ocrx_word' id='word_1_291' title='bbox 1213 4133 1272 4197; x_wconf 90' lang='lat' dir='ltr'>ubi</span> <span class='ocrx_word' id='word_1_292' title='bbox 1298 4143 1514 4214; x_wconf 87' lang='lat' dir='ltr'>versaretur,</span> <span class='ocrx_word' id='word_1_293' title='bbox 1543 4132 1593 4214; x_wconf 80' lang='lat' dir='ltr'>iu·</span> 
     </span>
     <span class='ocr_line' id='line_1_36' title="bbox 366 4238 1592 4323; baseline -0.001 -18"><span class='ocrx_word' id='word_1_294' title='bbox 366 4239 483 4305; x_wconf 89' lang='lat' dir='ltr'>vando</span> <span class='ocrx_word' id='word_1_295' title='bbox 519 4238 802 4302; x_wconf 85' lang='lat' dir='ltr'>confessionibus</span> <span class='ocrx_word' id='word_1_296' title='bbox 831 4239 1032 4321; x_wconf 88' lang='lat' dir='ltr'>audiendis,</span> <span class='ocrx_word' id='word_1_297' title='bbox 1067 4241 1280 4321; x_wconf 87' lang='lat' dir='ltr'>perlibenter</span> <span class='ocrx_word' id='word_1_298' title='bbox 1312 4259 1413 4306; x_wconf 90' lang='lat' dir='ltr'>suam</span> <span class='ocrx_word' id='word_1_299' title='bbox 1446 4258 1592 4323; x_wconf 92' lang='lat' dir='ltr'>operam</span> 
     </span>
    </p>
   </div>
   <div class='ocr_carea' id='block_1_3' title="bbox 367 4361 579 4374">
    <p class='ocr_par' dir='ltr' id='par_1_8' title="bbox 367 4361 579 4374">
     <span class='ocr_line' id='line_1_37' title="bbox 367 4361 579 4374; baseline 0 -4"><span class='ocrx_word' id='word_1_300' title='bbox 367 4361 579 4374; x_wconf 74' lang='lat'>——-..—-.</span> 
     </span>
    </p>
   </div>
   <div class='ocr_carea' id='block_1_4' title="bbox 363 4407 1592 4752">
    <p class='ocr_par' dir='ltr' id='par_1_9' title="bbox 363 4407 1592 4752">
     <span class='ocr_line' id='line_1_38' title="bbox 405 4407 1592 4464; baseline 0.003 -12"><span class='ocrx_word' id='word_1_301' title='bbox 405 4409 414 4443; x_wconf 82' lang='lat'><strong>¹</strong></span> <span class='ocrx_word' id='word_1_302' title='bbox 443 4408 510 4453; x_wconf 86' lang='lat' dir='ltr'>Vide</span> <span class='ocrx_word' id='word_1_303' title='bbox 525 4419 613 4464; x_wconf 79' lang='lat' dir='ltr'>supra,</span> <span class='ocrx_word' id='word_1_304' title='bbox 630 4421 692 4464; x_wconf 64' lang='lat' dir='ltr'>pau.</span> <span class='ocrx_word' id='word_1_305' title='bbox 702 4409 750 4463; x_wconf 84' lang='lat'>196,</span> <span class='ocrx_word' id='word_1_306' title='bbox 760 4421 784 4453; x_wconf 89' lang='lat' dir='ltr'>n.</span> <span class='ocrx_word' id='word_1_307' title='bbox 795 4409 846 4452; x_wconf 77' lang='lat'>719.</span> <span class='ocrx_word' id='word_1_308' title='bbox 863 4407 896 4452; x_wconf 87' lang='lat' dir='ltr'>Et</span> <span class='ocrx_word' id='word_1_309' title='bbox 913 4409 1037 4455; x_wconf 81' lang='lat' dir='ltr'>oldoudae</span> <span class='ocrx_word' id='word_1_310' title='bbox 1056 4411 1134 4455; x_wconf 82' lang='lat' dir='ltr'>ctiam</span> <span class='ocrx_word' id='word_1_311' title='bbox 1148 4412 1252 4456; x_wconf 84' lang='lat' dir='ltr'>litterae</span> <span class='ocrx_word' id='word_1_312' title='bbox 1269 4411 1342 4458; x_wconf 83' lang='lat' dir='ltr'>Patri</span> <span class='ocrx_word' id='word_1_313' title='bbox 1357 4411 1497 4457; x_wconf 86' lang='lat' dir='ltr'>Pelletario</span> <span class='ocrx_word' id='word_1_314' title='bbox 1513 4412 1592 4458; x_wconf 80' lang='lat' dir='ltr'>datae</span> 
     </span>
     <span class='ocr_line' id='line_1_39' title="bbox 363 4481 834 4608; baseline 0.002 -12"><span class='ocrx_word' id='word_1_315' title='bbox 363 4482 377 4526; x_wconf 70' lang='lat'><em>7</em></span> <span class='ocrx_word' id='word_1_316' title='bbox 391 4481 513 4597; x_wconf 44' lang='lat' dir='ltr'>‚emimus</span> <span class='ocrx_word' id='word_1_317' title='bbox 523 4563 611 4606; x_wconf 76' lang='lat' dir='ltr'>supra,</span> <span class='ocrx_word' id='word_1_318' title='bbox 621 4563 682 4608; x_wconf 74' lang='lat' dir='ltr'>pag.</span> <span class='ocrx_word' id='word_1_319' title='bbox 693 4553 741 4607; x_wconf 83' lang='lat'>181,</span> <span class='ocrx_word' id='word_1_320' title='bbox 752 4565 775 4598; x_wconf 79' lang='lat' dir='ltr'>n,</span> <span class='ocrx_word' id='word_1_321' title='bbox 785 4554 834 4597; x_wconf 71' lang='lat'>⁶62.</span> 
     </span>
     <span class='ocr_line' id='line_1_40' title="bbox 405 4624 1566 4752; baseline 0.008 -86"><span class='ocrx_word' id='word_1_322' title='bbox 405 4624 419 4732; x_wconf 53' lang='grc' dir='ltr'><strong>ἶ</strong></span> <span class='ocrx_word' id='word_1_323' title='bbox 435 4624 507 4752; x_wconf 50' lang='lat' dir='ltr'>81er</span> <span class='ocrx_word' id='word_1_324' title='bbox 509 4634 602 4740; x_wconf 49' lang='lat'>⁸3:11:</span> <span class='ocrx_word' id='word_1_325' title='bbox 610 4630 698 4740; x_wconf 42' lang='lat' dir='ltr'>tamen</span> <span class='ocrx_word' id='word_1_326' title='bbox 709 4626 813 4680; x_wconf 74' lang='lat' dir='ltr'>exigere</span> <span class='ocrx_word' id='word_1_327' title='bbox 824 4626 925 4670; x_wconf 90' lang='lat' dir='ltr'>omnino</span> <span class='ocrx_word' id='word_1_328' title='bbox 937 4625 1040 4671; x_wconf 83' lang='lat' dir='ltr'>videtur</span> <span class='ocrx_word' id='word_1_329' title='bbox 1050 4631 1085 4681; x_wconf 90' lang='lat' dir='ltr'>ut,</span> <span class='ocrx_word' id='word_1_330' title='bbox 1098 4627 1153 4672; x_wconf 90' lang='lat' dir='ltr'>loco</span> <span class='ocrx_word' id='word_1_331' title='bbox 1164 4628 1235 4672; x_wconf 89' lang='lat' dir='ltr'>vocis</span> <span class='ocrx_word' id='word_1_332' title='bbox 1244 4627 1320 4685; x_wconf 75' lang='lat' dir='ltr'>nihil,</span> <span class='ocrx_word' id='word_1_333' title='bbox 1329 4629 1461 4675; x_wconf 83' lang='lat' dir='ltr'>scribatur</span> <span class='ocrx_word' id='word_1_334' title='bbox 1474 4630 1566 4722; x_wconf 58' lang='lat' dir='ltr'>nimis.</span> 
     </span>
     <span class='ocr_line' id='line_1_41' title="bbox 511 4721 1519 4750; baseline 0.007 -10"><span class='ocrx_word' id='word_1_335' title='bbox 511 4726 517 4740; x_wconf 78' lang='grc' dir='ltr'><strong>ι</strong></span> <span class='ocrx_word' id='word_1_336' title='bbox 571 4728 610 4750; x_wconf 66' lang='grc' dir='ltr'>,ι</span> <span class='ocrx_word' id='word_1_337' title='bbox 664 4727 671 4741; x_wconf 79' lang='grc' dir='ltr'>ι</span> <span class='ocrx_word' id='word_1_338' title='bbox 1517 4721 1519 4724; x_wconf 87' lang='grc'><strong>“</strong></span> 
     </span>
    </p>
   </div>
   <div class='ocr_carea' id='block_1_5' title="bbox 0 0 1826 5350">
    <p class='ocr_par' dir='ltr' id='par_1_10' title="bbox 0 0 1826 5350">
     <span class='ocr_line' id='line_1_42' title="bbox 0 0 1826 5350; baseline 0 3"><span class='ocrx_word' id='word_1_339' title='bbox 0 0 1826 5350; x_wconf 95' lang='lat' dir='ltr'> </span> 
     </span>
    </p>
   </div>
  </div>
 </body>
</html>
