3642 5350
330 386 385 457 388
525 339 528 347 Ι
787 391 915 461 tneor.
934 393 1012 459 Soc.
1033 390 1103 472 Jus.

331 543 421 607 stica
443 541 556 607 officia
582 541 739 608 deerant.
762 542 816 608 Illi
834 555 953 609 tamen
973 543 1092 626 pauci,
1113 552 1156 606 et.
1170 552 1243 607 tam
1257 540 1377 606 multis
1398 540 1434 605 in
1455 538 1562 605 rebus

331 649 487 714 externis
501 651 676 731 occupati,
693 660 731 715 ut
745 660 922 731 poterant,
938 650 1132 715 domestica
1152 650 1242 714 haec
1262 648 1383 713 munia
1399 648 1557 713 obibant.

391 755 479 820 1641.
521 755 600 820 Hoc
615 757 692 838 ipso
707 764 801 822 anno
818 757 981 839 adjunxit
994 776 1033 823 se
1044 758 1177 823 nostris
1192 756 1359 837 egregius
1373 766 1409 820 et
1424 766 1559 837 specta·

330 875 388 929 tae
409 863 537 928 indolis
553 865 768 929 Adalbertus
785 864 806 945 ¹,
820 866 995 946 vigesimo
1011 866 1138 931 aetatis
1153 882 1259 944 anno,
1279 864 1339 945 qui
1356 863 1393 927 in
1407 863 1562 927 liberali·

330 972 395 1035 bus
414 972 549 1036 artibus
568 971 818 1037 bacchalaurei
836 974 989 1054 gradum
1008 982 1208 1055 acceperat,
1221 989 1326 1054 quem
1341 988 1422 1035 cum
1434 987 1560 1035 secure

277 1098 279 1105 ·
329 1080 481 1145 retinere
495 1078 634 1160 Pragae
648 1096 720 1143 non
740 1096 844 1161 posse
865 1080 1081 1158 viderentur,
1103 1080 1199 1162 quod
1220 1089 1321 1160 pater
1343 1079 1455 1159 ipsius
1477 1076 1560 1142 Pra-

328 1204 413 1267 gam
423 1205 468 1251 ex
483 1186 599 1267 patria
614 1196 795 1263 venturus,
812 1190 981 1252 molestus
995 1188 1065 1251 filio
1081 1186 1158 1252 fore
1170 1187 1368 1265 videbatur,
1385 1185 1558 1265 ingolsta-

328 1294 425 1358 dium
440 1294 625 1374 ablegatus
640 1305 703 1359 est.
721 1292 816 1359 Nihil
831 1303 950 1359 tamen
970 1293 1184 1360 incommodi
1198 1295 1243 1358 ob
1265 1292 1341 1375 eJ'us
1363 1292 1559 1357 discessum

328 1410 488 1465 secutum
503 1410 568 1466 est.

389 1507 476 1571 1642.
520 1507 674 1573 Vocatio
698 1507 801 1590 huJus
822 1507 964 1589 juvenis
986 1527 1057 1574 non
1082 1509 1159 1573 sine
1178 1510 1351 1575 miraculo
1370 1509 1448 1573 suit.
1470 1507 1559 1573 Cum

224 1662 228 1675 .
325 1616 420 1680 enim
439 1612 505 1697 [in]
525 1614 655 1679 Missae
680 1614 867 1697 sacrificio,
888 1617 954 1686 sub
977 1618 1172 1681 venerabili
1194 1626 1420 1682 sacramento
1443 1614 1558 1680 Deum

326 1723 503 1803 adoraret,
520 1724 686 1805 apparuit
699 1724 731 1787 ei
745 1724 782 1787 in
796 1724 874 1805 ipsa
886 1723 1123 1803 Eucharistia,
1135 1726 1290 1804 eleganti
1300 1724 1416 1789 forma
1428 1740 1555 1805 pueru-

325 1831 391 1909 luS,
406 1848 452 1893 ex
466 1828 567 1910 qu'us
581 1847 643 1895 ore
657 1831 742 1895 nihil
757 1841 841 1895 tunc
857 1832 1010 1912 audivlt;
1031 1831 1094 1895 sed
1113 1849 1195 1897 cum
1216 1832 1483 1915 obstupefactus
1502 1848 1556 1894 ro·
1604 1888 1607 1893 .

324 1948 426 2018 garet
442 1936 644 2016 Dominum,
661 1938 745 2018 quid
759 1938 816 2002 ille
831 1938 898 2002 sibi
910 1939 1010 2002 visus
1022 1956 1111 2020 puer
1122 1941 1241 2019 vellet,
1253 1939 1343 2003 haec
1357 1939 1483 2017 verba,
1498 1955 1555 2002 ro-

323 2046 434 2127 ganti,
449 2046 576 2110 iterum
587 2062 763 2127 apparens
775 2063 873 2127 puer,
883 2046 1065 2128 respondit
1075 2047 1195 2111 latinis
1205 2048 1335 2111 verbis:
1351 2045 1503 2111 “Petiisti
1515 2057 1557 2109 ut

324 2154 387 2217 tibi
402 2152 558 2217 dicerem
572 2153 655 2233 quid
672 2154 765 2233 volo;
785 2156 866 2218 volo
879 2163 914 2217 te
925 2153 983 2217 hic
995 2170 1084 2234 esse,
1098 2154 1156 2217 ubi
1168 2170 1238 2232 es,
1252 2154 1352 2218 Haec
1366 2152 1434 2217 Dei
1445 2154 1555 2218 verba

325 2261 410 2324 nulli
426 2272 509 2324 tunc
523 2260 599 2340 ipse
614 2259 714 2340 dixit;
730 2259 793 2323 sed
814 2278 895 2324 cum
914 2259 1130 2341 Ingolstadio
1149 2261 1320 2326 scriberet
1340 2261 1430 2340 suis,
1451 2261 1554 2325 bohe-

325 2369 416 2432 mice
436 2368 482 2431 ad
500 2367 659 2447 ipsorum
681 2369 961 2431 consolationem
981 2377 1016 2432 et
1035 2367 1318 2433 aedificationem
1340 2368 1376 2432 id
1398 2367 1554 2449 scripsit.

386 2474 474 2538 1643.
516 2473 651 2539 Romae
666 2475 785 2554 etiam,
798 2476 1040 2555 interrogatus
1055 2492 1097 2539 ea
1112 2476 1155 2541 de
1170 2493 1209 2540 re
1223 2486 1303 2558 post
1315 2474 1460 2557 aliquod
1470 2485 1555 2539 tem-

324 2599 402 2662 pus,
417 2582 510 2646 idem
525 2582 601 2662 ipse
615 2581 682 2644 sibi
696 2581 871 2646 accidisse
886 2592 1038 2647 testatus
1052 2592 1118 2646 est.

386 2689 473 2753 1644.
517 2689 690 2755 Postridie
705 2707 812 2772 quam
826 2690 1042 2756 Adalbertus
1055 2689 1226 2756 Societati
1240 2709 1278 2755 se
1290 2691 1448 2770 dederat,
1465 2693 1556 2755 alter

211 2794 213 2802 '
321 2797 473 2878 juvenis,
489 2798 758 2878 expertissimus
768 2799 970 2879 chirurgus,
986 2810 1022 2863 et
1035 2808 1182 2880 propter
1196 2798 1271 2878 eJ'us
1286 2799 1374 2863 artis
1388 2799 1554 2881 peritiam

325 2903 522 2986 [inhonore
537 2902 717 2986 habitus?],
734 2903 904 2969 Societati
918 2923 957 2969 se
977 2904 1149 2987 adJunxit.
1174 2906 1245 2971 Alii
1263 2906 1371 2970 etiam
1386 2907 1455 2971 duo
1471 2906 1553 2971 insi·

323 3031 413 3094 gnes
427 3013 670 3078 adolescentes
684 3013 859 3094 germani,
876 3024 910 3077 et
922 3032 986 3095 pro
998 3015 1136 3079 ratione
1150 3015 1279 3078 aetatis
1293 3015 1432 3093 eruditi,
1446 3016 1484 3079 in
1494 3012 1553 3078 So·

324 3122 490 3186 cietatem
514 3133 597 3185 sunt
622 3121 779 3185 admissi.
804 3121 906 3185 Alter
926 3134 1045 3187 autem
1065 3140 1204 3202 eorum,
1226 3123 1285 3203 qui
1307 3121 1445 3188 doctior
1464 3130 1554 3198 erat,

324 3230 470 3311 egregia
485 3229 645 3292 oratione
661 3227 848 3292 Rectorem
860 3245 1065 3309 aggressus,
1079 3230 1131 3293 sic
1146 3245 1247 3293 suam
1262 3237 1297 3293 et
1307 3229 1396 3294 socii
1408 3246 1555 3294 causam

324 3337 408 3416 egit,
425 3348 461 3400 ut
476 3334 569 3416 quod
583 3335 785 3416 postulabat
801 3336 942 3417 utrique
958 3337 1142 3400 obtineret.

403 3443 448 3507 Et
462 3443 551 3508 haec
566 3443 610 3508 de
625 3442 784 3522 Collegio
799 3441 974 3524 Pragensi
987 3444 1084 3508 dicta
1098 3445 1180 3508 sint.
1235 3527 1244 3537 ι

573 3803 638 3868 DE
659 3801 893 3868 COLLEGIO
915 3803 1325 3881 [NGOLSTADIENsl

386 4083 474 4148 1645.
517 4083 638 4149 Mense
649 4085 779 4149 Martio
788 4083 1134 4153 SecretariusDucis
1142 4088 1330 4168 Bavariae,
1340 4087 1517 4153 Henricus
1528 4086 1551 4167 ¹,

323 4191 361 4256 P.
378 4191 516 4272 ignatio
531 4193 674 4274 scripsit
688 4192 782 4275 quod
802 4194 967 4258 abessent
988 4195 1096 4275 aliqui
1115 4196 1310 4260 consiliarii
1328 4195 1452 4276 Ducis,
1470 4213 1553 4277 quo·

363 4363 371 4394 ¹
401 4361 695 4417 AdalbertusBausselr,
711 4362 815 4416 Prngae
824 4367 909 4416 natus,
925 4364 1024 4418 primur
1038 4375 1114 4418 quem
1128 4365 1199 4410 lutra
1212 4365 1362 4411 Bohemlam
1376 4365 1402 4409 ln
1417 4376 1552 4410 numerum

321 4445 426 4478 suorum
436 4434 534 4488 recepit
546 4433 671 4479 Societas.
683 4431 807 4486 Scauros,
818 4434 835 4478 l.
847 4445 879 4485 α,
888 4435 932 4478 llb.
942 4445 970 4481 rt.
979 4447 1004 4477 n.
1014 4435 1050 4479 85.
1382 4431 1388 4442 “

361 4505 373 4538 ¹
401 4505 527 4549 llenrlcns
543 4504 715 4549 Schweilrart.
726 4504 793 4549 Vide
805 4505 853 4549 Stl.
867 4505 964 4560 lgnatll
975 4506 1009 4550 ad
1020 4507 1103 4562 ipsum
1114 4509 1146 4552 de
1159 4509 1200 4552 lrls
1210 4510 1288 4553 rebus
1297 4509 1445 4564 epistolam:
1456 4509 1552 4553 Carras

320 4580 354 4622 de
365 4577 419 4620 San
432 4577 548 4630 [gaucia.
563 4585 584 4621 t.
603 4589 637 4628 tr,
650 4589 708 4632 pag.
719 4577 768 4631 287;
779 4585 804 4621 et
816 4589 903 4632 snpra,
920 4585 939 4621 t.
953 4589 990 4634 tv,
1006 4589 1067 4634 pag.
1082 4581 1131 4634 w,
1147 4592 1174 4624 n.
1184 4580 1233 4634 235,
1246 4581 1295 4635 286,
1309 4593 1342 4626 ac
1354 4589 1372 4626 t.
1389 4595 1416 4636 r,
1431 4593 1493 4637 pag.
1503 4581 1551 4636 ²⁶0,

321 4649 405 4704 ram,
419 4649 539 4694 anneta.
608 4685 611 4694 .
