<?xml version="1.0" encoding="UTF-8"?>
<!DOCTYPE html PUBLIC "-//W3C//DTD XHTML 1.0 Transitional//EN"
    "http://www.w3.org/TR/xhtml1/DTD/xhtml1-transitional.dtd">
<html xmlns="http://www.w3.org/1999/xhtml" xml:lang="en" lang="en">
 <head>
  <title>
</title>
<meta http-equiv="Content-Type" content="text/html;charset=utf-8" />
  <meta name='ocr-system' content='tesseract 3.04.00' />
  <meta name='ocr-capabilities' content='ocr_page ocr_carea ocr_par ocr_line ocrx_word'/>
</head>
<body>
  <div class='ocr_page' id='page_1' title='image "./vitaignatiiloio00polagoog_0397.png"; bbox 0 0 3642 5350; ppageno 0'>
   <div class='ocr_carea' id='block_1_1' title="bbox 808 386 1502 458">
    <p class='ocr_par' dir='ltr' id='par_1_1' title="bbox 808 386 1502 458">
     <span class='ocr_line' id='line_1_1' title="bbox 808 386 1502 458; baseline 0.001 -1"><span class='ocrx_word' id='word_1_1' title='bbox 808 392 874 458; x_wconf 83' lang='lat' dir='ltr'>Au.</span> <span class='ocrx_word' id='word_1_2' title='bbox 895 391 966 457; x_wconf 80' lang='grc'>1566</span> <span class='ocrx_word' id='word_1_3' title='bbox 1447 386 1502 458; x_wconf 79' lang='grc'>387</span> 
     </span>
    </p>
   </div>
   <div class='ocr_carea' id='block_1_2' title="bbox 232 540 1590 4171">
    <p class='ocr_par' dir='ltr' id='par_1_2' title="bbox 274 540 1574 1053">
     <span class='ocr_line' id='line_1_2' title="bbox 337 540 1574 624; baseline -0.001 -16"><span class='ocrx_word' id='word_1_4' title='bbox 337 540 425 608; x_wconf 84' lang='grc'>1634.</span> <span class='ocrx_word' id='word_1_5' title='bbox 468 541 548 621; x_wconf 88' lang='lat' dir='ltr'>Sed,</span> <span class='ocrx_word' id='word_1_6' title='bbox 569 552 608 608; x_wconf 94' lang='lat' dir='ltr'>ut</span> <span class='ocrx_word' id='word_1_7' title='bbox 627 542 671 608; x_wconf 90' lang='lat' dir='ltr'>de</span> <span class='ocrx_word' id='word_1_8' title='bbox 692 543 825 608; x_wconf 82' lang='lat' dir='ltr'>familia</span> <span class='ocrx_word' id='word_1_9' title='bbox 844 553 1049 607; x_wconf 88' lang='lat' dir='ltr'>nostrorum</span> <span class='ocrx_word' id='word_1_10' title='bbox 1073 543 1206 623; x_wconf 91' lang='lat' dir='ltr'>aliquid</span> <span class='ocrx_word' id='word_1_11' title='bbox 1228 542 1377 624; x_wconf 91' lang='lat' dir='ltr'>dicatur,</span> <span class='ocrx_word' id='word_1_12' title='bbox 1397 542 1502 608; x_wconf 80' lang='lat' dir='ltr'>facile</span> <span class='ocrx_word' id='word_1_13' title='bbox 1568 540 1574 553; x_wconf 92' lang='lat'>&#39;</span> 
     </span>
     <span class='ocr_line' id='line_1_3' title="bbox 274 649 1500 733; baseline 0.002 -18"><span class='ocrx_word' id='word_1_14' title='bbox 274 650 341 716; x_wconf 89' lang='lat' dir='ltr'>Dei</span> <span class='ocrx_word' id='word_1_15' title='bbox 356 652 579 733; x_wconf 85' lang='lat' dir='ltr'>providentia</span> <span class='ocrx_word' id='word_1_16' title='bbox 594 652 631 715; x_wconf 91' lang='lat' dir='ltr'>in</span> <span class='ocrx_word' id='word_1_17' title='bbox 643 650 792 731; x_wconf 85' lang='lat' dir='ltr'>Collegii</span> <span class='ocrx_word' id='word_1_18' title='bbox 808 649 913 730; x_wconf 86' lang='lat' dir='ltr'>hujus</span> <span class='ocrx_word' id='word_1_19' title='bbox 927 650 1035 714; x_wconf 88' lang='lat' dir='ltr'>initiis</span> <span class='ocrx_word' id='word_1_20' title='bbox 1056 651 1154 715; x_wconf 91' lang='lat' dir='ltr'>cerni</span> <span class='ocrx_word' id='word_1_21' title='bbox 1168 652 1293 732; x_wconf 89' lang='lat' dir='ltr'>potuit;</span> <span class='ocrx_word' id='word_1_22' title='bbox 1309 670 1393 716; x_wconf 88' lang='lat' dir='ltr'>nam</span> <span class='ocrx_word' id='word_1_23' title='bbox 1408 652 1500 717; x_wconf 93' lang='lat' dir='ltr'>inter</span> 
     </span>
     <span class='ocr_line' id='line_1_4' title="bbox 276 756 1503 841; baseline -0.002 -14"><span class='ocrx_word' id='word_1_24' title='bbox 276 760 462 827; x_wconf 86' lang='lat' dir='ltr'>duodecim</span> <span class='ocrx_word' id='word_1_25' title='bbox 484 757 639 839; x_wconf 84' lang='lat' dir='ltr'>Pragam</span> <span class='ocrx_word' id='word_1_26' title='bbox 664 758 803 837; x_wconf 90' lang='lat' dir='ltr'>missos,</span> <span class='ocrx_word' id='word_1_27' title='bbox 829 756 1439 841; x_wconf 59' lang='grc'>110311111111111111111111111,</span> <span class='ocrx_word' id='word_1_28' title='bbox 1463 770 1503 825; x_wconf 91' lang='lat' dir='ltr'>ut</span> 
     </span>
     <span class='ocr_line' id='line_1_5' title="bbox 276 864 1503 957; baseline -0.001 -26"><span class='ocrx_word' id='word_1_29' title='bbox 276 868 397 957; x_wconf 81' lang='lat' dir='ltr'>statim</span> <span class='ocrx_word' id='word_1_30' title='bbox 410 867 592 947; x_wconf 82' lang='lat' dir='ltr'>negotium</span> <span class='ocrx_word' id='word_1_31' title='bbox 607 864 855 946; x_wconf 87' lang='lat' dir='ltr'>Superioribus</span> <span class='ocrx_word' id='word_1_32' title='bbox 867 866 1045 930; x_wconf 86' lang='lat' dir='ltr'>facessere</span> <span class='ocrx_word' id='word_1_33' title='bbox 1056 865 1239 947; x_wconf 87' lang='lat' dir='ltr'>inciperet,</span> <span class='ocrx_word' id='word_1_34' title='bbox 1253 878 1288 931; x_wconf 91' lang='lat' dir='ltr'>et</span> <span class='ocrx_word' id='word_1_35' title='bbox 1302 885 1384 932; x_wconf 91' lang='lat' dir='ltr'>cum</span> <span class='ocrx_word' id='word_1_36' title='bbox 1395 868 1503 932; x_wconf 86' lang='lat' dir='ltr'>insta·</span> 
     </span>
     <span class='ocr_line' id='line_1_6' title="bbox 276 970 1380 1053; baseline -0.004 -15"><span class='ocrx_word' id='word_1_37' title='bbox 276 974 357 1038; x_wconf 92' lang='lat' dir='ltr'>bilis</span> <span class='ocrx_word' id='word_1_38' title='bbox 372 982 466 1037; x_wconf 87' lang='lat' dir='ltr'>esset</span> <span class='ocrx_word' id='word_1_39' title='bbox 479 973 515 1037; x_wconf 92' lang='lat' dir='ltr'>in</span> <span class='ocrx_word' id='word_1_40' title='bbox 530 972 718 1037; x_wconf 92' lang='lat' dir='ltr'>vocatione</span> <span class='ocrx_word' id='word_1_41' title='bbox 735 970 793 1053; x_wconf 93' lang='lat' dir='ltr'>[et]</span> <span class='ocrx_word' id='word_1_42' title='bbox 809 971 1043 1053; x_wconf 91' lang='lat' dir='ltr'>importunus,</span> <span class='ocrx_word' id='word_1_43' title='bbox 1063 972 1291 1037; x_wconf 91' lang='lat' dir='ltr'>dimittendus</span> <span class='ocrx_word' id='word_1_44' title='bbox 1304 974 1380 1038; x_wconf 88' lang='lat' dir='ltr'>suit.</span> 
     </span>
    </p>

    <p class='ocr_par' dir='ltr' id='par_1_3' title="bbox 232 1078 1505 1576">
     <span class='ocr_line' id='line_1_7' title="bbox 296 1078 1502 1160; baseline 0.007 -23"><span class='ocrx_word' id='word_1_45' title='bbox 296 1132 299 1137; x_wconf 87' lang='lat'>.</span> <span class='ocrx_word' id='word_1_46' title='bbox 340 1079 428 1145; x_wconf 88' lang='grc'>1635.</span> <span class='ocrx_word' id='word_1_47' title='bbox 473 1078 658 1146; x_wconf 86' lang='lat' dir='ltr'>Secundus</span> <span class='ocrx_word' id='word_1_48' title='bbox 673 1079 880 1145; x_wconf 87' lang='lat' dir='ltr'>Gonzalvus</span> <span class='ocrx_word' id='word_1_49' title='bbox 893 1079 1087 1160; x_wconf 90' lang='lat' dir='ltr'>Laprouia,</span> <span class='ocrx_word' id='word_1_50' title='bbox 1099 1080 1159 1160; x_wconf 92' lang='lat' dir='ltr'>qui</span> <span class='ocrx_word' id='word_1_51' title='bbox 1171 1082 1279 1149; x_wconf 89' lang='lat' dir='ltr'>etiam</span> <span class='ocrx_word' id='word_1_52' title='bbox 1291 1081 1337 1144; x_wconf 91' lang='lat' dir='ltr'>ad</span> <span class='ocrx_word' id='word_1_53' title='bbox 1351 1080 1502 1145; x_wconf 86' lang='lat' dir='ltr'>officium</span> 
     </span>
     <span class='ocr_line' id='line_1_8' title="bbox 277 1186 1504 1279; baseline -0.002 -26"><span class='ocrx_word' id='word_1_54' title='bbox 277 1189 428 1279; x_wconf 87' lang='lat' dir='ltr'>ministri</span> <span class='ocrx_word' id='word_1_55' title='bbox 446 1189 593 1252; x_wconf 90' lang='lat' dir='ltr'>idoneus</span> <span class='ocrx_word' id='word_1_56' title='bbox 612 1187 810 1265; x_wconf 88' lang='lat' dir='ltr'>videbatur,</span> <span class='ocrx_word' id='word_1_57' title='bbox 827 1186 879 1250; x_wconf 88' lang='lat' dir='ltr'>sic</span> <span class='ocrx_word' id='word_1_58' title='bbox 903 1188 1010 1251; x_wconf 88' lang='lat' dir='ltr'>etiam</span> <span class='ocrx_word' id='word_1_59' title='bbox 1030 1204 1069 1251; x_wconf 93' lang='lat' dir='ltr'>se</span> <span class='ocrx_word' id='word_1_60' title='bbox 1087 1187 1211 1267; x_wconf 80' lang='lat' dir='ltr'>gessit,</span> <span class='ocrx_word' id='word_1_61' title='bbox 1226 1197 1265 1251; x_wconf 90' lang='lat' dir='ltr'>ut</span> <span class='ocrx_word' id='word_1_62' title='bbox 1284 1188 1413 1252; x_wconf 89' lang='lat' dir='ltr'>dimitti</span> <span class='ocrx_word' id='word_1_63' title='bbox 1427 1204 1504 1251; x_wconf 87' lang='lat' dir='ltr'>ver·</span> 
     </span>
     <span class='ocr_line' id='line_1_9' title="bbox 276 1293 1504 1376; baseline -0.003 -15"><span class='ocrx_word' id='word_1_64' title='bbox 276 1312 337 1361; x_wconf 88' lang='lat' dir='ltr'>sus</span> <span class='ocrx_word' id='word_1_65' title='bbox 347 1295 525 1361; x_wconf 81' lang='lat' dir='ltr'>Viennam</span> <span class='ocrx_word' id='word_1_66' title='bbox 538 1294 734 1376; x_wconf 90' lang='lat' dir='ltr'>oportuerit</span> <span class='ocrx_word' id='word_1_67' title='bbox 745 1293 813 1358; x_wconf 89' lang='lat' dir='ltr'>bac</span> <span class='ocrx_word' id='word_1_68' title='bbox 825 1294 903 1374; x_wconf 89' lang='lat' dir='ltr'>ipsa</span> <span class='ocrx_word' id='word_1_69' title='bbox 916 1304 1063 1358; x_wconf 85' lang='lat' dir='ltr'>aestate.</span> <span class='ocrx_word' id='word_1_70' title='bbox 1076 1293 1373 1359; x_wconf 88' lang='lat' dir='ltr'>Aviennensibus</span> <span class='ocrx_word' id='word_1_71' title='bbox 1384 1302 1504 1359; x_wconf 91' lang='lat' dir='ltr'>tamen</span> 
     </span>
     <span class='ocr_line' id='line_1_10' title="bbox 276 1402 1505 1484; baseline -0.001 -17"><span class='ocrx_word' id='word_1_72' title='bbox 276 1414 458 1483; x_wconf 88' lang='lat' dir='ltr'>exceptus,</span> <span class='ocrx_word' id='word_1_73' title='bbox 474 1402 712 1484; x_wconf 89' lang='lat' dir='ltr'>poenitentiae</span> <span class='ocrx_word' id='word_1_74' title='bbox 732 1403 848 1467; x_wconf 91' lang='lat' dir='ltr'>locum</span> <span class='ocrx_word' id='word_1_75' title='bbox 868 1418 910 1465; x_wconf 93' lang='lat' dir='ltr'>eo</span> <span class='ocrx_word' id='word_1_76' title='bbox 931 1412 1088 1482; x_wconf 88' lang='lat' dir='ltr'>tempore</span> <span class='ocrx_word' id='word_1_77' title='bbox 1104 1402 1250 1481; x_wconf 88' lang='lat' dir='ltr'>invenit,</span> <span class='ocrx_word' id='word_1_78' title='bbox 1268 1404 1431 1483; x_wconf 90' lang='lat' dir='ltr'>quamvis</span> <span class='ocrx_word' id='word_1_79' title='bbox 1445 1419 1505 1484; x_wconf 92' lang='lat' dir='ltr'>po·</span> 
     </span>
     <span class='ocr_line' id='line_1_11' title="bbox 232 1504 737 1576; baseline -0.002 -1"><span class='ocrx_word' id='word_1_80' title='bbox 232 1504 234 1511; x_wconf 84' lang='grc'><strong>’</strong></span> <span class='ocrx_word' id='word_1_81' title='bbox 277 1521 354 1576; x_wconf 89' lang='lat' dir='ltr'>stea</span> <span class='ocrx_word' id='word_1_82' title='bbox 368 1512 405 1575; x_wconf 89' lang='lat' dir='ltr'>in</span> <span class='ocrx_word' id='word_1_83' title='bbox 419 1509 558 1575; x_wconf 87' lang='lat' dir='ltr'>ltaliam</span> <span class='ocrx_word' id='word_1_84' title='bbox 575 1519 737 1574; x_wconf 81' lang='lat' dir='ltr'>vocatus</span> 
     </span>
    </p>

    <p class='ocr_par' dir='ltr' id='par_1_4' title="bbox 278 1615 1508 2234">
     <span class='ocr_line' id='line_1_12' title="bbox 339 1615 1505 1699; baseline 0.001 -18"><span class='ocrx_word' id='word_1_85' title='bbox 339 1618 427 1682; x_wconf 87' lang='grc'>1636.</span> <span class='ocrx_word' id='word_1_86' title='bbox 470 1617 606 1683; x_wconf 90' lang='lat' dir='ltr'>Doctor</span> <span class='ocrx_word' id='word_1_87' title='bbox 617 1618 724 1681; x_wconf 89' lang='lat' dir='ltr'>etiam</span> <span class='ocrx_word' id='word_1_88' title='bbox 739 1616 898 1697; x_wconf 77' lang='lat' dir='ltr'>Tylanus</span> <span class='ocrx_word' id='word_1_89' title='bbox 909 1616 1143 1697; x_wconf 89' lang='lat' dir='ltr'>permolestus</span> <span class='ocrx_word' id='word_1_90' title='bbox 1155 1615 1403 1698; x_wconf 91' lang='lat' dir='ltr'>Superioribus</span> <span class='ocrx_word' id='word_1_91' title='bbox 1415 1629 1505 1699; x_wconf 87' lang='lat' dir='ltr'>erat;</span> 
     </span>
     <span class='ocr_line' id='line_1_13' title="bbox 278 1724 1507 1806; baseline -0.002 -15"><span class='ocrx_word' id='word_1_92' title='bbox 278 1738 312 1792; x_wconf 82' lang='lat' dir='ltr'>et</span> <span class='ocrx_word' id='word_1_93' title='bbox 326 1726 397 1791; x_wconf 92' lang='lat' dir='ltr'>duo</span> <span class='ocrx_word' id='word_1_94' title='bbox 413 1726 484 1789; x_wconf 88' lang='grc'>11111.</span> <span class='ocrx_word' id='word_1_95' title='bbox 502 1725 638 1790; x_wconf 91' lang='lat' dir='ltr'>Doctor</span> <span class='ocrx_word' id='word_1_96' title='bbox 653 1724 830 1789; x_wconf 88' lang='lat' dir='ltr'>Henricus</span> <span class='ocrx_word' id='word_1_97' title='bbox 840 1724 877 1788; x_wconf 93' lang='lat' dir='ltr'>in</span> <span class='ocrx_word' id='word_1_98' title='bbox 891 1724 1053 1789; x_wconf 89' lang='lat' dir='ltr'>morbum</span> <span class='ocrx_word' id='word_1_99' title='bbox 1067 1724 1200 1804; x_wconf 91' lang='lat' dir='ltr'>incidit,</span> <span class='ocrx_word' id='word_1_100' title='bbox 1214 1734 1248 1788; x_wconf 93' lang='lat' dir='ltr'>et</span> <span class='ocrx_word' id='word_1_101' title='bbox 1258 1725 1365 1805; x_wconf 89' lang='lat' dir='ltr'>gravi</span> <span class='ocrx_word' id='word_1_102' title='bbox 1379 1725 1507 1806; x_wconf 88' lang='lat' dir='ltr'>capitis</span> 
     </span>
     <span class='ocr_line' id='line_1_14' title="bbox 279 1830 1506 1913; baseline -0.002 -15"><span class='ocrx_word' id='word_1_103' title='bbox 279 1835 400 1899; x_wconf 91' lang='lat' dir='ltr'>dolore</span> <span class='ocrx_word' id='word_1_104' title='bbox 416 1850 437 1897; x_wconf 89' lang='lat' dir='ltr'>a</span> <span class='ocrx_word' id='word_1_105' title='bbox 453 1832 578 1896; x_wconf 90' lang='lat' dir='ltr'>studiis</span> <span class='ocrx_word' id='word_1_106' title='bbox 598 1832 865 1913; x_wconf 86' lang='lat' dir='ltr'>impediebatur.</span> <span class='ocrx_word' id='word_1_107' title='bbox 886 1830 1008 1912; x_wconf 87' lang='lat' dir='ltr'>Itaque</span> <span class='ocrx_word' id='word_1_108' title='bbox 1027 1840 1062 1895; x_wconf 89' lang='lat' dir='ltr'>et</span> <span class='ocrx_word' id='word_1_109' title='bbox 1083 1841 1184 1895; x_wconf 82' lang='lat' dir='ltr'>extra</span> <span class='ocrx_word' id='word_1_110' title='bbox 1204 1832 1348 1895; x_wconf 91' lang='lat' dir='ltr'>domum</span> <span class='ocrx_word' id='word_1_111' title='bbox 1362 1842 1397 1895; x_wconf 91' lang='lat' dir='ltr'>et</span> <span class='ocrx_word' id='word_1_112' title='bbox 1412 1833 1506 1896; x_wconf 87' lang='lat' dir='ltr'>intra</span> 
     </span>
     <span class='ocr_line' id='line_1_15' title="bbox 279 1937 1493 2021; baseline -0.002 -16"><span class='ocrx_word' id='word_1_113' title='bbox 279 1943 376 2005; x_wconf 90' lang='lat' dir='ltr'>illam</span> <span class='ocrx_word' id='word_1_114' title='bbox 396 1940 616 2005; x_wconf 86' lang='lat' dir='ltr'>exercendae</span> <span class='ocrx_word' id='word_1_115' title='bbox 639 1937 856 2021; x_wconf 87' lang='lat' dir='ltr'>[patientiae]</span> <span class='ocrx_word' id='word_1_116' title='bbox 877 1939 1020 2003; x_wconf 91' lang='lat' dir='ltr'>occasio</span> <span class='ocrx_word' id='word_1_117' title='bbox 1035 1956 1108 2003; x_wconf 90' lang='lat' dir='ltr'>non</span> <span class='ocrx_word' id='word_1_118' title='bbox 1128 1939 1264 2017; x_wconf 72' lang='lat' dir='ltr'>deerat,</span> <span class='ocrx_word' id='word_1_119' title='bbox 1286 1949 1321 2001; x_wconf 92' lang='lat' dir='ltr'>et</span> <span class='ocrx_word' id='word_1_120' title='bbox 1341 1938 1430 2003; x_wconf 90' lang='lat' dir='ltr'>satis</span> <span class='ocrx_word' id='word_1_121' title='bbox 1449 1940 1493 2003; x_wconf 87' lang='lat' dir='ltr'>ob</span> 
     </span>
     <span class='ocr_line' id='line_1_16' title="bbox 280 2044 1508 2129; baseline -0.002 -16"><span class='ocrx_word' id='word_1_122' title='bbox 280 2059 461 2114; x_wconf 89' lang='lat' dir='ltr'>servatum</span> <span class='ocrx_word' id='word_1_123' title='bbox 472 2057 537 2128; x_wconf 90' lang='lat' dir='ltr'>est,</span> <span class='ocrx_word' id='word_1_124' title='bbox 551 2047 597 2112; x_wconf 87' lang='lat' dir='ltr'>ad</span> <span class='ocrx_word' id='word_1_125' title='bbox 607 2066 702 2113; x_wconf 91' lang='lat' dir='ltr'>nova</span> <span class='ocrx_word' id='word_1_126' title='bbox 714 2046 872 2125; x_wconf 84' lang='lat' dir='ltr'>Collegia</span> <span class='ocrx_word' id='word_1_127' title='bbox 884 2044 1098 2125; x_wconf 76' lang='lat' dir='ltr'>huiusmodi,</span> <span class='ocrx_word' id='word_1_128' title='bbox 1110 2045 1275 2110; x_wconf 86' lang='lat' dir='ltr'>fortiores</span> <span class='ocrx_word' id='word_1_129' title='bbox 1286 2047 1323 2109; x_wconf 93' lang='lat' dir='ltr'>in</span> <span class='ocrx_word' id='word_1_130' title='bbox 1334 2048 1461 2129; x_wconf 91' lang='lat' dir='ltr'>spiritu</span> <span class='ocrx_word' id='word_1_131' title='bbox 1472 2059 1508 2113; x_wconf 93' lang='lat' dir='ltr'>et</span> 
     </span>
     <span class='ocr_line' id='line_1_17' title="bbox 282 2152 1249 2234; baseline -0.006 -13"><span class='ocrx_word' id='word_1_132' title='bbox 282 2156 480 2221; x_wconf 87' lang='lat' dir='ltr'>stabiliores</span> <span class='ocrx_word' id='word_1_133' title='bbox 495 2174 573 2221; x_wconf 91' lang='lat' dir='ltr'>esse</span> <span class='ocrx_word' id='word_1_134' title='bbox 589 2156 788 2233; x_wconf 92' lang='lat' dir='ltr'>mittendos,</span> <span class='ocrx_word' id='word_1_135' title='bbox 806 2154 923 2234; x_wconf 87' lang='lat' dir='ltr'>quoad</span> <span class='ocrx_word' id='word_1_136' title='bbox 938 2152 1013 2233; x_wconf 88' lang='lat' dir='ltr'>ejus</span> <span class='ocrx_word' id='word_1_137' title='bbox 1027 2152 1103 2216; x_wconf 89' lang='lat' dir='ltr'>fieri</span> <span class='ocrx_word' id='word_1_138' title='bbox 1117 2162 1249 2232; x_wconf 88' lang='lat' dir='ltr'>posset.</span> 
     </span>
    </p>

    <p class='ocr_par' dir='ltr' id='par_1_5' title="bbox 279 2260 1590 2770">
     <span class='ocr_line' id='line_1_18' title="bbox 342 2260 1507 2344; baseline 0.002 -19"><span class='ocrx_word' id='word_1_139' title='bbox 342 2262 430 2325; x_wconf 89' lang='grc'>1637.</span> <span class='ocrx_word' id='word_1_140' title='bbox 473 2262 604 2326; x_wconf 89' lang='lat' dir='ltr'>Divina</span> <span class='ocrx_word' id='word_1_141' title='bbox 619 2272 738 2326; x_wconf 86' lang='lat' dir='ltr'>tamen</span> <span class='ocrx_word' id='word_1_142' title='bbox 752 2260 892 2325; x_wconf 89' lang='lat' dir='ltr'>bonitas</span> <span class='ocrx_word' id='word_1_143' title='bbox 912 2260 1108 2340; x_wconf 89' lang='lat' dir='ltr'>supplebat,</span> <span class='ocrx_word' id='word_1_144' title='bbox 1125 2260 1220 2341; x_wconf 89' lang='lat' dir='ltr'>quod</span> <span class='ocrx_word' id='word_1_145' title='bbox 1239 2262 1276 2325; x_wconf 91' lang='lat' dir='ltr'>in</span> <span class='ocrx_word' id='word_1_146' title='bbox 1296 2263 1365 2327; x_wconf 93' lang='lat' dir='ltr'>illis</span> <span class='ocrx_word' id='word_1_147' title='bbox 1380 2264 1507 2344; x_wconf 90' lang='lat' dir='ltr'>princi·</span> 
     </span>
     <span class='ocr_line' id='line_1_19' title="bbox 281 2366 1507 2451; baseline 0.001 -18"><span class='ocrx_word' id='word_1_148' title='bbox 281 2371 349 2451; x_wconf 92' lang='lat' dir='ltr'>piis</span> <span class='ocrx_word' id='word_1_149' title='bbox 363 2369 539 2451; x_wconf 89' lang='lat' dir='ltr'>praestari</span> <span class='ocrx_word' id='word_1_150' title='bbox 553 2386 574 2431; x_wconf 92' lang='lat' dir='ltr'>a</span> <span class='ocrx_word' id='word_1_151' title='bbox 588 2366 765 2432; x_wconf 89' lang='lat' dir='ltr'>Societate</span> <span class='ocrx_word' id='word_1_152' title='bbox 780 2385 851 2431; x_wconf 91' lang='lat' dir='ltr'>non</span> <span class='ocrx_word' id='word_1_153' title='bbox 862 2375 1014 2447; x_wconf 90' lang='lat' dir='ltr'>poterat:</span> <span class='ocrx_word' id='word_1_154' title='bbox 1027 2367 1102 2448; x_wconf 91' lang='lat' dir='ltr'>ipse</span> <span class='ocrx_word' id='word_1_155' title='bbox 1113 2368 1221 2432; x_wconf 90' lang='lat' dir='ltr'>etiam</span> <span class='ocrx_word' id='word_1_156' title='bbox 1232 2368 1364 2433; x_wconf 91' lang='lat' dir='ltr'>Rector</span> <span class='ocrx_word' id='word_1_157' title='bbox 1376 2368 1507 2451; x_wconf 76' lang='lat' dir='ltr'>[malci]</span> 
     </span>
     <span class='ocr_line' id='line_1_20' title="bbox 279 2464 1590 2557; baseline 0 -16"><span class='ocrx_word' id='word_1_158' title='bbox 279 2477 476 2541; x_wconf 88' lang='lat' dir='ltr'>habebatur</span> <span class='ocrx_word' id='word_1_159' title='bbox 493 2474 513 2539; x_wconf 86' lang='lat'>¹.</span> <span class='ocrx_word' id='word_1_160' title='bbox 530 2473 600 2539; x_wconf 90' lang='lat' dir='ltr'>Sed</span> <span class='ocrx_word' id='word_1_161' title='bbox 618 2473 655 2539; x_wconf 93' lang='lat' dir='ltr'>P.</span> <span class='ocrx_word' id='word_1_162' title='bbox 678 2474 812 2539; x_wconf 89' lang='lat' dir='ltr'>Canisii</span> <span class='ocrx_word' id='word_1_163' title='bbox 832 2474 1002 2538; x_wconf 88' lang='lat' dir='ltr'>auxilium</span> <span class='ocrx_word' id='word_1_164' title='bbox 1021 2476 1131 2538; x_wconf 88' lang='lat' dir='ltr'>multa</span> <span class='ocrx_word' id='word_1_165' title='bbox 1152 2476 1349 2555; x_wconf 88' lang='lat' dir='ltr'>supplebat,</span> <span class='ocrx_word' id='word_1_166' title='bbox 1367 2478 1427 2557; x_wconf 91' lang='lat' dir='ltr'>qui</span> <span class='ocrx_word' id='word_1_167' title='bbox 1450 2496 1507 2542; x_wconf 91' lang='lat' dir='ltr'>ne·</span> <span class='ocrx_word' id='word_1_168' title='bbox 1586 2464 1590 2471; x_wconf 68' lang='grc'>’</span> 
     </span>
     <span class='ocr_line' id='line_1_21' title="bbox 280 2582 1508 2664; baseline 0.001 -16"><span class='ocrx_word' id='word_1_169' title='bbox 280 2584 474 2648; x_wconf 87' lang='lat' dir='ltr'>cessarium</span> <span class='ocrx_word' id='word_1_170' title='bbox 497 2582 723 2647; x_wconf 87' lang='lat' dir='ltr'>existimabat</span> <span class='ocrx_word' id='word_1_171' title='bbox 747 2592 949 2663; x_wconf 90' lang='lat' dir='ltr'>permutare</span> <span class='ocrx_word' id='word_1_172' title='bbox 976 2583 1021 2646; x_wconf 90' lang='lat' dir='ltr'>ab</span> <span class='ocrx_word' id='word_1_173' title='bbox 1042 2600 1113 2645; x_wconf 91' lang='lat' dir='ltr'>uno</span> <span class='ocrx_word' id='word_1_174' title='bbox 1134 2583 1169 2646; x_wconf 90' lang='lat' dir='ltr'>in</span> <span class='ocrx_word' id='word_1_175' title='bbox 1189 2583 1285 2645; x_wconf 88' lang='lat' dir='ltr'>aliud</span> <span class='ocrx_word' id='word_1_176' title='bbox 1312 2582 1508 2664; x_wconf 87' lang='lat' dir='ltr'>Collegium</span> 
     </span>
     <span class='ocr_line' id='line_1_22' title="bbox 280 2691 725 2770; baseline -0.009 -13"><span class='ocrx_word' id='word_1_177' title='bbox 280 2693 373 2770; x_wconf 86' lang='lat' dir='ltr'>¹illius</span> <span class='ocrx_word' id='word_1_178' title='bbox 393 2691 613 2757; x_wconf 89' lang='lat' dir='ltr'>Provinciae.</span> <span class='ocrx_word' id='word_1_179' title='bbox 720 2705 725 2718; x_wconf 91' lang='grc'><em>·</em></span> 
     </span>
    </p>

    <p class='ocr_par' dir='ltr' id='par_1_6' title="bbox 256 2797 1511 3418">
     <span class='ocr_line' id='line_1_23' title="bbox 344 2797 1509 2879; baseline 0 -15"><span class='ocrx_word' id='word_1_180' title='bbox 344 2799 431 2864; x_wconf 82' lang='grc'>1638.</span> <span class='ocrx_word' id='word_1_181' title='bbox 475 2797 565 2863; x_wconf 92' lang='lat' dir='ltr'>Cum</span> <span class='ocrx_word' id='word_1_182' title='bbox 589 2808 707 2864; x_wconf 87' lang='lat' dir='ltr'>autem</span> <span class='ocrx_word' id='word_1_183' title='bbox 731 2797 970 2879; x_wconf 88' lang='lat' dir='ltr'>significatum</span> <span class='ocrx_word' id='word_1_184' title='bbox 994 2807 1048 2861; x_wconf 89' lang='lat' dir='ltr'>est</span> <span class='ocrx_word' id='word_1_185' title='bbox 1072 2797 1185 2861; x_wconf 91' lang='lat' dir='ltr'>eidem</span> <span class='ocrx_word' id='word_1_186' title='bbox 1210 2807 1249 2861; x_wconf 90' lang='lat' dir='ltr'>ut</span> <span class='ocrx_word' id='word_1_187' title='bbox 1273 2797 1509 2865; x_wconf 90' lang='lat' dir='ltr'>Provincialis</span> 
     </span>
     <span class='ocr_line' id='line_1_24' title="bbox 281 2904 1510 2989; baseline -0.002 -15"><span class='ocrx_word' id='word_1_188' title='bbox 281 2925 404 2974; x_wconf 88' lang='lat' dir='ltr'>curam</span> <span class='ocrx_word' id='word_1_189' title='bbox 429 2907 636 2989; x_wconf 90' lang='lat' dir='ltr'>susciperet,</span> <span class='ocrx_word' id='word_1_190' title='bbox 663 2907 825 2970; x_wconf 90' lang='lat' dir='ltr'>acerbius</span> <span class='ocrx_word' id='word_1_191' title='bbox 844 2905 880 2969; x_wconf 88' lang='lat' dir='ltr'>id</span> <span class='ocrx_word' id='word_1_192' title='bbox 899 2905 993 2984; x_wconf 90' lang='lat' dir='ltr'>tulit;</span> <span class='ocrx_word' id='word_1_193' title='bbox 1019 2914 1054 2967; x_wconf 96' lang='lat' dir='ltr'>et</span> <span class='ocrx_word' id='word_1_194' title='bbox 1072 2905 1250 2969; x_wconf 87' lang='lat' dir='ltr'>humiliter</span> <span class='ocrx_word' id='word_1_195' title='bbox 1272 2904 1310 2969; x_wconf 94' lang='lat' dir='ltr'>P.</span> <span class='ocrx_word' id='word_1_196' title='bbox 1332 2906 1510 2987; x_wconf 84' lang='lat' dir='ltr'>ignatium</span> 
     </span>
     <span class='ocr_line' id='line_1_25' title="bbox 281 3012 1510 3098; baseline -0.002 -17"><span class='ocrx_word' id='word_1_197' title='bbox 281 3025 448 3098; x_wconf 90' lang='lat' dir='ltr'>precatus</span> <span class='ocrx_word' id='word_1_198' title='bbox 463 3031 517 3080; x_wconf 89' lang='lat' dir='ltr'>est</span> <span class='ocrx_word' id='word_1_199' title='bbox 532 3025 571 3078; x_wconf 93' lang='lat' dir='ltr'>ut</span> <span class='ocrx_word' id='word_1_200' title='bbox 585 3015 652 3076; x_wconf 91' lang='lat' dir='ltr'>hoc</span> <span class='ocrx_word' id='word_1_201' title='bbox 672 3012 739 3092; x_wconf 91' lang='lat' dir='ltr'>ipsi</span> <span class='ocrx_word' id='word_1_202' title='bbox 757 3029 884 3076; x_wconf 90' lang='lat' dir='ltr'>munus</span> <span class='ocrx_word' id='word_1_203' title='bbox 906 3029 978 3076; x_wconf 91' lang='lat' dir='ltr'>non</span> <span class='ocrx_word' id='word_1_204' title='bbox 997 3012 1206 3093; x_wconf 89' lang='lat' dir='ltr'>imponeret,</span> <span class='ocrx_word' id='word_1_205' title='bbox 1222 3014 1387 3092; x_wconf 87' lang='lat' dir='ltr'>quamvis</span> <span class='ocrx_word' id='word_1_206' title='bbox 1402 3016 1510 3079; x_wconf 92' lang='lat' dir='ltr'>omni·</span> 
     </span>
     <span class='ocr_line' id='line_1_26' title="bbox 280 3119 1511 3202; baseline -0.002 -14"><span class='ocrx_word' id='word_1_207' title='bbox 280 3125 346 3188; x_wconf 90' lang='lat' dir='ltr'>bus</span> <span class='ocrx_word' id='word_1_208' title='bbox 371 3121 581 3186; x_wconf 86' lang='lat' dir='ltr'>Provinciae</span> <span class='ocrx_word' id='word_1_209' title='bbox 606 3119 775 3184; x_wconf 85' lang='lat' dir='ltr'>fratribus</span> <span class='ocrx_word' id='word_1_210' title='bbox 800 3137 845 3183; x_wconf 84' lang='lat' dir='ltr'>ex</span> <span class='ocrx_word' id='word_1_211' title='bbox 867 3120 987 3182; x_wconf 88' lang='lat' dir='ltr'>animo</span> <span class='ocrx_word' id='word_1_212' title='bbox 1007 3121 1115 3182; x_wconf 90' lang='lat' dir='ltr'>vellet</span> <span class='ocrx_word' id='word_1_213' title='bbox 1136 3121 1273 3183; x_wconf 90' lang='lat' dir='ltr'>servire</span> <span class='ocrx_word' id='word_1_214' title='bbox 1295 3121 1371 3184; x_wconf 92' lang='lat' dir='ltr'>sine</span> <span class='ocrx_word' id='word_1_215' title='bbox 1395 3121 1511 3202; x_wconf 88' lang='lat' dir='ltr'>hujus·</span> 
     </span>
     <span class='ocr_line' id='line_1_27' title="bbox 281 3226 1511 3309; baseline -0.002 -14"><span class='ocrx_word' id='word_1_216' title='bbox 281 3231 377 3296; x_wconf 93' lang='lat' dir='ltr'>modi</span> <span class='ocrx_word' id='word_1_217' title='bbox 391 3229 519 3308; x_wconf 76' lang='lat' dir='ltr'>officio,</span> <span class='ocrx_word' id='word_1_218' title='bbox 535 3238 570 3292; x_wconf 93' lang='lat' dir='ltr'>et</span> <span class='ocrx_word' id='word_1_219' title='bbox 585 3239 624 3292; x_wconf 95' lang='lat' dir='ltr'>ut</span> <span class='ocrx_word' id='word_1_220' title='bbox 637 3226 672 3291; x_wconf 93' lang='lat' dir='ltr'>id</span> <span class='ocrx_word' id='word_1_221' title='bbox 688 3227 872 3304; x_wconf 89' lang='lat' dir='ltr'>obtineret,</span> <span class='ocrx_word' id='word_1_222' title='bbox 890 3226 1031 3290; x_wconf 88' lang='lat' dir='ltr'>curavit</span> <span class='ocrx_word' id='word_1_223' title='bbox 1044 3237 1084 3289; x_wconf 93' lang='lat' dir='ltr'>ut</span> <span class='ocrx_word' id='word_1_224' title='bbox 1098 3244 1220 3291; x_wconf 90' lang='lat' dir='ltr'>omnes</span> <span class='ocrx_word' id='word_1_225' title='bbox 1234 3228 1348 3291; x_wconf 92' lang='lat' dir='ltr'>nostri</span> <span class='ocrx_word' id='word_1_226' title='bbox 1358 3245 1511 3309; x_wconf 88' lang='lat' dir='ltr'>pragen·</span> 
     </span>
     <span class='ocr_line' id='line_1_28' title="bbox 256 3330 1235 3418; baseline -0.007 -16"><span class='ocrx_word' id='word_1_227' title='bbox 256 3351 259 3358; x_wconf 81' lang='grc'><strong>’</strong></span> <span class='ocrx_word' id='word_1_228' title='bbox 281 3355 351 3418; x_wconf 90' lang='lat' dir='ltr'>ses,</span> <span class='ocrx_word' id='word_1_229' title='bbox 367 3337 453 3418; x_wconf 93' lang='lat' dir='ltr'>quid</span> <span class='ocrx_word' id='word_1_230' title='bbox 467 3335 510 3399; x_wconf 91' lang='lat' dir='ltr'>de</span> <span class='ocrx_word' id='word_1_231' title='bbox 524 3336 601 3416; x_wconf 92' lang='lat' dir='ltr'>ipso</span> <span class='ocrx_word' id='word_1_232' title='bbox 616 3334 800 3413; x_wconf 89' lang='lat' dir='ltr'>sentirent,</span> <span class='ocrx_word' id='word_1_233' title='bbox 817 3330 856 3397; x_wconf 92' lang='grc' dir='ltr'>Ρ.</span> <span class='ocrx_word' id='word_1_234' title='bbox 873 3333 1012 3414; x_wconf 86' lang='lat' dir='ltr'>Ignatio</span> <span class='ocrx_word' id='word_1_235' title='bbox 1028 3334 1235 3397; x_wconf 90' lang='lat' dir='ltr'>scriberent.</span> 
     </span>
    </p>

    <p class='ocr_par' dir='ltr' id='par_1_7' title="bbox 282 3438 1513 3831">
     <span class='ocr_line' id='line_1_29' title="bbox 344 3438 1513 3523; baseline 0 -15"><span class='ocrx_word' id='word_1_236' title='bbox 344 3443 433 3507; x_wconf 90' lang='grc'>1639.</span> <span class='ocrx_word' id='word_1_237' title='bbox 476 3441 545 3508; x_wconf 89' lang='lat' dir='ltr'>Sed</span> <span class='ocrx_word' id='word_1_238' title='bbox 566 3441 616 3505; x_wconf 90' lang='lat' dir='ltr'>illi</span> <span class='ocrx_word' id='word_1_239' title='bbox 634 3440 645 3472; x_wconf 84' lang='lat'><strong>¹</strong></span> <span class='ocrx_word' id='word_1_240' title='bbox 664 3459 790 3523; x_wconf 89' lang='lat' dir='ltr'>parum</span> <span class='ocrx_word' id='word_1_241' title='bbox 812 3449 1068 3521; x_wconf 90' lang='lat' dir='ltr'>promoverunt</span> <span class='ocrx_word' id='word_1_242' title='bbox 1088 3438 1165 3520; x_wconf 91' lang='lat' dir='ltr'>ejus</span> <span class='ocrx_word' id='word_1_243' title='bbox 1183 3440 1410 3520; x_wconf 90' lang='lat' dir='ltr'>desiderium,</span> <span class='ocrx_word' id='word_1_244' title='bbox 1433 3461 1513 3508; x_wconf 91' lang='lat' dir='ltr'>cum</span> 
     </span>
     <span class='ocr_line' id='line_1_30' title="bbox 282 3549 1512 3632; baseline -0.002 -15"><span class='ocrx_word' id='word_1_245' title='bbox 282 3553 325 3617; x_wconf 90' lang='lat' dir='ltr'>de</span> <span class='ocrx_word' id='word_1_246' title='bbox 346 3551 545 3632; x_wconf 90' lang='lat' dir='ltr'>prudentia,</span> <span class='ocrx_word' id='word_1_247' title='bbox 563 3549 774 3614; x_wconf 90' lang='lat' dir='ltr'>dexteritate</span> <span class='ocrx_word' id='word_1_248' title='bbox 788 3558 823 3613; x_wconf 90' lang='lat' dir='ltr'>et</span> <span class='ocrx_word' id='word_1_249' title='bbox 838 3549 917 3612; x_wconf 90' lang='lat' dir='ltr'>aliis</span> <span class='ocrx_word' id='word_1_250' title='bbox 938 3549 1133 3630; x_wconf 88' lang='lat' dir='ltr'>praeclaris</span> <span class='ocrx_word' id='word_1_251' title='bbox 1152 3549 1221 3612; x_wconf 93' lang='lat' dir='ltr'>Dei</span> <span class='ocrx_word' id='word_1_252' title='bbox 1240 3549 1343 3613; x_wconf 91' lang='lat' dir='ltr'>donis</span> <span class='ocrx_word' id='word_1_253' title='bbox 1359 3550 1512 3615; x_wconf 91' lang='lat' dir='ltr'>testimo·</span> 
     </span>
     <span class='ocr_line' id='line_1_31' title="bbox 283 3655 1509 3739; baseline -0.001 -16"><span class='ocrx_word' id='word_1_254' title='bbox 283 3659 380 3724; x_wconf 91' lang='lat' dir='ltr'>nium</span> <span class='ocrx_word' id='word_1_255' title='bbox 393 3659 511 3723; x_wconf 88' lang='lat' dir='ltr'>serunt</span> <span class='ocrx_word' id='word_1_256' title='bbox 530 3657 733 3739; x_wconf 62' lang='lat' dir='ltr'>egregium</span> <span class='ocrx_word' id='word_1_257' title='bbox 755 3666 789 3721; x_wconf 91' lang='lat' dir='ltr'>et</span> <span class='ocrx_word' id='word_1_258' title='bbox 811 3657 860 3721; x_wconf 84' lang='lat' dir='ltr'>ita</span> <span class='ocrx_word' id='word_1_259' title='bbox 882 3657 1094 3720; x_wconf 89' lang='lat' dir='ltr'>sententiam</span> <span class='ocrx_word' id='word_1_260' title='bbox 1108 3655 1146 3719; x_wconf 92' lang='lat' dir='ltr'>P.</span> <span class='ocrx_word' id='word_1_261' title='bbox 1168 3656 1326 3736; x_wconf 86' lang='lat' dir='ltr'>ignatius</span> <span class='ocrx_word' id='word_1_262' title='bbox 1347 3674 1420 3721; x_wconf 91' lang='lat' dir='ltr'>non</span> <span class='ocrx_word' id='word_1_263' title='bbox 1438 3675 1509 3722; x_wconf 90' lang='lat' dir='ltr'>mu·</span> 
     </span>
     <span class='ocr_line' id='line_1_32' title="bbox 282 3767 384 3831; baseline -0.01 -1"><span class='ocrx_word' id='word_1_264' title='bbox 282 3767 384 3831; x_wconf 89' lang='lat' dir='ltr'>tavit.</span> 
     </span>
    </p>

    <p class='ocr_par' dir='ltr' id='par_1_8' title="bbox 282 3871 1519 4171">
     <span class='ocr_line' id='line_1_33' title="bbox 345 3871 1510 3952; baseline 0.002 -16"><span class='ocrx_word' id='word_1_265' title='bbox 345 3871 432 3937; x_wconf 82' lang='lat'>1640.</span> <span class='ocrx_word' id='word_1_266' title='bbox 476 3873 652 3950; x_wconf 91' lang='lat' dir='ltr'>Duorum,</span> <span class='ocrx_word' id='word_1_267' title='bbox 670 3872 730 3952; x_wconf 91' lang='lat' dir='ltr'>qui</span> <span class='ocrx_word' id='word_1_268' title='bbox 744 3872 880 3936; x_wconf 92' lang='lat' dir='ltr'>dimissi</span> <span class='ocrx_word' id='word_1_269' title='bbox 893 3871 1051 3951; x_wconf 85' lang='lat' dir='ltr'>suerunt,</span> <span class='ocrx_word' id='word_1_270' title='bbox 1068 3873 1164 3950; x_wconf 93' lang='lat' dir='ltr'>loco,</span> <span class='ocrx_word' id='word_1_271' title='bbox 1181 3872 1240 3936; x_wconf 92' lang='lat' dir='ltr'>alii</span> <span class='ocrx_word' id='word_1_272' title='bbox 1256 3871 1401 3936; x_wconf 90' lang='lat' dir='ltr'>admissi</span> <span class='ocrx_word' id='word_1_273' title='bbox 1416 3883 1510 3938; x_wconf 90' lang='lat' dir='ltr'>sunt:</span> 
     </span>
     <span class='ocr_line' id='line_1_34' title="bbox 283 3978 1515 4064; baseline -0.002 -18"><span class='ocrx_word' id='word_1_274' title='bbox 283 3982 366 4060; x_wconf 92' lang='lat' dir='ltr'>duo,</span> <span class='ocrx_word' id='word_1_275' title='bbox 376 3980 525 4059; x_wconf 91' lang='lat' dir='ltr'>scilicet,</span> <span class='ocrx_word' id='word_1_276' title='bbox 541 3980 626 4059; x_wconf 93' lang='lat' dir='ltr'>itali,</span> <span class='ocrx_word' id='word_1_277' title='bbox 636 3978 728 4044; x_wconf 84' lang='lat' dir='ltr'>fabri</span> <span class='ocrx_word' id='word_1_278' title='bbox 740 3978 982 4060; x_wconf 90' lang='lat' dir='ltr'>caementarii,</span> <span class='ocrx_word' id='word_1_279' title='bbox 994 3980 1054 4060; x_wconf 91' lang='lat' dir='ltr'>qui</span> <span class='ocrx_word' id='word_1_280' title='bbox 1067 3980 1188 4042; x_wconf 86' lang='lat' dir='ltr'>utilem</span> <span class='ocrx_word' id='word_1_281' title='bbox 1199 3995 1345 4064; x_wconf 71' lang='lat' dir='ltr'>operam</span> <span class='ocrx_word' id='word_1_282' title='bbox 1357 3978 1515 4060; x_wconf 86' lang='lat' dir='ltr'>Collegio</span> 
     </span>
     <span class='ocr_line' id='line_1_35' title="bbox 282 4085 1519 4171; baseline -0.003 -16"><span class='ocrx_word' id='word_1_283' title='bbox 282 4088 551 4171; x_wconf 90' lang='lat' dir='ltr'>praestiterunt,</span> <span class='ocrx_word' id='word_1_284' title='bbox 579 4086 636 4151; x_wconf 93' lang='lat' dir='ltr'>cui</span> <span class='ocrx_word' id='word_1_285' title='bbox 660 4086 776 4151; x_wconf 89' lang='lat' dir='ltr'>adhuc</span> <span class='ocrx_word' id='word_1_286' title='bbox 800 4085 951 4167; x_wconf 85' lang='lat' dir='ltr'>J&#39;anitor,</span> <span class='ocrx_word' id='word_1_287' title='bbox 972 4096 1108 4167; x_wconf 92' lang='lat' dir='ltr'>emptor</span> <span class='ocrx_word' id='word_1_288' title='bbox 1128 4097 1164 4149; x_wconf 93' lang='lat' dir='ltr'>et</span> <span class='ocrx_word' id='word_1_289' title='bbox 1182 4103 1317 4166; x_wconf 91' lang='lat' dir='ltr'>coquus</span> <span class='ocrx_word' id='word_1_290' title='bbox 1337 4086 1383 4149; x_wconf 89' lang='lat' dir='ltr'>ad</span> <span class='ocrx_word' id='word_1_291' title='bbox 1402 4087 1519 4151; x_wconf 90' lang='lat' dir='ltr'>dome·</span> 
     </span>
    </p>
   </div>
   <div class='ocr_carea' id='block_1_3' title="bbox 282 4292 1523 4494">
    <p class='ocr_par' dir='ltr' id='par_1_9' title="bbox 282 4292 1523 4494">
     <span class='ocr_line' id='line_1_36' title="bbox 321 4292 1516 4348; baseline 0.001 -10"><span class='ocrx_word' id='word_1_292' title='bbox 321 4295 331 4329; x_wconf 86' lang='lat'>¹</span> <span class='ocrx_word' id='word_1_293' title='bbox 360 4293 409 4338; x_wconf 81' lang='lat' dir='ltr'>illc</span> <span class='ocrx_word' id='word_1_294' title='bbox 419 4292 518 4348; x_wconf 78' lang='lat' dir='ltr'>aliquid</span> <span class='ocrx_word' id='word_1_295' title='bbox 527 4293 671 4338; x_wconf 69' lang='lat' dir='ltr'>desiderari</span> <span class='ocrx_word' id='word_1_296' title='bbox 685 4294 849 4348; x_wconf 80' lang='lat' dir='ltr'>perspicuum</span> <span class='ocrx_word' id='word_1_297' title='bbox 864 4298 914 4338; x_wconf 77' lang='lat' dir='ltr'>ert:</span> <span class='ocrx_word' id='word_1_298' title='bbox 929 4293 986 4337; x_wconf 89' lang='lat' dir='ltr'>ldeo</span> <span class='ocrx_word' id='word_1_299' title='bbox 1003 4292 1159 4336; x_wconf 86' lang='lat' dir='ltr'>locutionem</span> <span class='ocrx_word' id='word_1_300' title='bbox 1168 4298 1308 4347; x_wconf 80' lang='lat' dir='ltr'>utcumque</span> <span class='ocrx_word' id='word_1_301' title='bbox 1318 4293 1516 4346; x_wconf 81' lang='lat' dir='ltr'>complevimus.</span> 
     </span>
     <span class='ocr_line' id='line_1_37' title="bbox 282 4363 1519 4421; baseline -0.002 -8"><span class='ocrx_word' id='word_1_302' title='bbox 282 4367 321 4413; x_wconf 84' lang='lat' dir='ltr'>De</span> <span class='ocrx_word' id='word_1_303' title='bbox 332 4366 374 4412; x_wconf 75' lang='lat' dir='ltr'>bit</span> <span class='ocrx_word' id='word_1_304' title='bbox 382 4365 523 4412; x_wconf 75' lang='lat' dir='ltr'>videantur</span> <span class='ocrx_word' id='word_1_305' title='bbox 533 4365 747 4420; x_wconf 70' lang='lat' dir='ltr'>Buaummn,</span> <span class='ocrx_word' id='word_1_306' title='bbox 758 4365 817 4410; x_wconf 84' lang='lat' dir='ltr'>Bti.</span> <span class='ocrx_word' id='word_1_307' title='bbox 831 4364 936 4409; x_wconf 79' lang='lat' dir='ltr'>canisii</span> <span class='ocrx_word' id='word_1_308' title='bbox 950 4363 1086 4420; x_wconf 77' lang='lat' dir='ltr'>epistulae</span> <span class='ocrx_word' id='word_1_309' title='bbox 1100 4369 1127 4407; x_wconf 83' lang='lat' dir='ltr'>et</span> <span class='ocrx_word' id='word_1_310' title='bbox 1141 4367 1213 4418; x_wconf 82' lang='lat' dir='ltr'>acta,</span> <span class='ocrx_word' id='word_1_311' title='bbox 1227 4371 1246 4408; x_wconf 95' lang='lat' dir='ltr'>t.</span> <span class='ocrx_word' id='word_1_312' title='bbox 1257 4375 1286 4418; x_wconf 90' lang='grc'>11,</span> <span class='ocrx_word' id='word_1_313' title='bbox 1296 4375 1360 4419; x_wconf 72' lang='lat' dir='ltr'>pag.</span> <span class='ocrx_word' id='word_1_314' title='bbox 1369 4365 1397 4408; x_wconf 81' lang='lat'>27</span> <span class='ocrx_word' id='word_1_315' title='bbox 1406 4372 1434 4408; x_wconf 88' lang='grc'>11</span> <span class='ocrx_word' id='word_1_316' title='bbox 1443 4365 1478 4421; x_wconf 78' lang='lat'>²⁸3</span> <span class='ocrx_word' id='word_1_317' title='bbox 1490 4375 1519 4411; x_wconf 88' lang='grc'>11</span> 
     </span>
     <span class='ocr_line' id='line_1_38' title="bbox 283 4435 1523 4494; baseline 0.001 -12"><span class='ocrx_word' id='word_1_318' title='bbox 283 4437 406 4494; x_wconf 72' lang='lat' dir='ltr'>Scauros,</span> <span class='ocrx_word' id='word_1_319' title='bbox 416 4439 434 4482; x_wconf 85' lang='lat' dir='ltr'>l.</span> <span class='ocrx_word' id='word_1_320' title='bbox 445 4451 475 4491; x_wconf 79' lang='grc'>1.,</span> <span class='ocrx_word' id='word_1_321' title='bbox 489 4438 534 4482; x_wconf 90' lang='lat' dir='ltr'>lib.</span> <span class='ocrx_word' id='word_1_322' title='bbox 545 4449 572 4492; x_wconf 85' lang='lat' dir='ltr'>rr,</span> <span class='ocrx_word' id='word_1_323' title='bbox 582 4449 606 4482; x_wconf 89' lang='grc'>11.</span> <span class='ocrx_word' id='word_1_324' title='bbox 616 4438 651 4493; x_wconf 78' lang='grc'>15,</span> <span class='ocrx_word' id='word_1_325' title='bbox 663 4437 885 4492; x_wconf 75' lang='lat' dir='ltr'>secundumqnem</span> <span class='ocrx_word' id='word_1_326' title='bbox 894 4437 991 4480; x_wconf 87' lang='lat' dir='ltr'>Rector</span> <span class='ocrx_word' id='word_1_327' title='bbox 999 4435 1141 4480; x_wconf 76' lang='lat' dir='ltr'>Ursmarus</span> <span class='ocrx_word' id='word_1_328' title='bbox 1150 4437 1223 4480; x_wconf 83' lang='lat' dir='ltr'>“cum</span> <span class='ocrx_word' id='word_1_329' title='bbox 1237 4435 1295 4480; x_wconf 86' lang='lat' dir='ltr'>miti</span> <span class='ocrx_word' id='word_1_330' title='bbox 1305 4437 1409 4490; x_wconf 81' lang='lat' dir='ltr'>ingenio</span> <span class='ocrx_word' id='word_1_331' title='bbox 1419 4447 1451 4481; x_wconf 84' lang='lat' dir='ltr'>ac</span> <span class='ocrx_word' id='word_1_332' title='bbox 1460 4439 1523 4483; x_wconf 73' lang='grc'>11111·</span> 
     </span>
    </p>
   </div>
   <div class='ocr_carea' id='block_1_4' title="bbox 220 4507 1522 4565">
    <p class='ocr_par' dir='ltr' id='par_1_10' title="bbox 220 4507 1522 4565">
     <span class='ocr_line' id='line_1_39' title="bbox 220 4507 1522 4565; baseline 0 -11"><span class='ocrx_word' id='word_1_333' title='bbox 220 4558 224 4564; x_wconf 65' lang='grc'>,</span> <span class='ocrx_word' id='word_1_334' title='bbox 285 4511 347 4565; x_wconf 89' lang='lat' dir='ltr'>pllcl</span> <span class='ocrx_word' id='word_1_335' title='bbox 357 4515 435 4562; x_wconf 81' lang='lat' dir='ltr'>esset,</span> <span class='ocrx_word' id='word_1_336' title='bbox 443 4509 616 4564; x_wconf 83' lang='lat' dir='ltr'>religiosaque</span> <span class='ocrx_word' id='word_1_337' title='bbox 630 4509 757 4554; x_wconf 71' lang='lat' dir='ltr'>modestia</span> <span class='ocrx_word' id='word_1_338' title='bbox 766 4510 907 4553; x_wconf 81' lang='lat' dir='ltr'>verborum</span> <span class='ocrx_word' id='word_1_339' title='bbox 917 4508 1026 4563; x_wconf 73' lang='lat' dir='ltr'>injurias</span> <span class='ocrx_word' id='word_1_340' title='bbox 1035 4507 1222 4562; x_wconf 75' lang='lat' dir='ltr'>dlsslmnlnret,</span> <span class='ocrx_word' id='word_1_341' title='bbox 1231 4507 1342 4552; x_wconf 76' lang='lat' dir='ltr'>hominis</span> <span class='ocrx_word' id='word_1_342' title='bbox 1354 4507 1522 4564; x_wconf 71' lang='grc' dir='ltr'>[1111111111111Ι</span> 
     </span>
    </p>
   </div>
   <div class='ocr_carea' id='block_1_5' title="bbox 287 4580 1228 4707">
    <p class='ocr_par' dir='ltr' id='par_1_11' title="bbox 287 4580 1228 4707">
     <span class='ocr_line' id='line_1_40' title="bbox 287 4580 1050 4638; baseline -0.004 -12"><span class='ocrx_word' id='word_1_343' title='bbox 287 4581 477 4638; x_wconf 72' lang='lat' dir='ltr'>portnnltntem</span> <span class='ocrx_word' id='word_1_344' title='bbox 486 4581 571 4636; x_wconf 69' lang='lat' dir='ltr'>mugla</span> <span class='ocrx_word' id='word_1_345' title='bbox 580 4582 678 4636; x_wconf 74' lang='lat' dir='ltr'>alebat,</span> <span class='ocrx_word' id='word_1_346' title='bbox 689 4588 716 4626; x_wconf 85' lang='lat' dir='ltr'>et</span> <span class='ocrx_word' id='word_1_347' title='bbox 726 4580 870 4625; x_wconf 85' lang='lat' dir='ltr'>deridiculo</span> <span class='ocrx_word' id='word_1_348' title='bbox 879 4580 1050 4634; x_wconf 61' lang='lat' dir='ltr'>habebamus„</span> 
     </span>
     <span class='ocr_line' id='line_1_41' title="bbox 327 4651 1228 4707; baseline -0.001 -9"><span class='ocrx_word' id='word_1_349' title='bbox 327 4654 339 4689; x_wconf 75' lang='lat'><strong>¹</strong></span> <span class='ocrx_word' id='word_1_350' title='bbox 367 4651 413 4698; x_wconf 78' lang='grc'>111.</span> <span class='ocrx_word' id='word_1_351' title='bbox 427 4653 525 4696; x_wconf 79' lang='grc'>1111111.-</span> <span class='ocrx_word' id='word_1_352' title='bbox 531 4651 569 4697; x_wconf 87' lang='lat' dir='ltr'>De</span> <span class='ocrx_word' id='word_1_353' title='bbox 581 4653 630 4697; x_wconf 83' lang='grc'>11111</span> <span class='ocrx_word' id='word_1_354' title='bbox 641 4664 670 4697; x_wconf 86' lang='grc'>11</span> <span class='ocrx_word' id='word_1_355' title='bbox 680 4653 739 4698; x_wconf 80' lang='lat' dir='ltr'>vide</span> <span class='ocrx_word' id='word_1_356' title='bbox 751 4651 966 4704; x_wconf 67' lang='lat' dir='ltr'>salomonen,</span> <span class='ocrx_word' id='word_1_357' title='bbox 977 4651 995 4696; x_wconf 89' lang='lat'>1.</span> <span class='ocrx_word' id='word_1_358' title='bbox 1006 4659 1065 4703; x_wconf 85' lang='grc'>1.,1.</span> <span class='ocrx_word' id='word_1_359' title='bbox 1076 4662 1093 4705; x_wconf 90' lang='grc'>1,</span> <span class='ocrx_word' id='word_1_360' title='bbox 1105 4663 1166 4707; x_wconf 83' lang='lat' dir='ltr'>pag.</span> <span class='ocrx_word' id='word_1_361' title='bbox 1176 4651 1228 4698; x_wconf 83' lang='grc'>615.</span> 
     </span>
    </p>
   </div>
   <div class='ocr_carea' id='block_1_6' title="bbox 0 0 1837 5350">
    <p class='ocr_par' dir='ltr' id='par_1_12' title="bbox 0 0 1837 5350">
     <span class='ocr_line' id='line_1_42' title="bbox 0 0 1837 5350; baseline 0 0"><span class='ocrx_word' id='word_1_362' title='bbox 0 0 1837 5350; x_wconf 95' lang='lat' dir='ltr'> </span> 
     </span>
    </p>
   </div>
  </div>
 </body>
</html>
