3642 5350
798 436 862 498 Aa.
884 436 954 497 1556
1438 406 1497 493 aas

265 602 326 649 rus
340 566 524 665 Mendoza,
540 584 683 663 Rector,
700 584 870 663 obtinere,
886 585 954 647 hoc
969 584 1094 647 saltem
1105 582 1266 662 obtinuit,
1283 596 1327 645 ne
1343 599 1387 645 ex
1402 580 1489 645 urbe

265 691 411 774 Neapoli
432 692 632 770 recederet,
648 692 761 756 donec
776 690 814 755 P.
835 692 1012 772 ignatium
1031 691 1247 769 consuleret,
1264 698 1314 768 et,
1331 688 1411 752 siin
1431 705 1488 752 ca·

266 800 367 864 stello
381 817 526 864 manere
540 800 660 878 nollet,
676 809 813 863 secreto
828 800 864 862 in
875 798 1033 879 Collegio
1045 808 1168 862 nostro
1181 814 1386 862 mansurum
1398 811 1488 875 esse,

267 908 431 987 quamvls
444 908 562 989 potius
576 908 613 971 in
627 909 773 971 castello
787 907 1000 971 manendum
1015 906 1194 970 censebat.

323 1012 395 1079 950.
439 1014 569 1095 Quinta
583 1029 670 1093 ergo
684 1013 740 1077 die
754 1012 950 1091 Februarii,
967 1013 1156 1094 impatiens
1171 1029 1310 1091 morae,
1326 1012 1362 1076 in
1382 1011 1492 1077 Colle·

265 1122 364 1202 giam
383 1122 532 1186 venitin
547 1139 665 1200 curru,
682 1138 789 1202 quam
802 1120 945 1185 minime
959 1120 1072 1202 potuit
1087 1129 1223 1198 ornato,
1241 1129 1275 1183 et
1294 1118 1487 1195 vilissimis,

266 1246 355 1310 quas
368 1229 522 1293 habebat
535 1240 664 1309 vestes,
681 1229 835 1306 indutus;
849 1238 882 1293 et
898 1244 980 1291 cum
996 1227 1126 1292 Rector
1142 1228 1173 1291 ei
1189 1229 1402 1307 persuadere
1416 1244 1488 1291 non

265 1336 437 1418 potuisset
452 1346 489 1400 ut
504 1338 540 1400 in
554 1338 738 1401 castellum
754 1334 899 1412 rediret,
920 1344 959 1399 ut
979 1336 1153 1417 hospitem
1172 1334 1316 1400 tandem
1336 1334 1489 1398 admisit.

325 1442 396 1507 951.
439 1443 517 1507 Hoc
532 1445 620 1508 hora
641 1442 781 1524 prandii
803 1442 999 1506 acciderat:
1015 1443 1140 1507 eadem
1154 1454 1258 1507 nocte
1280 1459 1361 1507 cum
1375 1442 1410 1505 in
1426 1441 1491 1506 Ca·

266 1552 367 1615 stello
382 1550 483 1615 Novo
498 1568 579 1615 eum
594 1567 665 1614 non
685 1550 801 1614 redire
821 1559 1021 1627 cernerent,
1039 1550 1159 1613 statim
1175 1550 1360 1630 quoderat
1379 1550 1491 1629 suspi-

266 1660 337 1722 c'ati
355 1668 447 1734 sunt,
475 1668 509 1721 et
534 1657 662 1721 nobilis
683 1658 826 1739 quidam
851 1657 897 1720 ad
922 1655 1119 1735 Collegium
1137 1656 1245 1735 venit,
1270 1665 1305 1720 et
1328 1656 1492 1737 quamvis

267 1767 363 1829 olnni
377 1764 494 1829 studio
508 1765 541 1829 ei
554 1764 769 1846 persuadere
788 1765 958 1827 niteretur
978 1774 1016 1827 ut
1035 1764 1081 1828 ad
1101 1780 1219 1828 arcem
1237 1764 1383 1840 rediret,
1405 1751 1497 1827 nihil

268 1872 486 1954 impetravit;
513 1872 620 1936 immo
646 1880 684 1935 ut
704 1888 871 1935 suasores
890 1870 1090 1951 hujusmodi
1111 1870 1330 1951 importunos
1350 1868 1490 1949 vitaret,

268 1980 390 2044 eadem
404 1989 508 2044 nocte
521 1978 697 2043 Dominus
710 1978 866 2061 joannes
881 1979 927 2042 ad
947 1975 1129 2059 cujusdam
1150 1977 1254 2041 amici
1277 1978 1419 2042 domum
1440 1994 1491 2041 se·

267 2100 365 2152 creto
380 2088 536 2152 secessit.
553 2086 687 2151 Eadem
706 2094 811 2149 nocte
831 2084 1006 2150 Dominus
1028 2084 1267 2149 Bernardinus
1288 2084 1332 2149 de
1351 2084 1492 2149 Mendo-

267 2214 320 2273 za,
341 2194 401 2275 qui
422 2205 506 2258 tunc
526 2192 677 2258 Pro-rex
696 2193 844 2273 Neapoli
865 2203 953 2273 erat,
971 2192 1065 2257 misit
1089 2190 1300 2272 stipatorum
1325 2192 1493 2273 praesidii

267 2302 319 2367 sui
339 2302 557 2383 praelectum
575 2310 614 2365 ut
639 2300 826 2365 Rectorem
852 2299 897 2363 ad
920 2316 958 2363 se
978 2300 1186 2377 adduceret,
1206 2298 1492 2381 quandoquidem

266 2409 439 2475 Dominus
452 2408 620 2491 J0anneS,
632 2426 735 2489 quem
748 2408 861 2489 primo
876 2410 956 2472 loco
968 2407 1185 2487 accersebat,
1199 2406 1234 2471 ln
1250 2406 1407 2486 Collegio
1419 2424 1491 2471 non

268 2518 526 2582 inveniebatur.
539 2509 543 2514 ’

326 2626 396 2719 952..
441 2624 572 2706 Quinta
597 2641 683 2706 ergo
705 2624 820 2689 noctis
841 2624 931 2688 hora
950 2623 986 2688 in
1010 2624 1180 2704 palatium
1200 2641 1238 2689 se
1259 2623 1408 2690 contulit
1428 2622 1493 2688 Re·

266 2744 359 2804 etot,
388 2743 423 2797 et
446 2750 615 2812 magnum
640 2732 854 2796 desiderium
877 2732 1050 2796 Dominus
1075 2732 1315 2796 Bernardinus
1338 2730 1492 2796 ostendit

266 2844 392 2905 saltem
407 2840 453 2904 ad
467 2858 574 2904 unam
588 2840 713 2903 horam
727 2839 926 2920 alloquendi
941 2839 1132 2905 Dominum
1146 2839 1318 2922 Joannem
1338 2840 1382 2904 de
1397 2838 1492 2903 Men·

267 2949 367 3026 doza;
383 2948 446 3012 sed
461 2964 542 3011 cum
557 2947 786 3011 intellexisset
800 2947 836 3010 in
851 2946 1009 3026 Collegio
1024 2965 1094 3011 non
1109 2965 1199 3025 esse,
1212 2947 1427 3028 conquievit.

263 3035 271 3078 ⁵
325 3055 397 3119 953.
439 3053 614 3118 Postridie
643 3054 746 3118 rediit
774 3052 819 3115 ad
847 3053 1045 3134 Collegium
1075 3053 1247 3119 Dominus
1274 3054 1430 3137 Joannes
1457 3065 1492 3120 et

266 3179 327 3243 per
344 3163 532 3243 ipsummet
545 3160 732 3225 Rectorem
746 3161 883 3225 litteras
902 3160 1075 3241 Proregi,
1092 3162 1245 3248 Domino
1260 3161 1492 3242 Bernardino,

267 3269 391 3350 quibus
411 3269 465 3332 sui
483 3269 655 3350 propositi
675 3268 849 3332 rationem
874 3268 1043 3333 reddebat
1063 3279 1096 3332 et
1116 3286 1236 3333 arcem
1262 3270 1375 3334 eidem
1400 3287 1493 3334 com·

266 3371 466 3455 mendabat,
489 3373 622 3456 [misit].
639 3375 716 3439 Hae
731 3376 870 3439 litterae
885 3375 1090 3456 Pro-regem
1108 3393 1239 3456 magno
1259 3361 1391 3457 gaudio
1411 3376 1493 3442 affe-

268 3493 408 3558 cerunt,
425 3492 460 3547 et
474 3481 665 3562 significari
682 3482 834 3546 Domino
848 3482 977 3565 Joanni
989 3481 1093 3562 jussit
1108 3493 1145 3546 ut
1167 3483 1259 3546 bono
1279 3485 1396 3548 animo
1416 3501 1494 3565 per·-

224 3578 228 3582 '
267 3599 449 3655 severaret
464 3591 501 3654 in
520 3600 645 3653 sancto
665 3606 729 3653 suo
749 3591 948 3670 proposit0‚
975 3607 1041 3653 nec
1063 3589 1202 3654 timeret
1222 3593 1331 3655 ullum
1348 3591 1494 3673 impedi·

267 3707 426 3760 mentum
441 3697 486 3761 ad
501 3694 577 3777 ejus
592 3697 838 3761 executionem
853 3696 975 3760 datum
990 3697 1044 3761 iri.

326 3803 397 3867 954.
440 3803 578 3869 Similes
594 3806 730 3869 litteras
747 3802 933 3886 [Dominus
947 3805 1103 3888 Joannes
1119 3804 1254 3887 obtulit]
1274 3806 1367 3870 Duci
1389 3806 1494 3872 Alba·

267 3929 326 3991 no,
342 3911 401 3992 qui
415 3927 540 3976 recens
554 3921 702 3975 venerat
717 3911 912 3992 Neapolim;
931 3923 1094 3992 praeerat
1111 3923 1228 3995 autem
1244 3924 1318 3977 tarn
1339 3915 1494 3994 neapoli·

267 4028 350 4081 tarro
365 4034 478 4097 regno
492 4035 598 4098 quam
613 4019 865 4082 mediolanensi
881 4019 1006 4082 ditioni
1020 4030 1054 4083 ct
1075 4020 1237 4084 omnibus
1252 4021 1351 4097 locis,
1377 4021 1438 4101 qui
1457 4023 1493 4085 in

266 4125 365 4189 Italia
381 4126 552 4205 parebant
569 4123 670 4206 [Regi
685 4124 904 4206 Hispaniael.
928 4126 972 4188 Et
993 4125 1077 4190 Dux
1098 4125 1258 4191 Albanus
1273 4128 1400 4192 similia
1423 4145 1493 4193 res·

265 4233 396 4312 pondit,
422 4232 468 4296 ad
496 4233 800 4313 perseverantiam
825 4250 905 4295 eum
932 4233 1151 4312 adhortatus
1178 4243 1214 4297 et
1240 4251 1283 4298 ne
1313 4235 1495 4299 recederet

264 4338 414 4419 Neapoli
429 4337 627 4419 injungens,
644 4336 758 4401 donec
773 4338 869 4402 aliud
881 4339 1156 4404 constitueretur
1178 4338 1198 4404 ¹.

324 4446 394 4510 955.
438 4445 571 4510 Eodem
587 4445 659 4525 dic,
675 4462 756 4508 cum
768 4443 841 4526 jam
861 4446 931 4509 late
953 4457 1073 4527 patere
1092 4449 1268 4529 coepisset
1290 4448 1348 4513 hic
1372 4466 1494 4515 rumor

308 4687 318 4722 t
346 4686 412 4732 Vide
423 4685 519 4733 Carras
528 4687 561 4733 dr
573 4688 628 4732 San
639 4687 757 4742 Ignacio,
767 4693 786 4732 t.
799 4698 833 4740 vr,
845 4698 904 4743 pag.
917 4687 966 4733 170.
