3642 5350
777 412 841 475 Au.
863 414 934 477 1556
1415 413 1464 475 121

237 572 343 642 esset,
363 572 484 627 actum
503 570 568 626 est.
589 560 700 626 Immo
715 580 760 625 ex
780 563 1026 643 eleemosynis,
1049 580 1138 644 quas
1157 563 1262 627 amici
1281 563 1390 644 aliqui
1408 565 1467 627 vel

237 670 478 749 largiebantur
493 687 538 733 ex
553 686 617 733 suo
635 670 845 749 patrimonio
861 670 917 733 vel
933 670 978 733 ab
998 670 1077 734 aliis
1096 671 1330 751 quaerebant,
1351 671 1463 735 nostri

237 778 273 842 in
288 778 382 842 diem
395 778 590 841 alebantur.

295 884 367 949 445.
411 884 528 949 Amici
543 885 697 966 quidam,
714 884 864 949 Romam
882 886 1077 964 venientes,
1099 904 1162 966 per
1182 886 1390 950 cardinales
1404 887 1465 951 ali·

236 1010 325 1074 quos
340 1010 361 1056 a
375 990 545 1055 Pontifice
561 992 752 1071 impetrare
767 992 898 1073 aliquid
915 994 960 1055 ad
975 992 1125 1072 Collegii
1139 992 1356 1057 dotationem
1376 994 1462 1057 nite·

233 1101 374 1179 bantur;
390 1116 473 1163 nam
487 1100 563 1163 sine
578 1098 758 1163 Pontificis
775 1102 955 1163 voluntate
975 1100 1021 1163 ad
1042 1099 1077 1164 id
1096 1118 1290 1183 propensa,
1313 1100 1462 1182 perdiffi-

235 1208 301 1271 cile
325 1208 514 1271 videbatur
535 1204 734 1285 hujusmodi
755 1206 972 1272 dotationem
997 1206 1073 1271 fieri
1098 1226 1213 1288 posse.
1238 1208 1464 1273 Gubernator

234 1316 374 1396 quidem
390 1316 530 1379 dicebat
545 1315 636 1379 velle
650 1330 689 1377 se
703 1313 860 1394 Collegio
876 1314 1058 1395 applicare
1072 1316 1224 1397 primum
1235 1316 1460 1396 stipendium,

234 1425 329 1504 quod
343 1424 380 1486 in
394 1422 635 1486 Universitate
649 1431 796 1486 vacaret
814 1419 835 1501 ¹;
853 1422 915 1486 sed
937 1440 1007 1486 non
1021 1423 1065 1486 de
1084 1424 1320 1503 applicatione
1341 1441 1462 1504 perpe·

234 1538 295 1593 tua
310 1529 345 1592 id
360 1514 592 1609 intelligebam
612 1539 647 1593 et
666 1548 711 1593 ne
727 1530 772 1593 ad
792 1539 931 1610 tempus
950 1529 1091 1610 quidem
1110 1530 1179 1593 hoc
1199 1548 1293 1592 anno
1316 1531 1462 1610 praesti-

233 1638 286 1702 tit.
302 1637 499 1701 Videbatur
516 1645 634 1699 autem
649 1636 788 1699 facilior
807 1637 866 1699 via
879 1636 1081 1717 applicandi
1091 1636 1267 1717 stipendia
1279 1638 1460 1718 praedicta

237 1744 564 1824 ludimagistrorum
583 1742 699 1823 'quae
720 1742 765 1806 ad
790 1743 1069 1823 quadringentos
1090 1744 1345 1825 quinquaginta
1364 1744 1461 1808 flore·

234 1868 300 1915 nos
316 1853 395 1931 plus
410 1852 527 1914 minus
542 1849 791 1931 ascendebant;
808 1850 870 1915 sed
885 1860 920 1914 et
935 1851 1003 1913 hoc
1023 1850 1139 1930 ipsum
1158 1852 1232 1915 suis
1254 1852 1463 1916 difficultati·

234 1960 300 2023 bus
314 1968 349 2022 et
364 1960 506 2040 quidem
521 1960 661 2039 maguis
676 1976 747 2023 non
763 1960 918 2023 carebat.

293 2066 364 2131 446.
408 2066 670 2131 Consolabatur
695 2076 814 2131 autem
837 2066 875 2130 Ρ.
896 2068 1117 2131 Everardum
1138 2066 1274 2146 quoda
1299 2066 1367 2131 Dei
1383 2084 1461 2147 pro·

233 2174 389 2239 videntia
402 2175 548 2239 missum
560 2192 637 2239 esse
650 2175 846 2255 Collegium
857 2175 1042 2238 Petusium
1058 2192 1122 2256 pro
1137 2182 1235 2238 certo
1250 2174 1414 2255 habebat,
1428 2185 1463 2238 et

236 2283 285 2345 ita
300 2283 392 2347 bono
407 2284 525 2346 animo
541 2282 577 2346 in
592 2281 684 2345 diem
699 2282 811 2345 nostri
831 2282 1012 2346 vivebant.

290 2390 361 2453 447.
405 2390 607 2455 Cardinalis
628 2400 663 2453 et
682 2389 879 2470 Episcopus
904 2389 1022 2470 potius
1045 2390 1169 2454 officiis
1193 2398 1227 2454 et
1247 2389 1460 2453 auctoritate

231 2517 337 2579 quam
365 2498 518 2579 propriis
548 2496 781 2577 eleemosynis
811 2498 944 2561 nostris
973 2498 1240 2562 subveniebant.
1268 2495 1305 2560 Si
1338 2504 1458 2560 tamen
1486 2496 1488 2499 ’

231 2604 371 2669 aliunde
381 2605 560 2684 defuisset,
575 2605 678 2667 malle
689 2622 727 2666 se
739 2604 942 2667 mendicare
954 2603 1153 2668 Cardinalis
1161 2604 1339 2668 scribebat
1352 2619 1458 2685 quam

231 2725 268 2778 ut
284 2714 480 2794 Collegium
496 2714 744 2778 destitueretur
759 2710 782 2776 ³.

289 2820 359 2884 448.
407 2821 715 2886 Confraternitatis
737 2821 941 2901 praedictae
955 2821 1116 2883 homines
1138 2838 1223 2900 prae
1247 2820 1327 2883 aliis
1352 2819 1388 2882 in
1403 2837 1457 2882 su-

229 2929 441 2992 stentatione
463 2927 611 3007 Collegii
626 2928 747 2990 utilem
762 2945 906 3008 operam
922 2928 1054 2991 nostris
1076 2928 1268 3004 navabant;
1290 2937 1324 2991 et
1339 2943 1457 3007 quam·

231 3037 285 3098 vis
307 3037 538 3116 magistratus
557 3033 601 3097 ad
626 3033 850 3098 Cardinalem
882 3033 1100 3114 Carpensem
1119 3033 1131 3064 ⁸
1150 3045 1185 3098 et
1210 3031 1459 3098 Tranensem⁸

228 3145 442 3225 scripsisset,
473 3152 511 3205 ut
537 3144 582 3206 ad
607 3141 755 3222 Collegii
781 3142 1000 3205 dotationem
1018 3143 1111 3222 apud
1136 3141 1341 3204 Pontificem
1359 3139 1458 3220 juva·

227 3260 315 3329 rent,
332 3249 445 3314 Roma
460 3250 601 3314 rediens
615 3249 790 3313 Dominus
806 3247 948 3312 Marcus
969 3249 1144 3313 Antonius
1168 3248 1345 3312 Oradinus
1367 3247 1458 3310 dixit

226 3359 367 3423 omnino
384 3357 517 3420 Perusii
529 3356 787 3436 providendum
798 3374 876 3420 esse
889 3357 1020 3420 nostris
1038 3373 1103 3419 nec
1114 3373 1156 3420 eo
1171 3366 1329 3435 tempore
1346 3354 1457 3418 Roma

226 3466 416 3547 quidquam
437 3466 652 3546 sperandum
676 3481 766 3544 esse,
789 3473 824 3528 et
846 3464 895 3527 ita
911 3463 1085 3528 Dominus
1106 3464 1278 3527 Aemilius
1291 3463 1455 3539 AlfanuS,

226 3573 286 3654 qui
305 3571 455 3635 Romam
470 3573 577 3635 etiam
592 3580 750 3648 venerat,
767 3581 801 3634 et
817 3572 886 3634 hoc
901 3570 1082 3650 negotium
1098 3579 1317 3633 tractaverat
1342 3569 1456 3645 (Prior

227 3681 283 3743 hic
304 3688 380 3743 erat
400 3679 701 3742 confraternitatis
719 3687 754 3742 et
773 3677 943 3742 Societati
961 3677 1221 3754 amicissimus),
1248 3678 1293 3739 ad
1309 3675 1453 3756 propria

226 3787 348 3849 oculos
361 3798 583 3863 convertens
598 3786 758 3866 sequenti
773 3801 865 3848 anno
882 3785 1053 3848 ducentos
1069 3802 1196 3847 aureos
1210 3801 1255 3846 ex
1270 3783 1456 3862 stipendiis

225 3893 552 3974 ludimagistrorum
581 3911 619 3957 se
645 3892 809 3956 daturum
833 3893 1073 3972 promittebat,
1100 3902 1135 3955 et
1161 3889 1354 3972 quaerendi
1382 3890 1454 3954 fru-

222 4001 334 4066 menti
355 4000 477 4065 etvini
497 4001 542 4064 ad
561 4018 664 4064 usum
679 3999 789 4063 totius
807 4001 890 4063 anni
905 4008 940 4063 et
959 4000 1055 4077 alias,
1070 4000 1315 4079 eleemosynas
1330 4013 1454 4060 curam

222 4110 390 4190 suscepit.

229 4287 443 4300 ——n——Q-—n

263 4389 272 4422 1
301 4387 462 4440 Stipendium
472 4387 537 4441 scil..
546 4387 733 4433 Universitatls
743 4387 882 4432 lectoribus
892 4388 960 4431 solvi
971 4393 1128 4432 consuetum.

263 4459 276 4492 Ι
302 4459 371 4505 Vide
383 4471 470 4515 supra,
482 4471 542 4515 pag.
554 4461 600 4513 ll9,
609 4472 636 4504 n.
648 4461 696 4504 436.

261 4533 273 4565 ³
301 4533 369 4576 Vide
379 4544 466 4587 supra,
478 4545 538 4588 pag.
547 4534 595 4584 113,
606 4545 630 4576 n.
641 4532 692 4577 407.

266 4605 276 4638 0
303 4603 466 4660 Rodulpltum
475 4605 549 4650 Pium
560 4605 590 4650 de
602 4603 689 4660 Carpi,
702 4605 840 4650 Societatis
850 4611 1033 4660 protectorem.

262 4677 274 4710 ³
300 4676 428 4730 joannem
439 4677 628 4722 Bernurdinum
639 4677 731 4734 scotti,
742 4678 784 4733 qui
794 4679 933 4733 plurimum
944 4678 1012 4731 apud
1021 4676 1129 4720 Paulum
1140 4676 1175 4720 IV
1187 4678 1274 4720 valere
1283 4676 1425 4720 ferebatur.
