3642 5350
354 362 410 422 ⁴62
812 363 941 425 Canon.
960 364 1040 424 Soc.
1059 365 1131 439 Jns.

354 510 538 589 dissimus,
554 512 685 591 quibis
702 528 765 573 eos
784 510 880 574 domi
896 528 983 575 suae
997 510 1138 591 invisit3
1158 520 1195 576 et
1215 530 1299 577 curn
1316 514 1532 593 pranderent
1545 525 1581 579 et

354 618 451 699 ipsos
476 618 681 700 aliquandiu
705 628 903 699 spectasset
922 636 1005 682 cum
1023 619 1076 681 eis
1090 620 1337 701 colloquendo,
1357 638 1440 685 curn
1457 632 1581 702 postea

354 727 517 803 recessit,
541 726 616 790 suis
636 726 776 789 dicebat
796 742 979 807 nunquam
997 725 1235 815 recedendum
1257 745 1338 792 esse
1351 746 1374 791 a
1387 728 1577 793 benedict'u

352 833 409 896 his
422 833 634 897 hominibus.

415 938 503 1004 1988.
546 940 739 1005 Redierunt
765 950 885 1004 autem
897 940 1102 1005 Tornacum
1120 942 1163 1005 28
1180 942 1282 1024 Maji,
1297 953 1333 1007 et
1354 960 1418 1006 eos
1436 954 1582 1008 secutus

349 1059 405 1113 est
422 1048 461 1113 P.
483 1048 699 1128 Bernardus,
719 1059 758 1112 ut
774 1048 917 1127 insulis,
932 1049 1229 1128 quemadmodum
1246 1051 1353 1115 valde
1369 1052 1577 1131 rogabatur,

350 1174 416 1237 per
429 1165 539 1219 totam
554 1168 722 1220 octavam
742 1155 913 1237 Corporis
930 1154 1064 1219 Christi
1084 1158 1371 1236 concionaretur,
1389 1175 1434 1222 ac
1452 1158 1579 1222 deinde

349 1263 536 1326 Bruxellas
549 1264 692 1327 rediret.

412 1368 500 1431 1989.
544 1368 615 1434 Sed
628 1379 664 1433 et
678 1372 755 1451 ipse
769 1370 878 1434 etiam
891 1370 930 1434 P.
945 1370 1196 1452 Ribadeneyra
1206 1372 1252 1434 ad
1266 1373 1335 1437 hoc
1349 1373 1466 1453 ipsum
1476 1390 1577 1453 prae·

347 1478 538 1541 dicationis
558 1478 712 1542 officium,
733 1476 935 1541 Lovanium
954 1496 993 1541 se
1012 1480 1177 1558 contulit,
1194 1480 1253 1542 ubi
1269 1479 1345 1559 iam
1362 1480 1400 1543 in
1418 1479 1577 1559 Collegio

348 1584 443 1647 illius
470 1585 618 1648 sabaudi
646 1585 756 1665 aliqui
779 1585 986 1648 scholastici
1010 1602 1091 1649 cum
1112 1602 1177 1649 suo
1203 1585 1370 1650 Praeside
1394 1587 1576 1650 constituti

348 1703 463 1756 erant.
479 1692 538 1757 Sic
552 1694 646 1756 enim
661 1692 904 1757 Attrebatensi
918 1691 1095 1773 Episcopo
1114 1704 1149 1757 et
1169 1694 1250 1757 aliis
1263 1696 1381 1758 visum
1395 1694 1524 1773 iuerat,
1539 1705 1575 1757 et

346 1800 397 1862 ita
412 1816 538 1880 parum
553 1800 629 1880 spei
639 1801 803 1863 relictum
817 1807 871 1862 est
883 1800 964 1875 illis,
977 1800 1039 1879 qui
1048 1798 1219 1863 Societati
1233 1801 1406 1881 applicari
1419 1801 1506 1865 illud
1516 1819 1575 1863 cu·

346 1908 487 1971 rabant.

410 2014 498 2077 1990.
541 2013 671 2077 Scribit
685 2023 804 2077 autem
819 2032 864 2076 ex
879 2014 978 2076 curia
997 2012 1172 2077 Dominus
1190 2014 1331 2091 Zarate,
1346 2017 1409 2097 qui
1421 2032 1503 2080 eum
1516 2034 1573 2081 co·

345 2124 492 2187 mitatus
506 2122 622 2185 fuerat
641 2139 723 2185 cum
744 2120 898 2185 Domino
914 2120 1047 2184 Garcia
1061 2122 1181 2202 Lopez
1194 2121 1238 2185 de
1249 2122 1434 2186 Alvarado
1446 2123 1468 2203 ¹,
1481 2124 1574 2206 quod

345 2232 580 2295 concionatus
597 2240 653 2293 est
666 2230 776 2293 latine
794 2230 872 2308 ipso
892 2227 951 2292 die
970 2228 1175 2294 festivitatis
1188 2231 1360 2311 Corporis
1373 2231 1518 2309 Christi,
1538 2244 1574 2297 et

345 2339 486 2420 quidem
508 2338 640 2418 jndicio
664 2339 859 2417 peritorum
883 2354 1015 2416 magna
1034 2355 1115 2402 cum
1134 2340 1297 2403 doctrina
1315 2349 1350 2402 et
1367 2340 1516 2419 pietate;
1538 2350 1574 2403 et

344 2446 428 2527 quia
453 2445 611 2509 nonnulli
630 2443 800 2508 Societati
821 2445 1152 2523 obmurmurabant,
1173 2447 1271 2526 quod
1289 2447 1518 2527 praedicabat
1537 2458 1574 2511 et

344 2553 554 2619 hortabatur
569 2561 606 2614 ut
621 2553 783 2616 homines
797 2554 1102 2615 communicarent
1119 2554 1296 2633 quotidie,
1317 2554 1421 2617 aliter
1439 2571 1514 2617 rem
1532 2572 1572 2618 se

344 2661 477 2725 habere
491 2661 698 2739 declaravit,
715 2677 797 2723 cum
817 2661 925 2724 etiam
939 2660 1064 2735 nostri,
1077 2660 1138 2741 qui
1152 2661 1358 2725 sacerdotes
1371 2680 1442 2725 non
1456 2669 1570 2741 erant,

343 2779 483 2834 tantum
497 2779 628 2833 octavo
643 2785 783 2848 quoque
797 2768 855 2830 die
868 2767 904 2831 id
915 2765 1086 2845 iacerent,
1098 2786 1191 2848 quae
1204 2786 1263 2832 res
1273 2786 1499 2850 summopere
1510 2787 1571 2832 au·

341 2878 517 2942 ditoribus
528 2877 673 2958 placuit.

406 2984 494 3047 1991.
536 2982 725 3047 Dominica
738 2983 846 3046 etiam
860 2984 1020 3064 sequenti
1034 2984 1079 3047 de
1097 2985 1223 3048 eodem
1237 2986 1344 3050 etiarn
1357 2985 1439 3050 §.¹²⁰
1451 3003 1573 3050 sacra·

342 3101 462 3156 mento
477 3107 557 3154 cum
572 3089 867 3170 frequentissimo
883 3101 923 3153 ut
942 3091 1096 3170 solebat,
1119 3092 1307 3168 auditorio,
1329 3094 1391 3156 ubi
1409 3094 1571 3174 primarii

342 3199 453 3262 totius
464 3197 715 3262 Universitatis
730 3197 891 3261 homines
905 3206 1020 3274 erant,
1036 3209 1071 3261 et
1084 3199 1227 3278 quidem
1240 3217 1323 3264 cum
1336 3201 1487 3264 utilitate
1498 3201 1569 3265 exi-

343 3305 415 3368 mia
430 3305 663 3368 concionatus
676 3313 743 3383 est3
758 3304 848 3368 adeo
862 3315 901 3368 ut
914 3306 1061 3385 quidam
1074 3307 1308 3384 posteriorem
1321 3308 1421 3371 illum
1437 3324 1570 3371 sermo-

343 3429 424 3476 nem
439 3412 485 3474 ad
499 3419 595 3474 totos
609 3411 732 3474 decem
746 3428 859 3474 annos
875 3412 1037 3475 sufficere
1051 3429 1156 3494 posse
1170 3412 1340 3490 dicerent,
1363 3433 1430 3478 nec
1448 3414 1461 3445 ³
1479 3414 1569 3478 sutu-

343 3535 423 3582 rum
437 3534 515 3581 esse
530 3535 754 3598 quemquam,
770 3518 830 3598 qui
844 3528 969 3582 contra
984 3519 1110 3583 crebro
1124 3522 1429 3585 communicantes
1442 3523 1571 3586 mutire

343 3625 503 3702 auderet;
525 3632 560 3687 et
579 3625 700 3688 multis
716 3641 925 3704 persuasum
943 3635 1013 3702 est,
1027 3635 1068 3688 ut
1086 3628 1349 3692 sanctissimum
1368 3629 1437 3692 hoc
1451 3646 1570 3693 sacra·

344 3742 502 3796 mentum
516 3741 646 3795 octavo
660 3747 799 3812 quoque
817 3731 874 3794 die
892 3731 1172 3812 frequentarent.
1191 3734 1377 3799 Venerunt
1393 3737 1514 3817 aliqui,
1531 3745 1570 3800 ut

342 3857 424 3904 eum
438 3846 620 3918 rogarent,
633 3848 672 3901 ut
686 3839 872 3918 theologos
885 3841 1072 3916 rationem,
1087 3859 1195 3921 quam
1208 3843 1352 3906 tenebat
1365 3845 1571 3923 praedican-

342 3945 389 4022 di,
406 3944 560 4022 doceret,
577 3955 612 4009 et
626 3945 781 4026 imprimi
795 3944 929 4008 faceret
940 3963 1025 4009 suas
1038 3947 1119 4010 illas
1133 3950 1336 4028 concioncs;
1351 3951 1518 4031 quamvis
1530 3968 1569 4015 se

343 4051 503 4117 modeste
517 4052 715 4115 excusavit.
731 4051 776 4115 Et
790 4053 821 4115 si
836 4053 1009 4132 potuisset
1023 4054 1059 4117 in
1074 4055 1304 4119 concionibus
1317 4056 1471 4122 Lovanii
1493 4074 1570 4137 per-

342 4177 522 4238 severare,
537 4159 682 4222 uberem
696 4157 888 4224 admodum
902 4159 1056 4224 fructum
1068 4162 1206 4242 sperari
1221 4180 1325 4243 posse
1344 4164 1474 4245 ajebat,
1490 4184 1569 4247 pro·

342 4276 422 4347 pter
441 4266 631 4329 admodum
645 4275 768 4328 tenera
787 4275 822 4329 et
840 4265 886 4328 ad
907 4267 1133 4332 devotionem
1150 4287 1329 4350 propensa
1350 4270 1571 4338 flandrorum

383 4545 392 4578 ¹
420 4543 563 4658 {imbrum
572 4543 621 4588 hoc
630 4545 757 4590 orationis
765 4547 896 4601 adjectum
906 4555 948 4594 eat
958 4559 1022 4594 orac
1030 4551 1153 4604 pagine,
1161 4553 1215 4595 ntia
1224 4563 1312 4599 mauu.

382 4614 395 4646 ¹
462 4625 521 4660 me.
