3642 5350
346 408 404 467 492
806 407 936 469 Canon.
958 406 1035 467 Soc.
1057 406 1127 479 Jns.

347 556 518 635 locupleS,
534 554 751 635 significavit
765 554 798 619 ei
812 556 930 619 locum
945 553 1133 635 quemdam
1148 570 1226 617 esse
1243 551 1425 632 Lugduni,
1442 552 1501 632 qui
1516 550 1583 617 So-

347 661 469 726 cietati
483 672 628 726 nostrae
643 662 847 742 aptissimus
862 669 952 739 erat,
968 661 1034 725 sub
1048 660 1150 724 titulo
1169 658 1344 723 Dominae
1364 658 1519 723 Nostrae
1537 658 1581 723 de

345 768 530 848 Forniero,
547 770 607 850 qui
621 770 808 850 pulchram
827 768 1013 833 ecclesiam
1035 777 1070 831 et
1089 784 1258 852 magnam
1280 765 1441 841 domum,
1458 767 1582 830 hortos

347 884 384 938 et
399 876 525 940 vineas
540 875 692 939 habebat
706 876 743 939 in
758 875 892 940 salubri
907 876 988 955 situ,
1001 875 1062 955 qui
1073 883 1302 955 prospectum
1312 874 1465 937 babebat
1476 873 1580 938 valde

277 1020 281 1031 ·
348 998 550 1060 amoenum,
567 999 638 1046 non
653 981 891 1047 solum‘totius
911 982 1010 1045 urbis
1028 980 1260 1061 lugdunensis
1273 998 1316 1044 ac
1335 981 1486 1044 duorum
1504 980 1581 1061 ejus

347 1088 544 1167 fluminum,
561 1089 623 1152 sed
644 1104 796 1169 magnae
816 1090 930 1169 partis
944 1088 1054 1152 etiam
1068 1088 1305 1169 Delphinatus
1319 1101 1354 1151 et
1367 1086 1578 1153 sabaudiae.

409 1195 500 1259 2124.
544 1195 630 1259 Erat
650 1207 768 1260 autem
789 1197 847 1260 ille
866 1198 966 1260 locus
984 1196 1208 1277 quorundam
1229 1196 1500 1272 canonicorum,
1521 1197 1583 1276 qui

349 1319 433 1366 raro
448 1303 609 1366 divinum
623 1303 671 1367 ibi
691 1302 844 1367 officium
863 1304 1107 1381 celebrabant,
1127 1319 1195 1366 nec
1210 1301 1340 1367 ibidem
1362 1302 1582 1380 habitabant;

346 1418 384 1472 et
399 1410 430 1473 si
444 1407 579 1473 reditus
594 1409 680 1490 ipsis
694 1410 808 1474 relicti
821 1410 982 1487 fuissent,
998 1408 1103 1473 facile
1115 1410 1232 1473 locum
1243 1409 1401 1474 relicturi
1415 1408 1581 1473 diceban·

348 1523 417 1579 tur.
433 1516 478 1579 Et
493 1516 575 1596 quia
596 1515 796 1579 Cardinalis
814 1516 1069 1595 Turnonensis,
1086 1515 1250 1596 idemque
1264 1515 1582 1597 ArchiepiscopuS,

348 1621 483 1686 Rornae
498 1633 573 1687 tum
587 1625 729 1704 agebat,
745 1622 861 1701 facile,
878 1624 907 1687 si
924 1622 1007 1704 quid
1022 1640 1103 1687 cum
1117 1621 1262 1700 Summo
1274 1622 1444 1688 Pontifice
1455 1625 1580 1687 transi·

345 1730 504 1811 gendum
519 1740 623 1810 esset,
640 1729 830 1795 effecturus
844 1729 1043 1794 videbatur.
1060 1731 1105 1794 Et
1116 1732 1176 1812 qui
1191 1732 1260 1795 hoc
1275 1731 1504 1811 suggerebat,
1521 1732 1582 1811 qui

350 1836 523 1901 Dominus
549 1838 592 1901 de
616 1838 848 1919 Montpetrier
870 1836 1070 1914 dicebatur,
1091 1838 1148 1901 vir
1170 1838 1250 1919 pius
1264 1846 1341 1902 erat
1362 1850 1397 1901 et
1417 1838 1487 1901 duo
1506 1837 1581 1902 sere

349 1945 459 2009 millia
474 1946 680 2037 francorum
695 1946 803 2009 annui
818 1945 964 2022 reditus,
982 1962 1086 2026 quem
1105 1946 1269 2024 habebat,
1287 1944 1356 2026 piis
1373 1945 1448 2008 fere
1468 1946 1581 2025 operi·

348 2052 416 2115 bus
430 2052 666 2132 impendebat,
683 2063 718 2115 et
731 2070 876 2133 operam
888 2069 990 2116 suam
1002 2052 1049 2117 ad
1059 2052 1283 2132 praedictum
1293 2053 1412 2115 locum
1423 2050 1582 2115 obtinen-

346 2158 433 2222 dum
458 2158 645 2239 offerebat,
666 2160 748 2241 quia
769 2170 889 2224 tamen
909 2159 955 2223 ad
974 2159 1205 2239 particularia
1224 2176 1298 2222 non
1313 2158 1496 2222 descendit
1514 2176 1581 2222 nec

349 2266 485 2329 reditus
504 2278 624 2331 certus
645 2266 690 2330 ad
710 2266 858 2345 Collegii
879 2266 1097 2331 dotationem
1117 2265 1341 2340 offerebatur,
1362 2265 1401 2329 P.
1422 2265 1583 2346 ignatius

348 2374 467 2436 locum
482 2373 580 2437 illum
596 2390 674 2437 esse
689 2374 886 2438 curandum
900 2392 972 2437 non
983 2372 1168 2454 iudicavit.

410 2480 502 2543 2125.
546 2480 631 2544 Post
656 2479 809 2544 medium
829 2480 974 2563 Junium
993 2497 1149 2544 mensem
1169 2480 1206 2542 in
1226 2480 1435 2544 Alverniam
1454 2480 1493 2544 P.
1515 2480 1580 2544 Ba·

349 2586 458 2667 ptista
473 2585 579 2649 Viola
594 2603 675 2651 cum
690 2587 797 2650 sociis
811 2586 987 2667 pervenit,
1009 2586 1221 2665 Bigliomum
1242 2587 1409 2666 ingressi,
1425 2588 1581 2651 fructum

347 2693 492 2773 quidem
506 2694 724 2774 spiritualem
746 2695 891 2758 uberem
912 2693 1048 2774 percipi
1069 2693 1338 2772 animadvertit3
1354 2695 1418 2758 sed
1441 2695 1579 2770 domus

350 2817 440 2881 quae
454 2809 669 2881 praeparata
683 2809 762 2864 erat
773 2801 819 2865 ad
829 2811 971 2866 nostros
982 2800 1225 2881 excipiendos
1238 2801 1463 2865 incommoda
1475 2801 1581 2865 valde

348 2907 419 2988 ipsi
433 2909 512 2971 visa
526 2918 590 2971 est.
609 2907 680 2972 Res
694 2908 801 2972 etiam
816 2909 1054 2988 necessariae,
1071 2917 1109 2971 ut
1124 2908 1287 2972 utensilia
1303 2908 1429 2972 domus
1444 2927 1488 2972 ac
1503 2926 1580 2990 sup·

352 3014 538 3095 pellectilia
553 3015 740 3095 etreliqua
761 3014 934 3079 advitam
954 3013 1152 3079 ducendam
1172 3016 1392 3094 necessaria,
1412 3033 1484 3079 non
1503 3033 1583 3080 esse

353 3129 543 3202 prospecta
558 3122 603 3185 ab
618 3140 672 3201 eo,
690 3122 746 3186 cui
761 3122 959 3204 Episcopus
973 3123 1009 3186 id
1024 3123 1263 3201 commiserat,
1279 3121 1385 3201 vidit;
1407 3140 1473 3187 nec
1488 3122 1583 3187 aliud

351 3227 540 3291 consilium
548 3227 597 3292 illi
608 3229 732 3292 melius
743 3229 1028 3309 occurrit,quam
1039 3239 1077 3292 ut
1088 3228 1257 3307 Parisios,
1268 3229 1429 3293 aditurus
1440 3229 1582 3310 Episco·

352 3349 449 3412 pum,
466 3334 614 3399 veniret.
631 3335 676 3399 Et
691 3353 772 3400 cum
787 3336 830 3400 de
845 3334 884 3400 P.
900 3334 1086 3400 Paschasii
1107 3336 1230 3399 morbo
1251 3336 1497 3416 intellexisset,
1518 3354 1584 3400 nec

352 3441 466 3504 morbi
481 3439 556 3521 ejus
571 3459 777 3507 successum
797 3443 1004 3522 audivisset,
1022 3461 1064 3506 eo
1088 3443 1205 3522 magis
1223 3442 1420 3522 Collegium
1434 3441 1520 3506 illud
1534 3443 1583 3506 in·

353 3548 540 3613 visendum
560 3550 708 3612 censuit.
732 3549 802 3614 Sed
821 3560 1012 3630 antequam
1030 3550 1206 3629 Bigliomo
1227 3549 1424 3626 recederet,
1441 3550 1584 3614 domum

350 3656 461 3719 aliam
485 3657 663 3720 salubrem
687 3667 721 3720 et
740 3657 966 3721 commodam
985 3657 1032 3720 ad
1050 3666 1254 3721 nostrorum
1273 3657 1529 3720 habitationem
1548 3668 1584 3720 et

352 3763 460 3826 aliam
476 3763 582 3827 etiam
596 3765 633 3827 in
648 3764 852 3828 scholarum
867 3781 970 3828 usum
985 3764 1126 3827 curavit
1141 3773 1176 3827 et
1190 3763 1337 3828 invenit.

413 3870 504 3934 2126.
548 3871 592 3934 Et
617 3871 699 3951 quia
724 3871 1060 3935 submurmurabant
1085 3871 1250 3935 canonici
1275 3874 1319 3935 ob
1343 3880 1582 3935 sacramento·

353 3993 434 4041 rum
445 3977 789 4041 administrationem
799 3979 835 4041 in
846 3978 1006 4059 ipsorum
1018 3979 1159 4057 templo,
1173 3994 1239 4041 nec
1254 3978 1431 4043 habebant
1447 3977 1585 4060 [nostri]

352 4086 537 4165 sacellum,
560 4085 619 4149 ubi
634 4093 803 4148 consueta
824 4083 1016 4148 Societatis
1038 4085 1235 4149 ministeria
1254 4103 1422 4150 exercere
1441 4095 1587 4166 possent

354 4202 417 4255 aut
432 4191 563 4256 Missae
578 4192 791 4256 sacrificium
807 4191 946 4270 oflerre,
963 4192 1194 4271 congregatis
1215 4193 1409 4269 canonicis,
1427 4193 1535 4256 etiam
1549 4194 1586 4255 in

352 4299 424 4362 hac
444 4309 545 4379 parte
565 4298 807 4362 commoditati
828 4307 1030 4362 nostrorum
1053 4298 1342 4378 ministeriorum,
1366 4299 1418 4362 eis
1440 4316 1588 4362 consen·

355 4405 534 4485 tientibuS,
551 4405 737 4469 consuluit.

416 4511 506 4576 2127.
550 4511 712 4592 Quinque
734 4512 842 4574 etiarn
861 4513 995 4575 classes
1015 4512 1246 4586 constitutas,
1274 4522 1465 4591 antequam
1489 4509 1585 4576 Pari·

354 4619 429 4682 sios
451 4619 647 4695 recederet,
672 4618 823 4698 reliquit.
846 4615 987 4682 Primae
1008 4617 1180 4698 praefecit
1203 4615 1431 4683 Leonardum
1451 4617 1586 4682 Masse·
