3642 5350
352 382 406 443 7tt
808 378 939 443 Caron-
958 378 1036 443 Soc.
1056 379 1126 456 Jas.

351 541 422 598 tem
437 541 677 614 promoverat.
694 530 888 613 Diligentia
903 538 1023 597 tamen
1037 528 1076 595 P.
1092 529 1234 612 ignatii,
1246 547 1317 611 qua
1331 539 1523 595 curaverat
1538 548 1584 596 ne

351 657 395 703 ea
410 639 567 720 dignitas
583 640 650 721 ipsi
665 639 900 721 conferretur,
916 636 1008 719 Regi
1022 637 1307 704 aedificationem
1320 637 1450 703 attulit.

414 746 506 813 3222.
550 746 762 827 Pergratum
775 756 895 812 autem
908 746 975 811 fuit
987 745 1080 827 Regi
1094 745 1188 827 quod
1200 746 1339 827 aliquos
1351 745 1395 810 de
1405 744 1583 811 Societate

353 856 392 920 P.
410 854 614 920 Ludovicus
627 854 741 919 Roma
756 853 975 933 adduxisset,
990 862 1026 917 et
1040 853 1091 918 ita
1101 854 1221 935 plures
1235 852 1330 917 idem
1343 852 1450 917 Pater
1467 864 1582 934 postu·

351 963 460 1043 labat,
474 961 537 1027 sed
549 960 773 1043 potissimum
784 960 831 1026 ad
842 960 1138 1042 gubernationem
1149 960 1395 1041 collegiorum,
1407 959 1583 1042 inquibus

353 1070 423 1135 duo
438 1069 663 1134 incommoda
678 1068 876 1150 insigniora
889 1068 1048 1134 notabat:
1064 1069 1227 1144 alterum,
1243 1066 1435 1149 quodcum
1454 1069 1583 1133 multos

354 1177 559 1257 collegiales
577 1176 765 1257 haberent,
791 1194 862 1241 non
881 1177 993 1242 multa
1013 1192 1077 1257 per
1096 1192 1159 1241 eos
1178 1174 1226 1241 ad
1243 1192 1431 1240 commune
1451 1175 1584 1240 bonum

356 1284 571 1366 efficiebant;
592 1284 754 1364 alterum,
771 1284 865 1367 quod
885 1301 966 1349 cum
985 1283 1120 1349 reditus
1139 1300 1211 1348 non
1230 1282 1381 1364 exiguos
1400 1282 1583 1362 haberent,

355 1392 408 1457 sic
423 1410 485 1457 eos
498 1392 755 1473 expenderent,
772 1402 810 1456 ut
825 1409 959 1473 paucos
972 1401 1009 1457 et
1023 1408 1095 1456 non
1109 1390 1186 1455 sine
1200 1391 1322 1456 labore
1332 1397 1583 1455 sustentarent.

415 1498 507 1565 3223.
550 1498 641 1565 Cum
652 1498 806 1564 Eboram
817 1499 988 1579 venisset,
996 1497 1185 1563 duodecim
1196 1506 1258 1563 aut
1270 1497 1441 1563 tredecim
1451 1497 1586 1562 ibidies

356 1607 488 1687 exegiu
504 1615 540 1671 et
554 1623 635 1671 cum
649 1617 793 1671 nostros
807 1607 912 1673 valde
926 1615 1161 1689 praeparatos
1172 1603 1379 1686 invenisset,
1391 1614 1430 1669 ut
1441 1605 1585 1670 modum

356 1732 400 1780 ac
415 1712 591 1778 rationem
605 1712 795 1779 Societatis
809 1730 979 1779 romanae
994 1713 1138 1778 omnino
1150 1712 1385 1793 imitarentur,
1397 1712 1585 1793 diligenter

355 1838 418 1886 eos
437 1820 474 1885 P.
495 1820 702 1887 Ludovicus
719 1822 904 1903 instruxit;
921 1832 957 1888 et
975 1821 1094 1887 multis
1108 1838 1232 1885 eorum
1246 1820 1585 1902 interrogationibus

354 1930 490 2011 scripto
505 1929 704 2012 respondit;
725 1938 760 1995 et
780 1930 817 1994 in
837 1930 944 1995 rebus
958 1928 1138 1994 duraturis
1153 1928 1241 1993 nihil
1263 1936 1433 2011 tanquam
1447 1937 1585 1993 certum

357 2037 480 2102 haberi
491 2038 616 2117 voluit,
626 2037 708 2102 licet
718 2037 866 2120 ipsemet
879 2036 991 2121 [nihil]
1003 2036 1151 2102 dixisset
1161 2036 1230 2102 nisi
1241 2036 1336 2118 quod
1346 2035 1480 2118 scripto
1491 2052 1584 2101 com·

355 2144 570 2227 prehensum
585 2154 689 2211 esset.
705 2145 750 2210 Et
764 2154 838 2209 tam
852 2162 943 2227 quae
957 2136 1102 2209 Eborae'
1112 2160 1219 2226 quam
1234 2159 1325 2225 quae
1336 2142 1585 2209 Conimbricae

356 2251 517 2332 tradidit,
534 2250 684 2317 Romam
704 2253 838 2334 scripta
858 2253 1071 2333 transmisit;
1090 2260 1126 2316 et
1146 2268 1277 2331 magna
1298 2268 1380 2315 cum
1401 2250 1586 2316 alacritate

357 2358 477 2425 omnia
491 2377 512 2423 a
526 2360 660 2424 nostris
674 2360 955 2441 excipiebantur,
968 2368 1002 2423 et
1014 2357 1248 2424 Prouincialis
1259 2357 1386 2423 litteris
1397 2357 1465 2422 hoc
1478 2374 1586 2439 saepe

358 2466 630 2532 commendabat
649 2465 689 2530 P.
715 2466 910 2547 Ludovico,
934 2476 972 2531 ut
992 2465 1136 2532 modum
1154 2464 1371 2547 procedendi
1391 2465 1428 2530 in
1448 2474 1524 2529 tota
1543 2483 1586 2530 ea

357 2574 549 2640 Provincia
565 2574 783 2640 conformem
797 2592 969 2639 romanae
983 2573 1177 2639 induceret.

416 2681 508 2748 3224.
556 2682 638 2748 Fuit
666 2691 784 2749 autem
812 2682 1039 2748 subminister
1071 2681 1278 2764 praedictus
1311 2681 1488 2769 Rogerius
1513 2687 1523 2722 ⁸
1552 2693 1588 2747 et

356 2789 450 2874 apud
475 2788 540 2856 S.¹¹²
565 2789 727 2856 Rochum
752 2788 1007 2871 Ulyssiponae,
1030 2799 1066 2853 et
1089 2789 1241 2870 Eborac,
1268 2788 1426 2870 quandiu
1449 2789 1499 2854 ibi
1522 2789 1587 2854 fuit

357 2896 395 2963 P.
412 2898 630 2979 Ludovicus,
646 2907 681 2962 et
695 2897 821 2963 deinde
836 2896 1084 2962 conimbricae
1104 2897 1140 2961 in
1160 2896 1345 2979 superiore
1359 2896 1536 2979 collegio,
1551 2906 1587 2965 et

357 3024 439 3072 cum
452 3005 699 3071 aedificatione
712 3022 784 3069 non
799 3003 970 3070 mediocri
984 3021 1048 3069 suo
1063 3022 1209 3070 munere
1222 3004 1366 3072 functus
1384 3013 1451 3070 est.

414 3113 506 3178 3225.
550 3111 648 3194 Quae
663 3112 710 3177 ad
723 3112 913 3176 sanitatem
928 3113 1150 3195 corporalem
1164 3112 1399 3194 pertinebant,
1415 3111 1503 3180 satis
1521 3113 1586 3177 uti·

354 3220 434 3285 liter
448 3220 486 3286 P.
502 3219 707 3285 Ludovicus
722 3219 879 3300 curavit;
895 3228 931 3284 et
945 3221 996 3284 ita
1010 3219 1165 3301 aliquam
1183 3221 1345 3302 corporis
1364 3220 1584 3286 exercitatio·

356 3345 435 3394 nem
451 3326 496 3392 ad
511 3343 658 3408 campos
671 3326 851 3407 exeundo,
866 3336 902 3391 et
916 3326 1073 3410 aliquam
1093 3327 1130 3391 in
1149 3326 1361 3409 quibusdam
1380 3327 1587 3392 excessibus

357 3433 636 3500 moderationem
652 3432 789 3498 induxit
804 3430 826 3494 ⁸.
843 3432 945 3514 Quod
960 3432 1208 3499 conimbricae
1228 3434 1335 3498 etiam
1349 3434 1454 3498 valde
1467 3451 1586 3499 neces·

290 3563 292 3566 ’
357 3541 490 3606 sarium
505 3551 594 3620 erat,
610 3557 681 3605 non
695 3541 810 3605 solum
823 3540 1002 3621 lusitanis,
1017 3541 1202 3606 sedetiam
1218 3538 1366 3606 Caesari
1381 3539 1541 3606 Pontano
1552 3551 1588 3606 et

358 3648 472 3715 Mario
487 3647 718 3728 Beringueio,
734 3647 794 3729 qui
809 3664 890 3712 cum
905 3647 944 3713 P.
961 3648 1144 3714 Ludovico
1159 3649 1194 3713 in
1208 3647 1464 3728 Portugaldam
1484 3665 1587 3713 vene·

356 3764 437 3822 rant
458 3766 493 3821 et
511 3754 774 3822 Conimbricam
794 3756 893 3820 missi
912 3755 1067 3832 fueraut3
1088 3755 1152 3820 sed
1174 3766 1209 3820 et
1229 3754 1394 3821 Andreas
1415 3755 1587 3833 Arantia·

356 3882 422 3930 nus
436 3873 472 3930 et
485 3863 762 3946 christophorus
776 3862 971 3929 Strobelius
989 3864 1082 3930 male
1101 3863 1295 3945 habebant,
1311 3864 1502 3946 praecipue
1515 3864 1586 3930 An·

356 3973 478 4052 dreas,
494 3972 555 4054 qui
569 3978 643 4036 tota
660 3970 944 4052 Quadragesima
958 3988 1052 4053 aqua
1067 3988 1153 4036 usus
1166 3972 1298 4052 suerat,
1314 3972 1376 4053 qui
1396 3982 1503 4054 potus
1516 3988 1588 4036 non

327 4081 331 4088 '
357 4076 503 4160 perinde
518 4079 711 4158 germanis
727 4077 842 4158 belgis
856 4086 963 4159 atque
977 4077 1141 4143 lusitanis
1154 4079 1333 4144 convenit.

417 4185 509 4251 3226.
552 4185 676 4250 Erexit
688 4185 796 4250 etiam
810 4185 948 4249 animos
962 4202 1087 4250 eorum
1102 4187 1161 4268 qui
1176 4196 1383 4267 praeerant;
1398 4205 1480 4252 cum
1494 4188 1589 4254 enim

357 4303 500 4359 centurn
514 4303 549 4358 et
563 4293 710 4373 triginta
724 4290 768 4357 de
782 4293 915 4356 nostris
930 4303 1049 4357 essent
1063 4292 1330 4374 conimbricae,
1351 4304 1431 4376 post
1450 4294 1590 4361 Pascha

357 4400 448 4466 duos
468 4416 607 4464 menses
628 4409 689 4463 aut
714 4399 865 4481 amplius
888 4416 993 4465 uerno
1017 4401 1249 4477 concionatus
1274 4403 1407 4483 suerat;
1427 4402 1591 4484 quamvis

401 4569 410 4604 Ι
439 4565 531 4623 supra,
541 4577 565 4613 n.
575 4566 638 4614 m·
653 4567 711 4612 ride
721 4565 843 4613 Litterae
853 4565 1088 4623 Quadrimntm,
1097 4575 1116 4614 t.
1126 4579 1163 4623 rr,
1171 4579 1234 4625 paz.
1243 4569 1285 4614 aba
1294 4578 1321 4616 et
1330 4569 1379 4616 861.
1495 4581 1498 4586 ·

400 4635 412 4673 ⁸
439 4635 506 4708 Vide
516 4647 606 4693 supra,
616 4645 676 4692 paz.
690 4635 735 4694 m,
745 4649 771 4683 a.
780 4637 842 4682 811⁶.
