3642 5350
766 447 830 506 An.
857 446 928 507 1556
1426 449 1465 508 39

227 597 427 674 nominare,
448 594 543 677 quod
559 594 660 676 juxta
681 593 960 658 constitutiones
979 594 1047 674 ipsi
1069 594 1339 674 permittebatur
1356 593 1378 674 ¹,
1395 612 1461 659 nec

229 721 312 767 cum
338 711 488 767 mortem
510 703 714 782 praesciret,
742 701 802 765 alii
828 718 936 780 quam
955 699 1154 766 Secretario
1173 701 1219 764 ad
1241 701 1463 782 praedictum

226 811 395 875 effectum
416 809 710 886 manifestaverit,
731 825 797 871 nec
813 808 931 870 socios
945 809 1089 888 alloqui,
1106 818 1167 871 aut
1186 809 1383 886 exhortari,
1399 821 1462 874 aut

229 918 285 981 eis
305 917 515 980 benedicere
541 925 602 979 aut
627 915 818 995 quidquam
845 914 984 994 insigne
1003 915 1098 994 apud
1119 932 1180 978 eos
1206 931 1314 994 agere
1336 917 1460 995 voluit,

231 1035 337 1106 prout
354 1021 423 1105 [ab]
440 1024 589 1087 aliarum
604 1023 816 1102 religionum
831 1022 1077 1086 fundatoribus
1092 1021 1225 1085 factum
1240 1032 1363 1086 sancte
1377 1024 1461 1102 legi-

232 1149 323 1196 mus:
337 1131 480 1194 humilis
505 1131 600 1194 enim
619 1128 687 1192 Dei
705 1146 832 1192 servus
847 1128 934 1191 nihil
948 1129 1017 1192 sibi
1035 1129 1224 1206 tribuebat,
1242 1147 1307 1193 nec
1322 1130 1367 1193 ab
1382 1130 1462 1193 aliis

230 1239 340 1302 tribui
354 1237 508 1316 volebat,
528 1237 591 1300 sed
607 1236 760 1314 ChristO,
779 1233 881 1315 juxta
901 1233 1088 1299 Societatis
1101 1253 1242 1315 nomen,
1264 1237 1382 1300 omnia
1401 1238 1461 1300 tri-

228 1346 301 1424 bui,
319 1362 425 1440 atquo
441 1354 475 1407 et
490 1353 638 1424 accepta
653 1352 772 1423 erant;
793 1354 827 1406 et
848 1343 881 1406 ei
896 1343 973 1421 soli,
990 1360 1062 1405 non
1077 1343 1242 1423 cuiquam
1264 1344 1459 1435 hominum,

228 1451 422 1515 Societatis
437 1449 688 1514 confidentiam
702 1449 815 1513 inniti.

294 1558 362 1621 104.
405 1557 474 1621 Sed
495 1557 702 1638 quominus
726 1557 802 1635 ipse
827 1557 893 1620 sibi
914 1558 1118 1636 arrogabat,
1140 1576 1183 1621 eo
1203 1557 1317 1637 magis
1338 1558 1460 1621 divina

229 1666 376 1731 Bonitas
388 1684 468 1729 eum
480 1665 680 1742 extollebat,
693 1674 727 1727 et
739 1664 856 1744 aliqua
869 1663 937 1744 ipsi
947 1664 1068 1727 videre
1080 1666 1266 1744 concessit,
1277 1683 1368 1746 quae
1379 1666 1460 1728 aliis

229 1773 445 1853 religionum
469 1770 714 1835 fundatoribus
739 1772 858 1834 nescio
884 1789 930 1835 an
952 1773 1021 1836 sint
1046 1782 1119 1835 tam
1135 1775 1250 1854 ample
1275 1789 1456 1836 concessa.

295 1879 364 1943 105.
406 1879 564 1943 Primum
588 1878 654 1944 fuit
674 1877 889 1942 Societatem
916 1876 1126 1958 Apostolica
1150 1881 1363 1943 auctoritate
1386 1896 1459 1942 non

227 1986 346 2050 solum
369 1987 567 2049 institutam
588 1994 623 2048 et
638 1983 883 2065 approbatam,
904 1985 968 2047 sed
983 2003 1003 2047 a
1019 1985 1177 2065 pluribus
1192 1986 1298 2048 etiam
1319 1985 1460 2050 Pontifi-

226 2094 333 2157 cibus
348 2091 604 2156 confirmatam.

296 2199 363 2263 106.
406 2198 619 2276 Secundum,
637 2199 731 2279 quod
744 2198 905 2262 eamdem
921 2198 1135 2263 Societatem
1150 2199 1376 2280 amplissimis
1391 2200 1460 2280 pri·

233 2307 385 2387 vilegiis,
402 2306 529 2386 gratiis
544 2317 577 2368 et
592 2305 820 2369 facultatibus
832 2314 904 2368 tam
916 2306 962 2369 ad
972 2307 1193 2384 singulorum
1208 2307 1338 2370 bonum
1353 2324 1460 2388 quam

230 2415 280 2478 ad
302 2430 523 2478 communem
544 2413 732 2477 utilitatem
756 2414 966 2477 instructam
988 2424 1023 2476 et
1045 2423 1218 2493 ornatam,
1239 2423 1278 2477 ut
1297 2424 1395 2494 patet
1406 2433 1458 2502 ¹ex

233 2521 379 2585 Litteris
396 2520 622 2601 Apostollcis,
646 2520 797 2600 reliquit.
1352 2589 1355 2592 ,

297 2628 364 2691 107.
407 2628 577 2705 Tertium,
604 2628 699 2709 quod
724 2627 1001 2693 constitutiones
1026 2645 1157 2707 magno
1179 2628 1304 2709 spiritu
1325 2638 1360 2693 et
1380 2645 1462 2710 pru·

229 2737 365 2815 dentia;
381 2735 539 2816 Regulas
554 2736 637 2799 item
653 2746 686 2798 et
701 2734 816 2799 officia
831 2736 877 2799 nd
892 2745 1026 2800 rectam
1038 2734 1225 2800 Societatis
1241 2736 1461 2800 administra·

233 2843 367 2907 tionem
381 2852 415 2905 et
431 2844 612 2907 variorum
627 2842 662 2905 in
683 2860 725 2905 ea
747 2842 943 2906 officiorum
957 2844 1229 2923 exequutionem
1249 2844 1413 2923 confecit;
1429 2853 1464 2907 et

230 2950 383 3030 ipsemet
395 2966 479 3013 suas
490 2950 587 3028 leges
598 2950 771 3031 publicari
782 2959 818 3013 et
829 2951 1013 3014 observari
1024 2950 1123 3028 vidit,
1133 2951 1464 3032 quamvisultimam

234 3074 379 3121 manum
398 3058 648 3138 imponendam
666 3057 801 3138 primae
816 3057 1097 3137 Congregationi
1110 3059 1270 3137 generali
1285 3058 1425 3139 reliquit
1439 3056 1463 3119 ¹.

299 3164 365 3227 108.
412 3163 597 3243 Quartum,
625 3163 717 3245 quod
742 3167 872 3227 multos
896 3164 1051 3228 instituti
1076 3166 1132 3229 sui
1153 3174 1349 3229 sectatores
1374 3162 1464 3246 [reli-

228 3270 322 3353 quit]
338 3290 383 3335 ex
396 3272 505 3335 variis
520 3271 722 3334 nationibus
737 3270 761 3349 ³,
777 3282 811 3334 et
827 3272 969 3351 quidem
983 3270 1149 3335 intereos
1161 3290 1232 3336 non
1245 3290 1390 3353 paucoS,
1405 3272 1465 3353 qui

234 3379 431 3456 nobilitate,
459 3386 520 3441 aut
545 3377 718 3456 doctrina,
746 3385 808 3441 aut
832 3378 1033 3459 prudentia,
1060 3388 1096 3441 et
1115 3380 1225 3443 multo
1250 3381 1379 3460 plures,
1407 3380 1465 3461 qui

234 3486 369 3549 virtute
384 3496 418 3548 et
433 3486 513 3549 aliis
527 3486 722 3566 praeclaris
736 3484 804 3549 Dei
819 3485 921 3549 donis
935 3486 1093 3565 insignes
1108 3495 1222 3550 erant:
1239 3487 1404 3567 quamvis
1418 3487 1464 3550 ad

233 3596 303 3659 hoc
323 3610 433 3674 usque
458 3603 596 3673 tempus
616 3610 688 3656 non
707 3592 807 3656 multi
827 3593 873 3656 ad
891 3592 1149 3674 professionem
1174 3595 1368 3658 solemnem
1383 3611 1466 3675 qua·

233 3770 281 3808 sut
291 3769 436 3807 extremam
446 3762 601 3806 Untt10nem
612 3760 636 3805 ln
647 3761 717 3805 hisce
729 3772 815 3806 rerum
830 3762 969 3817 adiunctis,
984 3768 1010 3805 et
1024 3762 1192 3817 significando
1208 3764 1265 3817 plus
1281 3774 1338 3807 sese
1353 3762 1421 3806 scire
1435 3763 1466 3807 de

230 3847 281 3879 sua
293 3834 444 3878 infirmitate
458 3846 489 3878 ae
502 3834 549 3878 fine
563 3834 619 3889 ejus
634 3845 711 3888 quam
726 3834 843 3877 medicos:
858 3834 926 3877 sicut
940 3835 1102 3887 postmodum
1117 3835 1201 3889 patuit
1216 3846 1249 3877 ex
1264 3841 1368 3879 eventu.
1380 3835 1467 3890 Atque

235 3908 301 3950 baec
312 3907 414 3961 quidem
424 3918 487 3950 rere
497 3918 529 3949 ac
539 3906 707 3950 conformiter
722 3906 858 3950 admodum
873 3906 1017 3957 sanctitati,
1029 3907 1253 3961 circumspectioni
1269 3918 1300 3950 nc
1313 3907 1467 3961 prudentiae

236 3978 325 4023 Sancti
337 3978 423 4022 Patris
434 3978 516 4022 nostri
527 3979 553 4022 in
562 3989 626 4022 casu
636 3978 769 4031 proposito
780 3978 829 4021 dici
841 3988 916 4032 posse
928 3986 1016 4021 censet
1028 3977 1210 4022 Rivadenelra:
1221 3990 1279 4021 cum
1293 3980 1386 4032 egerit,
1397 3979 1467 4033 quid·

229 4050 296 4106 ·quid
306 4050 399 4105 potuit,
410 4058 438 4093 ut
448 4062 510 4095 suae
521 4050 673 4105 obligationi
683 4061 714 4093 ac
725 4050 855 4094 devotioni
866 4050 965 4093 faceret
976 4051 1049 4102 satis,
1060 4051 1115 4094 sine
1126 4050 1280 4093 detrimento
1290 4062 1352 4093 suae
1367 4051 1468 4095 bumili-

234 4122 307 4177 tatbt,
319 4130 345 4167 et
356 4124 513 4177 permiserit,
523 4129 551 4167 ut
562 4123 653 4167 medici
664 4122 781 4178 (quorum
791 4122 840 4165 boc
850 4129 908 4166 erat
919 4122 1038 4173 officium)
1049 4123 1170 4176 iudicium
1181 4123 1280 4166 ferrent
1295 4124 1327 4166 de
1340 4134 1388 4167 sua
1399 4122 1468 4167 iufir-

235 4195 336 4245 mitste,
346 4202 371 4238 ct
383 4201 410 4239 ut
422 4194 496 4239 ficret
505 4195 536 4247 id,
550 4195 616 4249 quod
626 4194 678 4238 illis
689 4194 849 4247 videbatur.„
860 4193 926 4238 Acta
935 4194 1105 4246 Sanctorum,
1114 4205 1201 4239 mense
1211 4194 1262 4247 Jul.
1274 4201 1292 4240 t.
1304 4202 1427 4250 umpart.
1439 4207 1467 4249 ιι,

229 4266 332 4311 comm.
343 4276 433 4321 praev.
444 4266 457 4319 ξ
467 4278 482 4309 ι.
492 4274 518 4310 et
529 4278 561 4311 ιι.

274 4339 284 4373 ¹
314 4338 401 4384 const.
413 4338 466 4381 Soc.
477 4338 544 4393 les,
555 4339 582 4384 P.
594 4349 649 4393 vur,
661 4350 717 4393 cap.
727 4350 762 4393 tv,
775 4350 798 4383 n.
811 4339 830 4392 l,
843 4338 874 4382 Α.

269 4408 283 4442 ¹
310 4409 383 4454 Haec
395 4410 516 4455 inchoata
528 4412 575 4456 fult
590 4419 650 4455 ante
665 4412 732 4455 diem
749 4413 773 4455 19
787 4410 855 4463 Junii
871 4410 932 4466 155&
947 4413 1034 4457 soluta
1049 4412 1083 4456 l.⁰
1097 4412 1256 4467 Septembris
1271 4413 1386 4468 ejusdem
1396 4412 1466 4457 anni.

227 4480 299 4527 Vide
309 4483 343 4527 ad
354 4492 409 4526 rem
419 4490 534 4527 nostram
549 4482 625 4529 Decr.
636 4496 653 4527 x
664 4492 689 4527 et
702 4496 737 4527 xv
751 4490 812 4539 pest
827 4484 995 4537 electionem:
1007 4486 1051 4529 ubi
1065 4485 1164 4529 “visum
1178 4492 1218 4528 est
1233 4496 1264 4528 ac
1277 4492 1405 4529 statutum
1421 4495 1467 4529 eas

229 4564 276 4605 (sc.
287 4552 502 4605 Constitutiones)
511 4554 597 4599 firmas
607 4563 633 4600 et
643 4564 717 4600 ratas
727 4555 860 4600 habendas
870 4568 936 4609 esse,
947 4564 973 4599 et
981 4558 1061 4601 etiam
1069 4556 1254 4611 observandas,
1263 4564 1339 4612 prout
1347 4557 1373 4600 ln
1381 4568 1467 4600 exem-

228 4625 302 4679 plari
313 4626 435 4679 originali
446 4626 474 4669 P.
484 4626 515 4669 N.
528 4626 622 4682 ignatii
633 4627 787 4681 bachentum„

272 4696 285 4729 ⁸
312 4695 370 4750 Jam
380 4707 447 4741 anno
459 4698 509 4743 idol
519 4697 573 4743 fere
584 4700 654 4743 mille
665 4705 692 4744 et
702 4699 836 4753 quingenti
847 4707 931 4745 erant.
943 4700 1010 4745 Vide
1018 4712 1105 4756 supra,
1116 4707 1135 4747 t.
1146 4712 1181 4755 tv,
1192 4714 1253 4757 pag.
1264 4702 1312 4759 476,
1323 4713 1348 4745 n.
1359 4701 1420 4746 totu.
