3642 5350
784 448 847 509 Au.
869 446 940 508 1556
1422 444 1475 508 125

249 596 473 662 auctoritatis
487 608 522 661 et
536 596 722 679 probitatis
738 613 803 660 nec
818 595 966 661 minoris
979 594 1187 676 prudentiae
1201 596 1268 675 vir,
1282 606 1316 659 et
1332 595 1392 675 qui
1404 613 1477 657 ma·

247 724 320 787 gno
336 704 464 770 affectu
480 705 663 769 charitatis
678 702 902 783 Societatem,
919 704 1066 784 Neapoli
1081 711 1115 768 et
1130 702 1263 767 Romae
1279 703 1472 783 cognitam,

250 813 539 895 amplectebatur.
559 813 604 877 Et
628 813 688 893 qui
708 812 816 876 etiam
839 812 945 875 rebus
965 812 1127 874 civilibus
1142 810 1251 893 judex
1274 810 1476 891 praefectus

250 931 327 985 erat
344 920 365 1000 ¹,
387 939 407 983 a
429 921 560 984 nostris
583 922 770 999 salutatuS,
793 920 951 999 acceptis
971 919 1008 982 P.
1024 919 1148 1001 Jacobi
1168 918 1312 999 Laynez
1336 920 1474 998 litteriS,

250 1038 349 1092 tanta
360 1028 468 1093 animi
484 1028 618 1092 laetitia
633 1045 695 1090 eas
717 1027 801 1106 legit
815 1035 854 1090 ut
868 1026 1003 1090 diceret
1016 1028 1127 1106 pluris
1140 1044 1179 1089 se
1193 1026 1311 1090 facere
1325 1043 1431 1106 quam
1446 1026 1477 1089 si

249 1153 270 1199 a
289 1135 416 1216 quovis
435 1136 596 1216 principe
618 1135 825 1215 accepisset;
850 1142 885 1197 et
905 1152 970 1214 pro
990 1133 1148 1213 reliquiis
1172 1134 1240 1213 ipsi
1258 1134 1408 1197 futuras,
1430 1132 1476 1197 Et

248 1252 320 1306 tam
337 1242 529 1307 Villanova
544 1260 650 1323 quarn
665 1242 722 1305 ille
738 1240 749 1271 ¹
765 1242 886 1305 verbis
902 1251 936 1304 et
950 1241 1055 1304 factis
1070 1258 1171 1305 suam
1191 1242 1474 1305 benevolentiam

248 1349 488 1414 ostenderunt.

308 1456 381 1520 456.
424 1458 625 1522 inviserant
650 1465 684 1520 et
704 1456 889 1519 Vicarium
913 1454 1222 1538 Archiepiscopi³,
1250 1459 1309 1537 qui
1335 1466 1477 1522 nostros

247 1582 379 1645 magna
394 1565 568 1629 charitate
583 1565 767 1644 amplexus
783 1580 891 1643 opera
906 1564 964 1644 pia
980 1561 1054 1643 ejus
1069 1564 1166 1627 urbis
1187 1564 1238 1627 eis
1253 1566 1476 1629 commenda-

248 1673 300 1735 vit
314 1682 349 1737 et
363 1673 526 1736 hortatus
547 1680 601 1735 est
619 1682 657 1735 ut
677 1689 767 1752 quae
787 1670 872 1751 ipsis
892 1672 1097 1734 necessaria
1117 1681 1234 1736 essent
1254 1672 1320 1736 sibi
1343 1672 1475 1753 signifi·

248 1789 384 1859 carent3
402 1778 565 1860 quamvis
581 1779 674 1842 enim
690 1796 803 1859 parva
825 1786 927 1858 parte
939 1795 1083 1841 suorum
1103 1778 1277 1842 redituum
1291 1778 1474 1860 Archiepi·

249 1904 379 1968 scopus
392 1887 579 1965 frueretur,
597 1883 682 1948 illud
699 1886 813 1966 ipsum
834 1902 872 1947 se
892 1886 1023 1948 nostris
1039 1886 1391 1951 communicaturum.
1410 1887 1477 1952 Ca·

248 1994 367 2058 nonici
381 2003 499 2058 autem
514 1994 613 2057 multi
632 2002 773 2081 nostros
793 1992 992 2055 inviserant
1014 2002 1048 2055 et
1064 1994 1302 2072 congratulati
1322 1994 1365 2057 de
1384 1994 1475 2075 ipso-

248 2118 327 2166 rum
341 2102 508 2181 adventu,
525 2118 665 2165 ornnem
679 2116 780 2163 suam
793 2116 937 2180 operam
950 2100 1160 2164 obtulerunt.

307 2207 378 2271 457.
422 2208 624 2291 Coeperunt
643 2208 701 2289 pia
721 2206 896 2288 quaedam
916 2207 995 2269 loca
1015 2210 1128 2272 nostri
1144 2208 1299 2272 invisere
1322 2210 1407 2273 etin
1423 2210 1475 2274 eis

247 2315 377 2380 Missas
402 2306 641 2395 celebrabant,
668 2324 703 2379 et
727 2331 894 2394 magnam
921 2314 1052 2377 famem
1077 2316 1177 2379 verbi
1207 2314 1283 2380 Dei'
1298 2316 1333 2380 in
1358 2318 1409 2381 eis
1434 2335 1476 2381 ac

247 2424 436 2505 praecipue
457 2424 494 2487 in
513 2424 740 2488 monasteriis
760 2422 998 2487 inveniebant.
1023 2421 1112 2485 Cum
1136 2433 1254 2487 autem
1280 2424 1394 2504 primo
1419 2424 1476 2487 die

247 2528 332 2610 Maji
352 2530 397 2595 ad
417 2531 641 2595 invisendum
661 2531 914 2595 monasterium
932 2528 1014 2593 gae
1034 2528 1169 2592 Mariae
1193 2530 1263 2593 duo
1288 2531 1399 2594 nostri
1422 2549 1475 2594 sa·

248 2639 411 2703 cerdotes
435 2639 594 2718 ivissent,
628 2647 771 2704 coactus
796 2638 961 2721 precibus
989 2638 1197 2701 monialium
1223 2636 1262 2700 P.
1288 2635 1477 2720 Baptista⁴

247 2746 456 2811 concionem
471 2747 565 2828 apud
580 2764 642 2810 eas
657 2747 780 2810 habuit
797 2765 878 2812 curn
892 2763 1024 2826 magna
1048 2745 1205 2825 ipsarum
1221 2747 1476 2824 consolatione,

248 2862 377 2917 etcum
392 2871 591 2918 sermonem
606 2852 680 2934 ejus
695 2853 869 2918 Dominus
883 2853 1103 2917 Licentiatus
1116 2851 1296 2917 Mercante
1309 2853 1477 2935 audisset,

244 2959 417 3041 judicavit
433 2963 614 3042 intemplo
634 2970 757 3024 nostro
778 2960 965 3025 dominicis
988 2978 1030 3024 ac
1053 2961 1153 3024 sestis
1174 2961 1297 3024 diebus
1316 2961 1477 3025 eumdem

246 3069 452 3132 concionari
467 3069 606 3148 debere;
628 3078 662 3132 et
682 3069 844 3149 quamvis
860 3069 895 3132 id
914 3068 1116 3131 Florentiae
1131 3067 1204 3130 sere
1220 3086 1283 3149 per
1299 3069 1476 3149 integrum

247 3193 379 3240 annum
393 3176 639 3256 praestitisset,
656 3193 770 3256 grave
786 3185 905 3240 tamen
921 3176 989 3257 ipsi
1012 3193 1101 3239 onus
1120 3175 1308 3239 videbatur
1326 3177 1363 3240 id
1377 3176 1479 3241 Senis

247 3294 442 3364 praestare,
464 3283 640 3364 quianon
659 3283 846 3346 videbatur
865 3283 933 3346 sibi
955 3283 1088 3346 habere
1110 3300 1191 3346 cum
1206 3301 1276 3364 quo
1299 3284 1476 3348 conferret

247 3409 313 3456 nec
326 3391 498 3456 librorum
511 3391 764 3471 supellectilem
780 3388 801 3469 ⁵,
818 3391 925 3454 immo
940 3390 1009 3454 iliis
1025 3390 1134 3453 initiis
1145 3408 1189 3452 ne
1201 3407 1386 3454 scamnum
1400 3394 1477 3472 qui·

248 3499 327 3562 dem
346 3499 407 3562 ubi
424 3515 526 3561 suam
541 3507 678 3561 vestem
698 3507 897 3578 reponeret;
919 3497 1084 3578 quamvis
1102 3497 1273 3578 paulatim
1288 3497 1378 3562 haec
1399 3499 1478 3562 sub·

248 3605 446 3670 ministrata
471 3605 623 3668 suerunt.
651 3604 720 3668 Sed
746 3605 831 3668 satis
853 3601 927 3684 jam
953 3604 997 3668 ab
1023 3605 1122 3702 initio
1148 3623 1273 3686 parum
1299 3606 1367 3669 sibi
1394 3624 1475 3670 curn

248 3711 286 3778 P.
301 3713 528 3794 Hieronymo
543 3710 555 3743 ⁰
570 3712 761 3806 convenire
778 3709 1002 3792 [videbatur].

287 3993 296 4028 ¹
325 3992 374 4038 Hic
386 3991 462 4048 inira,
472 4004 497 4036 n.
508 3991 556 4046 492,
566 3991 714 4046 appellatur
721 3990 876 4033 Alexander
884 3990 1012 4042 Alema·
1023 4003 1090 4036 num.
1101 4004 1164 4037 vcro
1174 3995 1222 4048 502,
1231 3993 1424 4038 Fordinandus
1434 3993 1476 4036 At·

247 4075 341 4118 varen·
350 4069 377 4110 et
387 4071 546 4120 postremum
557 4063 606 4107 hoc
617 4063 926 4116 nomenpraetulit,recte
937 4063 1047 4117 quidem,
1058 4070 1086 4108 ut
1098 4066 1171 4109 nobis
1181 4067 1292 4120 videtur,
1304 4065 1448 4108 orlandinl.

286 4138 297 4169 ¹
323 4137 396 4192 Seli„
407 4137 449 4194 qui
458 4137 538 4194 judex
549 4135 671 4180 civilibus
682 4135 758 4178 rebus
768 4133 917 4187 praelectus
927 4140 994 4178 erat.

285 4207 298 4240 ⁸
325 4209 445 4254 Senensis
461 4207 680 4262 archiepiscopus
697 4213 754 4250 erat
773 4206 821 4250 hoc
838 4215 953 4261 tempore
974 4206 1129 4251 Franciscus
1147 4208 1264 4253 Bandini.
1280 4209 1346 4254 Vldc
1363 4211 1395 4254 ad
1415 4223 1472 4255 eum

246 4277 340 4334 ignatii
351 4281 455 4324 litteras
464 4281 491 4323 in
502 4279 598 4324 Carras
613 4280 647 4323 de
662 4277 717 4322 San
732 4277 850 4332 Ignacio,
862 4284 880 4321 t.
891 4289 918 4332 v,
933 4289 994 4332 pag.
1010 4279 1125 4323 ata-De
1140 4280 1195 4334 ejus
1210 4279 1317 4324 Vicario
1332 4283 1394 4326 vide
1410 4283 1478 4326 inira

246 4351 354 4396 dicenda
364 4351 397 4394 ad
408 4362 432 4394 n.
441 4351 490 4395 tot.

285 4425 297 4457 Ι
324 4423 353 4468 P.
363 4423 486 4479 Baptista
499 4423 661 4469 Firmlensls.

285 4494 298 4527 ⁸
324 4495 371 4540 lis.
382 4507 430 4540 nec
439 4495 523 4540 libros
533 4507 580 4541 nec
590 4495 722 4540 librorum
732 4493 938 4549 supellectilem.

285 4565 298 4600 θ
323 4569 353 4612 Ρ.
361 4567 478 4620 Ruhiola,
488 4569 529 4624 qui
540 4568 638 4613 Rector
647 4565 756 4621 collegit
765 4578 780 4611 a
789 4567 842 4611 Sto.
854 4566 957 4622 Ignatio
968 4567 1061 4611 missus
1072 4567 1262 4612 tuerat-Vlde
1271 4568 1365 4613 Carras
1375 4570 1409 4613 de
1420 4570 1475 4613 San

247 4640 366 4697 rgnacto,
375 4647 395 4688 t.
404 4653 441 4698 vt,
451 4653 511 4697 pag.
523 4641 570 4697 222,
582 4645 668 4686 annot.
680 4641 701 4695 2,
713 4640 756 4684 ubi
767 4639 889 4684 laudatur
899 4640 981 4684 etiam
991 4639 1104 4684 studium
1117 4641 1258 4685 amicorum
1268 4639 1406 4686 Societatis
1414 4653 1478 4712 erga

248 4713 401 4770 collegium.
