3642 5350
791 410 855 468 Ax.
879 409 948 469 1556
1446 409 1484 467 37

254 555 343 618 tium
358 555 470 636 loqui;
486 565 521 618 et
541 556 624 636 quia
644 557 797 619 humana
819 556 972 636 quadam
992 555 1276 618 consideratione
1295 555 1393 636 prius
1412 573 1482 619 me-

252 663 323 726 dici
338 661 549 726 sententiam
564 661 785 726 Secretarius
800 663 998 742 intelligere
1017 663 1181 743 cupiebat
1198 679 1306 743 quam
1326 663 1370 726 ad
1392 663 1481 726 Pon·

252 768 383 833 tificem
411 770 489 848 iret,
519 770 609 833 dixit
638 768 734 833 Patri
762 769 917 850 ignatio:
949 770 1142 848 “licebitne,
1173 768 1292 847 Pater,
1322 771 1358 832 in
1386 770 1480 833 diem

252 877 450 940 crastinum
473 875 615 940 differre
636 875 771 941 aditum
791 877 837 940 ad
858 875 1041 940 Summum
1061 875 1300 956 Pontificemi,
1325 874 1483 956 Respon-

253 982 669 1061 mffmmmmm,

314 1088 366 1152 98.
411 1088 510 1153 Tunc
525 1098 667 1171 praeter
682 1089 876 1154 Doctorem
896 1089 1121 1169 Torrensem,
1144 1089 1319 1153 medicum
1337 1099 1482 1153 nostrae

253 1193 443 1260 Societatis
459 1193 479 1274 ¹,
502 1197 697 1260 accersitus
714 1197 780 1261 fuit
799 1196 863 1263 Dr.
884 1197 1100 1273 Alexander,
1121 1207 1156 1260 et
1174 1199 1224 1260 illi
1243 1197 1481 1276 significatum

253 1303 416 1384 estquod
431 1303 469 1367 P.
485 1303 645 1384 ignatius
659 1304 810 1383 dixerat,
827 1314 861 1368 et
878 1305 1020 1384 rogavit
1036 1321 1116 1367 eum
1131 1302 1351 1368 secretarius
1375 1312 1413 1366 ut
1433 1304 1483 1367 di·

253 1411 405 1492 ligenter
421 1411 557 1475 videret
572 1422 704 1475 statum
725 1411 761 1475 P.
787 1397 932 1492 Ignatii;
955 1421 989 1475 et
1011 1412 1041 1474 si
1061 1411 1175 1491 ipsum
1194 1412 1387 1492 periclitari
1403 1411 1483 1474 ‘ani-

252 1516 505 1595 madverteret,
524 1535 561 1582 se
577 1519 784 1582 admoneret
799 1529 836 1582 ut
851 1519 972 1582 statim
987 1520 1033 1582 ad
1048 1518 1254 1582 Pontificem
1269 1519 1346 1582 iret.

313 1625 365 1689 99.
408 1624 594 1704 Ingressus
609 1643 695 1705 ergo
711 1625 918 1690 Alexander
932 1626 1029 1700 nihil,
1050 1626 1143 1689 unde
1163 1638 1312 1690 mortem
1326 1625 1484 1688 vicinam

255 1731 433 1811 conjicere
458 1741 589 1812 posset,
617 1734 652 1795 in
678 1751 719 1796 eo
744 1732 991 1814 deprehendit;
1014 1744 1048 1796 et
1074 1733 1123 1797 ita
1145 1732 1344 1797 Secretario
1366 1734 1485 1796 retulit

254 1838 340 1902 nihil
359 1855 400 1900 se
419 1855 524 1918 posse
544 1839 588 1902 de
610 1840 805 1903 imminenti
827 1840 985 1919 periculo
1009 1839 1143 1918 dicere3
1168 1841 1231 1904 sed
1252 1839 1422 1921 postridie
1445 1857 1484 1900 se

254 1956 456 2022 venturum,
481 1954 516 2008 et
535 1947 660 2010 melius
682 1959 950 2028 perspecturum
975 1964 1018 2010 ac
1042 1948 1174 2010 certius
1200 1947 1483 2027 significaturum

254 2052 338 2133 quid
353 2053 398 2116 de
410 2051 523 2133 ipsius
537 2053 695 2134 periculo
710 2054 867 2116 sentiret.

318 2158 386 2222 100.
429 2159 488 2223 Sic
512 2177 599 2240 ergo
623 2161 688 2224 sub
709 2178 897 2242 vesperam
917 2178 1014 2224 more
1033 2163 1136 2225 solito
1156 2178 1278 2225 coram
1303 2159 1484 2225 familiari-

257 2268 322 2331 bus
337 2268 519 2346 coenavit;
536 2278 570 2330 et
585 2268 676 2332 inter
690 2278 831 2331 caetera
848 2269 890 2330 de
905 2269 1022 2346 domo,
1038 2286 1144 2348 quam
1160 2279 1314 2349 emptam
1329 2269 1485 2331 diximus

260 2392 282 2437 a
296 2372 379 2436 Del*
399 2374 493 2457 Julia
509 2373 681 2438 Columna
696 2375 732 2438 in
751 2391 853 2438 usum
875 2375 1025 2452 Collegii
1045 2374 1068 2453 ’,
1091 2376 1209 2455 aliqua
1232 2385 1486 2456 percunctatus

256 2493 328 2557 est,
345 2492 380 2544 et
395 2481 528 2544 relictis
543 2481 636 2561 apud
653 2499 733 2544 eum
749 2481 930 2559 ministriS,
948 2483 1007 2562 qui
1023 2482 1116 2545 soliti
1132 2491 1234 2544 erant
1245 2483 1355 2562 ipsius
1366 2499 1486 2544 neces·

257 2588 422 2651 sitatibus
437 2588 621 2665 inservire,
645 2587 731 2651 nihil
750 2584 968 2670 magnopere
982 2589 1158 2668 timentes,
1179 2588 1312 2651 caeteri
1332 2605 1485 2651 recesse-

257 2707 356 2770 runt;
374 2697 481 2760 immo
502 2705 536 2759 et
556 2695 606 2759 1111
625 2696 692 2775 ipsi
711 2696 873 2775 ministri,
899 2713 980 2759 cum
999 2695 1086 2758 nihil
1107 2696 1143 2759 in
1162 2696 1200 2759 P.
1222 2695 1360 2776 ignatio
1382 2713 1486 2777 pecu·

257 2803 345 2865 liare
361 2803 606 2880 observarent,
621 2802 845 2883 quieverunt.

322 2908 389 2972 101.
432 2908 537 2973 Mane
553 2917 670 2972 autem
686 2909 751 2971 sub
766 2926 934 2972 auroram
949 2925 1030 2972 cum
1044 2909 1171 2988 aliquis
1185 2909 1231 2973 ad
1253 2910 1291 2973 P.
1309 2908 1485 2989 ignatium

257 3034 320 3096 pro
338 3032 437 3079 more
456 3014 712 3095 ingrederetur,
737 3016 852 3095 ipsum
874 3017 1029 3109 animam
1042 3013 1116 3094 jam
1133 3027 1298 3095 agentem
1314 3014 1487 3097 quietissi-

257 3140 312 3186 me
329 3123 508 3185 observat.

321 3228 389 3292 102.
433 3228 636 3293 Accurrunt
654 3230 725 3309 alii,
741 3240 789 3308 ut,
808 3230 838 3292 si
852 3230 938 3311 quid
949 3241 1108 3311 possunt,
1126 3231 1349 3293 subveniant.
1366 3229 1488 3303 Secre-

257 3338 369 3401 tarius
384 3345 502 3400 autem
517 3336 630 3400 serius
645 3336 805 3417 credens
827 3354 934 3417 quam
953 3355 1017 3418 par
1036 3349 1124 3415 erat,
1146 3338 1265 3401 verbis
1285 3337 1322 3401 P.
1344 3337 1486 3417 Ignatii,

255 3442 464 3524 properavit
479 3443 523 3506 ad
539 3442 721 3507 Summum
734 3442 950 3519 Pontificem,
967 3444 1118 3524 quicum
1134 3460 1266 3523 magna
1281 3454 1315 3508 et
1331 3445 1487 3508 dilectio·

258 3551 313 3613 nis
328 3560 363 3613 et
378 3550 556 3613 interioris
580 3567 706 3614 sensus
727 3550 986 3630 significatione
1009 3550 1287 3615 benedictionem
1307 3550 1486 3631 Apostoli·

257 3674 339 3720 cam
365 3666 399 3721 et
426 3656 680 3735 indulgentiam
705 3658 900 3738 plenariam
923 3658 955 3719 ei
984 3668 1037 3719 est
1062 3657 1271 3738 impertitus.
1298 3655 1370 3721 Sed
1392 3667 1490 3721 ante-

258 3781 366 3844 quam
381 3764 521 3827 rediens
535 3762 757 3827 Secretarius
772 3765 948 3845 adipsum
963 3764 1002 3827 P.
1020 3764 1195 3843 ignatium
1211 3766 1423 3845 perveniret,
1441 3766 1488 3829 ad

259 3869 450 3935 Dominum
466 3872 540 3952 ipse
562 3871 815 3950 emigraverat,
839 3881 873 3933 et
895 3872 1111 3935 credendum
1132 3885 1185 3935 est
1205 3883 1367 3936 sanctum
1390 3873 1488 3936 illum

257 3996 390 4055 senem,
406 3979 466 4059 qui
481 3980 591 4041 multo
606 3978 730 4041 melius
746 3995 855 4058 quam
868 3977 997 4041 medici
1012 3997 1032 4042 a
1050 3963 1135 4042 Deo
1147 3990 1298 4043 mortem
1315 3979 1382 4042 sibi
1401 3989 1488 4043 tarn-

258 4085 318 4147 diu
333 4094 540 4166 exoptatam
556 4084 680 4147 adesse
692 4085 925 4162 intellexerat,
944 4102 984 4147 ea
1002 4097 1104 4148 nocte
1120 4095 1206 4163 tota,
1223 4104 1292 4165 qua
1311 4086 1490 4149 neminem

297 4359 307 4394 ¹
334 4360 401 4405 Erat
413 4360 441 4405 P.
452 4360 592 4405 Baithatar
602 4361 633 4404 de
643 4360 747 4414 Turres,
757 4362 800 4414 qul
814 4361 853 4404 “ln
864 4361 1001 4411 medicina,
1016 4359 1181 4415 philosophia
1191 4368 1216 4405 et
1228 4363 1420 4407 mathematlcls
1436 4374 1491 4406 ma·

257 4443 336 4486 guam
346 4432 578 4482 existimationem..
588 4442 648 4476 ante
657 4434 800 4487 ingressum
811 4433 835 4475 ln
847 4430 1004 4475 Societatem
1015 4438 1120 4476 “nactus
1128 4434 1214 4477 suerat
1223 4441 1248 4477 et
1259 4435 1407 4478 litteratum
1415 4445 1489 4488 grac·

257 4514 346 4547 carum
356 4512 414 4547 erat
425 4504 505 4548 etium
515 4505 635 4559 peritus,
647 4504 739 4557 Supra,
752 4512 769 4546 t.
781 4514 816 4553 m,
828 4514 887 4557 pag.
899 4503 947 4555 219,
956 4515 979 4545 n.
987 4504 1108 4547 tlh-Ab
1117 4504 1268 4548 0111111110
1276 4515 1370 4557 autern,
1378 4508 1426 4551 loc.
1434 4509 1492 4561 clt,

258 4586 282 4619 11
291 4576 326 4629 97,
337 4575 433 4619 dicltur
445 4576 564 4619 medicus
574 4577 670 4619 dorrrus
679 4575 845 4619 ordinarius.

299 4645 311 4678 ¹
338 4644 405 4690 Vide
416 4658 503 4701 supra.
514 4658 574 4701 pag.
586 4647 618 4700 ll,
629 4660 653 4691 n.
661 4648 696 4692 32.
