3642 5350
777 392 840 450 Au.
863 390 933 451 1556
1414 388 1468 450 tat

235 534 346 597 tensis
369 533 566 615 Episcopus
595 552 655 599 eos
681 536 908 617 permittebat
927 553 934 616 ;
968 536 1028 617 qui
1050 544 1170 599 tamen
1184 552 1266 600 cum
1280 552 1325 600 ex
1339 537 1468 600 litteris

235 630 460 723 quibusdam,
478 641 546 721 ipsi
560 658 581 705 a
597 640 634 707 P.
651 642 845 707 Paschasio
862 644 1150 722 communicatis,
1167 643 1381 723 intelligeret
1400 642 1468 707 Ro·

235 748 331 812 mani
345 746 493 829 Collegii
509 750 709 829 angustias,
727 760 867 813 centum
882 751 960 814 auri
974 759 1075 815 scuta
1091 750 1127 813 in
1142 750 1337 815 subsidium
1356 751 1465 831 misit,

236 864 271 919 ct
300 856 382 937 quia
402 855 576 936 quosdam
597 856 633 921 in
656 858 828 921 auxilium
848 857 998 938 Collegii
1017 857 1216 939 Bigliomei,
1236 866 1276 921 ut
1296 857 1467 937 dicemus,

236 963 450 1044 postulabat,
468 963 557 1026 alios
571 972 713 1027 centum
729 980 857 1027 aureos
872 964 1070 1028 transmisit
1085 963 1106 1023 ¹.

296 1068 388 1133 2071.
432 1068 488 1133 Ειι
502 1068 656 1133 venditis
671 1071 777 1133 etiam
793 1070 896 1136 bonis
909 1070 1003 1152 Mag.
1021 1070 1170 1152 Joannis
1183 1069 1341 1151 Rogerii,
1357 1072 1471 1153 quiin

236 1178 356 1241 ltaliae
380 1176 576 1257 provinciis
600 1177 815 1242 versabatur
829 1175 852 1257 ¹,
877 1178 997 1259 aliqua
1013 1177 1121 1244 etiam
1140 1178 1313 1258 pecuniae
1328 1194 1469 1242 summa

237 1283 388 1348 Romam
403 1284 511 1348 missa
527 1293 592 1348 est.

294 1390 384 1455 2072.
430 1391 517 1455 Erat
530 1392 758 1455 nihilominus
773 1392 972 1473 Episcopus
991 1393 1028 1456 in
1049 1393 1218 1457 rebusad
1237 1392 1350 1473 ipsius
1364 1393 1467 1473 spiri·

219 1510 309 1562 tum
327 1497 582 1579 pertinentibus
601 1497 990 1579 commonefaciendum
1006 1508 1041 1563 et
1060 1500 1225 1581 quamvis
1244 1516 1325 1563 cum
1348 1497 1467 1564 dexte·

235 1606 339 1669 ritate
363 1606 625 1686 procedendum
650 1624 729 1670 esse
752 1607 788 1671 in
809 1624 853 1669 ea
874 1616 977 1689 parte
996 1608 1102 1670 amici
1120 1606 1329 1685 suadebant,
1351 1605 1465 1671 donec

237 1712 483 1792 Bigliomensis
497 1711 647 1793 Collegii
671 1712 806 1777 dotatio
827 1712 1067 1794 expediretur,
1084 1712 1160 1794 jam
1180 1714 1274 1777 enim
1294 1714 1359 1777 sub
1380 1713 1468 1777 anni

236 1816 341 1899 hujus
355 1818 494 1883 initium
509 1816 532 1898 ⁸,
550 1836 642 1900 quae
657 1819 702 1883 ad
723 1818 921 1900 Collegium
935 1829 971 1884 et
988 1820 1267 1886 Universitatem
1280 1818 1377 1883 illam
1392 1838 1470 1902 per·

237 1926 411 2005 tinebant,
428 1943 509 1989 cum
524 1926 680 2007 capitulo
694 1926 918 2005 bigliomensi
933 1937 1116 1991 transacta
1136 1935 1253 2006 erant,
1276 1937 1311 1990 et
1329 1936 1469 1991 contra·

236 2044 315 2097 ctus
339 2032 539 2113 stipulatus,
566 2034 661 2115 quod
678 2042 753 2097 tota
778 2050 864 2098 cura
891 2044 926 2097 et
950 2051 1078 2099 munus
1096 2034 1190 2099 illius
1213 2033 1468 2099 Universitatis
1514 2114 1519 2122 ⁴

236 2141 368 2204 nostris
388 2140 679 2203 concredebatur.
1365 2192 1370 2201 .

294 2246 385 2311 2073.
429 2246 636 2311 Postulabat
660 2256 778 2311 autem
805 2246 1054 2327 Bigliomensis
1082 2246 1295 2329 Episcopus,
1325 2258 1471 2329 praeter

235 2355 382 2420 missum
406 2354 664 2434 Hieronymum
688 2354 851 2419 Bassium
870 2351 895 2434 ⁴,
916 2364 977 2419 aut
995 2353 1091 2436 Mag.
1112 2355 1257 2419 Petrum
1283 2354 1467 2434 Canalem,

235 2462 273 2527 P.
290 2462 488 2543 Baptistam
503 2460 692 2525 Violaeum
706 2472 740 2525 et
755 2462 844 2525 alios
859 2471 1022 2542 quatuor,
1040 2471 1077 2525 et
1090 2462 1246 2543 quinque
1259 2472 1470 2542 praecepto·

236 2587 309 2649 res,
327 2570 423 2634 illum
438 2578 476 2633 ut
492 2568 711 2633 aedificando
733 2579 839 2650 atque
864 2568 1080 2633 instituendo
1095 2569 1253 2649 Collegio
1269 2578 1468 2651 praeesset,

236 2679 301 2742 hos
316 2688 354 2742 ut
369 2677 538 2742 lectiones
552 2677 681 2742 ibidem
695 2678 919 2742 necessarias
933 2679 1190 2758 praelegerent.
1205 2678 1249 2741 Et
1264 2677 1316 2742 sic
1331 2677 1468 2742 aditum

236 2784 405 2850 Societati
419 2785 455 2849 in
471 2783 608 2850 Galliae
623 2801 774 2865 regnum
790 2786 912 2848 datum
932 2786 977 2849 iri
995 2784 1033 2848 P.
1051 2784 1267 2850 Paschasius
1285 2785 1466 2866 sperabat,

235 2902 272 2957 et
285 2892 501 2974 Episcopum
521 2891 851 2957 Claramontensem
869 2891 915 2956 ad
931 2890 1068 2971 majora
1082 2894 1298 2973 praestanda
1321 2892 1373 2956 sic
1396 2892 1469 2956 ani·

235 2997 403 3064 mondum
418 2999 600 3077 censebat,
617 3008 652 3063 et
667 2998 858 3063 dotationis
873 2997 977 3079 hujus
991 2998 1294 3079 imperfectionem
1315 3001 1465 3063 toleran-

235 3107 317 3172 dam
332 3124 427 3186 esse,
445 3107 608 3188 quamvis
623 3106 659 3170 in
674 3106 753 3170 aliis
774 3105 969 3185 provinciis
990 3105 1027 3169 id
1046 3122 1118 3169 non
1137 3105 1252 3184 fieret,
1271 3103 1467 3186 iudicabat.

295 3213 386 3280 2074.
430 3213 602 3295 Quamvis
617 3221 735 3276 autem
755 3212 792 3275 in
811 3209 1025 3276 Societatem
1049 3211 1270 3291 praedictum
1287 3213 1470 3278 Universi-

236 3324 320 3386 tatis
345 3339 472 3386 munus
491 3321 704 3384 translatum
723 3328 831 3397 esset,
856 3319 994 3382 externi
1014 3319 1241 3383 nihilominus
1260 3329 1467 3402 praecepto·

237 3447 293 3493 res
308 3445 420 3509 usque
436 3428 481 3492 ad
496 3427 625 3491 festum
640 3424 699 3489 gu
718 3425 867 3509 Joannis
882 3425 950 3488 hoc
964 3443 1059 3488 anno
1074 3426 1242 3490 conducti
1256 3435 1357 3505 sunt,
1374 3428 1470 3508 quod

237 3545 320 3600 ante
334 3537 420 3600 illud
434 3543 584 3614 tempuS,
602 3534 716 3597 nostri
730 3531 843 3596 Roma
859 3531 1031 3608 mittendi,
1044 3532 1186 3596 venturi
1198 3549 1270 3596 non
1286 3533 1468 3598 crederen-

236 3652 310 3723 tur;
327 3658 369 3706 eo
391 3649 509 3705 autem
525 3650 701 3722 tempore,
718 3637 753 3702 id
769 3646 822 3702 est
837 3639 902 3702 sub
917 3637 1023 3702 finem
1037 3637 1149 3720 Jnnii,
1166 3639 1285 3703 studia
1303 3639 1471 3719 Bigliomi

237 3750 412 3830 inchoari,
429 3745 726 3831 quemadmodum
741 3744 888 3809 Parisiis
903 3743 1004 3808 initio
1024 3743 1206 3826 Octobris,
1227 3745 1331 3809 solita
1354 3757 1467 3810 erant.

237 3857 309 3922 Illis
324 3866 441 3921 autem
457 3874 502 3919 ex
516 3854 611 3920 Urbe
626 3852 763 3932 missis,
781 3852 840 3933 qui
855 3852 1083 3932 petebantur,
1099 3851 1218 3916 dotem
1233 3852 1374 3933 collegii
1388 3852 1470 3933 Epi·

277 4137 286 4169 1
316 4135 355 4180 De
365 4133 503 4180 Gullleimo
514 4132 547 4176 dn
558 4129 629 4184 Prot.
639 4129 767 4185 Episcopo
776 4128 978 4173 claromontano
988 4127 1228 4182 (claromontanum
1235 4127 1327 4174 scribit
1337 4141 1415 4184 saepe
1426 4129 1473 4174 Po·

236 4208 305 4252 lancl
315 4206 457 4261 librarius),
468 4204 603 4249 continuus
614 4209 653 4246 eat
663 4212 749 4246 sermo
764 4201 790 4244 ln
805 4199 981 4255 Moruumrrrs,
997 4200 1040 4244 nbi
1058 4200 1089 4243 de
1106 4201 1184 4244 rebus
1195 4198 1334 4244 Societarrs
1348 4202 1374 4244 ln
1384 4199 1473 4246 Gallia

237 4279 333 4334 agitur.
344 4277 411 4323 Vide
424 4277 504 4322 etiam
512 4275 593 4330 Ριιιιτ,
604 4273 786 4324 memorres...,
801 4283 864 4327 pag.
873 4271 971 4324 atomi,
985 4271 1114 4327 Μ331.;
1131 4271 1271 4316 Cariasde
1285 4271 1341 4316 San
1353 4272 1474 4326 lgnaear,

236 4357 291 4404 nv,
318 4363 334 4395 a
355 4349 419 4402 ,406Ι
429 4349 478 4392 321,

277 4423 290 4456 ¹
301 4362 355 4467 t,Dee
365 4433 396 4466 co
407 4422 504 4465 dictum
514 4425 555 4464 est
565 4429 654 4472 supra,
669 4423 688 4460 t.
700 4426 739 4469 ιιι,
753 4425 814 4470 pag.
824 4415 846 4469 9,
857 4427 882 4459 ιι.
897 4415 919 4468 8;
928 4426 988 4471 pag.
998 4414 1034 4466 25,
1046 4426 1070 4460 ιι.
1080 4416 1115 4463 89.
1129 4415 1172 4460 ubl
1182 4415 1216 4460 ad
1231 4415 1407 4461 sacerdotium
1415 4427 1475 4473 pro·

237 4501 334 4540 motum
342 4495 415 4538 iilum
427 4493 506 4537 luisse
516 4490 648 4544 scribitur,
658 4499 719 4543 pag.
732 4487 778 4539 199,
788 4485 836 4538 200,
848 4497 873 4530 n.
882 4486 933 4538 tao,
944 4487 993 4540 ⁴²&
1004 4497 1068 4541 pag.
1077 4487 1127 4540 215,
1137 4498 1166 4531 n.
1174 4487 1224 4531 ⁴6⁶.

279 4567 291 4599 ⁸
319 4565 373 4609 Sub
384 4566 453 4608 anai
462 4563 544 4619 liujus
559 4562 669 4606 initium
680 4559 809 4603 Polancus
818 4569 896 4602 manu
906 4558 1014 4614 propria
1023 4560 1185 4604 emendavit.

279 4639 291 4672 ⁴
317 4636 385 4681 Vide
394 4647 482 4691 supra,
492 4643 511 4679 t.
522 4647 546 4678 v.
554 4633 671 4688 pugeio,
680 4643 703 4678 n.
712 4631 795 4685 didm
803 4629 920 4686 paam
928 4630 1010 4685 ιι.091;
1018 4637 1043 4675 et
1057 4630 1138 4676 lnboc
1146 4631 1284 4688 volumine,
1294 4631 1396 4689 paam,
1404 4645 1430 4678 ιι.
1438 4633 1474 4678 77.

389 4725 427 4783 Τ.
448 4741 490 4782 ιι.
1263 4737 1293 4793 3¹
