3642 5350
807 404 873 463 Au.
894 402 965 464 1556
1446 403 1501 464 639

267 547 519 628 collegialium,
535 547 772 628 quadraginta
784 565 913 612 aureos
925 547 1075 626 singulis
1087 546 1321 628 designando,
1336 547 1381 612 ad
1393 549 1500 613 trium
1549 631 1553 644 ·

213 727 218 735 ¹
267 653 415 717 millium
429 664 464 718 et
475 653 707 718 ducentorum
721 651 922 736 [summam]
936 654 1075 717 mittere
1087 651 1125 717 P.
1138 653 1356 719 Franciscus
1372 656 1501 720 consti·

269 768 397 826 tuerat.

328 866 420 930 2747.
464 866 502 929 Ρ.
524 867 772 947 Bustamante,
806 868 1041 934 Prouincialis
1071 867 1255 948 Baeticae,
1288 869 1501 950 quingentos

269 975 379 1038 etiam
394 990 525 1038 aureos
541 975 577 1038 in
597 975 793 1039 subsidium
812 975 908 1040 misit
922 991 930 1055 ;
953 995 998 1040 ex
1020 975 1206 1041 Lusitania
1221 976 1503 1058 quadringentos
1520 1037 1522 1042 .

269 1081 484 1161 obtulerunt;
497 1090 532 1144 et
546 1081 606 1160 ita,
623 1082 767 1145 vivente
779 1082 895 1146 adhuc
906 1082 946 1147 P.
958 1083 1108 1164 ignatio,
1126 1084 1184 1146 vel
1199 1083 1307 1148 missa
1328 1083 1398 1147 suit
1409 1100 1502 1146 surn-

271 1204 330 1251 ma
344 1186 528 1267 praedicta
544 1205 609 1252 sex
633 1189 781 1252 millium
796 1188 1027 1268 ducatorum,
1045 1192 1103 1254 vel
1120 1201 1215 1254 certe
1230 1191 1323 1254 ratio
1334 1189 1409 1270 J'arn
1425 1200 1503 1255 erat

267 1293 376 1372 inita;
392 1302 427 1357 et
439 1303 629 1374 antequam
641 1295 928 1374 proficisceretur
944 1297 981 1360 in
996 1305 1166 1360 autumno
1183 1295 1334 1360 Romam
1352 1295 1360 1328 ¹
1376 1296 1415 1361 P.
1434 1296 1502 1361 Na-

269 1401 364 1480 talis,
381 1410 455 1465 tota
470 1418 609 1465 summa
624 1403 836 1466 transmissa
852 1403 931 1482 fuit,
954 1413 1097 1484 praeter
1118 1404 1212 1467 mille
1234 1421 1362 1468 aureos
1377 1404 1503 1486 Esqui-

271 1508 422 1572 lacensis
450 1507 631 1589 Episcopi,
661 1527 751 1590 quos
779 1508 933 1574 diximus
958 1509 1120 1574 aedilicio
1146 1509 1304 1574 fabricae
1332 1528 1503 1576 romanae

272 1615 383 1678 inisse
398 1615 596 1696 deputatos.

331 1721 423 1784 2748.
466 1723 514 1787 Ut
533 1732 654 1786 autem
674 1723 895 1787 minueretur
917 1721 1105 1788 difficultas
1125 1724 1285 1788 mittendi
1307 1724 1503 1788 subsidium

273 1846 432 1892 annuum
450 1829 689 1910 praedictum,
706 1829 935 1894 existimabat
948 1829 985 1893 P.
1008 1829 1147 1894 Natalis
1162 1831 1331 1911 expedire
1346 1840 1384 1894 ut
1404 1831 1503 1894 Patri

273 1933 395 1998 Araoz
408 1936 674 2017 praeciperetur
690 1945 728 2001 ut
741 1938 835 2000 hanc
856 1953 981 2000 curam
1000 1938 1215 2018 susciperet;
1235 1956 1301 2001 nec
1323 1955 1449 2018 parum
1464 1955 1503 2000 se

273 2059 489 2124 propensum
500 2043 690 2106 exhibebat
713 2043 759 2107 ad
777 2041 980 2122 hujusmodi
1001 2045 1169 2124 negotia;
1197 2053 1231 2108 et
1254 2044 1285 2108 si
1304 2045 1372 2125 ipsi
1397 2043 1504 2108 conii·
1530 2077 1534 2084 -

274 2148 399 2214 denter
424 2151 716 2230 committeretur,
733 2149 937 2230 diligentius
951 2152 1019 2215 hoc
1034 2168 1163 2216 munus
1188 2153 1304 2233 ipsum
1326 2152 1504 2217 obiturum

274 2273 353 2320 esse
369 2257 592 2320 credebatur.
609 2256 712 2337 Quod
727 2267 845 2322 autem
860 2259 1056 2338 assignatio
1071 2259 1217 2323 subsidii
1232 2259 1339 2323 trium
1356 2258 1503 2323 millium

270 2374 308 2427 et
322 2374 573 2429 sexcentorum
587 2364 808 2442 ducatorum,
825 2365 861 2428 in
875 2365 982 2428 rebus
1003 2383 1075 2428 non
1095 2365 1285 2429 admodum
1302 2365 1414 2430 firmis
1436 2366 1505 2428 sita

273 2478 367 2549 erat,
388 2470 451 2533 vix
469 2487 639 2550 umquam
659 2480 739 2551 post
761 2479 913 2534 mortem
930 2470 969 2534 Ρ.
992 2471 1122 2551 Ignatii
1143 2491 1185 2535 ea
1201 2489 1339 2536 summa
1364 2473 1505 2552 integra

274 2578 383 2641 missa
398 2578 475 2641 suit.
492 2578 623 2642 Multos
638 2586 757 2641 tamen
772 2595 885 2642 annos
902 2578 996 2642 mille
1011 2589 1045 2644 et
1057 2580 1208 2660 amplius
1224 2579 1355 2658 ducati,
1365 2596 1411 2643 ex
1424 2597 1506 2643 con·

273 2685 436 2749 cessione
453 2683 679 2765 Imperatoris
699 2686 745 2750 ad
759 2686 1037 2767 quinquennium
1057 2695 1092 2750 et
1111 2688 1377 2767 prorogationis
1395 2686 1506 2766 Regis

275 2791 428 2872 Philippi
443 2790 489 2854 ad
503 2791 599 2855 aliud
618 2792 907 2872 quinquennium,
925 2792 1074 2856 Romam
1091 2805 1282 2871 venerunt,
1300 2794 1411 2857 etalii
1430 2793 1505 2856 fere

275 2899 427 2962 trecenti
452 2916 474 2961 a
499 2896 599 2961 Duce
621 2897 784 2962 Gandiae
808 2899 930 2977 missi;
957 2900 1049 2965 aliae
1074 2900 1336 2979 assignationes
1361 2900 1506 2963 nonita

275 3016 547 3084 successerunt;
573 3016 607 3069 et
621 3023 698 3069 rem
712 3023 861 3086 prorsus
881 3007 992 3071 fuisse
1017 3008 1104 3071 satis
1127 3008 1320 3071 violentam
1342 3008 1506 3088 apparuit

275 3114 445 3194 temporis
459 3129 628 3176 successu
643 3112 842 3177 evidentius
855 3130 863 3191 ;
887 3124 923 3177 et
938 3114 1080 3177 omnino
1092 3114 1204 3177 tribus
1219 3115 1333 3188 annis,
1357 3114 1505 3189 scilicet,

274 3237 298 3282 a
316 3220 357 3282 54
377 3236 487 3300 usque
502 3217 548 3281 ad
568 3218 674 3283 finem
688 3218 741 3299 56,
773 3274 800 3316 ,2
828 3220 1039 3284 ducatorum
1054 3238 1099 3284 ex
1111 3220 1284 3301 Hispania
1297 3221 1343 3285 ad
1357 3220 1508 3301 Collegii

274 3326 472 3391 subsidium
491 3327 601 3390 missa
626 3326 785 3405 suerunt,
802 3336 943 3408 praeter
964 3327 1184 3391 cambiorum
1203 3345 1398 3408 expensaS,
1415 3345 1507 3408 quae

276 3450 411 3513 graves
426 3433 617 3497 admodum
631 3443 745 3497 erant.

336 3540 428 3604 2749.
472 3540 561 3604 Cum
576 3542 814 3621 alloqueretur
830 3540 867 3603 P.
885 3539 1023 3604 Natalis
1041 3540 1242 3620 Principem
1263 3542 1457 3624 Joannam,
1474 3550 1509 3603 et

275 3664 357 3711 eam
369 3648 596 3711 vehementer
608 3657 823 3713 commotam
835 3648 984 3726 videret,
999 3648 1093 3730 quod
1105 3649 1336 3713 intellexisset
1348 3647 1386 3711 P.
1400 3648 1509 3711 Fran·

279 3755 414 3819 ciscum
429 3756 465 3819 in
482 3755 651 3833 Angliam
665 3756 875 3819 mittendum
895 3772 991 3835 esse;
1017 3773 1088 3818 non
1112 3758 1227 3819 solum
1250 3756 1407 3837 placavit
1430 3771 1509 3818 eam

279 3862 411 3938 verbis
424 3871 458 3925 et
471 3863 608 3941 litteriS,
622 3862 764 3926 cuidam
778 3863 1032 3943 subscriptioni
1043 3860 1081 3926 P.
1094 3862 1224 3942 Ignatii
1246 3863 1509 3943 superscriptis;

278 3969 342 4032 sed
357 3986 438 4033 cum
453 3986 585 4049 magna
600 3970 842 4033 consolatione
857 3969 1012 4051 reliquit;
1032 3980 1067 4034 et
1083 3966 1198 4051 [hujus
1210 3969 1262 4034 rei
1278 3971 1419 4051 signum
1431 3966 1509 4050 suit]

279 4076 374 4157 quod
389 4079 537 4140 multum
559 4094 597 4140 se
612 4077 741 4141 debere
759 4077 932 4141 fateretur
951 4078 990 4141 Ρ.
1012 4076 1163 4159 ignatio,
1187 4078 1284 4159 quod
1298 4080 1374 4142 sine
1399 4078 1511 4158 ipsius

246 4168 249 4173 ¹
278 4201 456 4248 consensu
471 4186 580 4247 nollet
595 4183 636 4247 P.
654 4184 886 4250 Franciscum
901 4204 947 4249 ex
962 4185 1137 4266 Hispania
1152 4185 1222 4249 alio
1239 4185 1330 4249 mitti
1342 4184 1365 4249 ².

337 4291 428 4355 2750.
473 4291 527 4356 De
551 4291 770 4373 profectione
795 4306 914 4357 autem
939 4293 977 4357 P.
1004 4293 1126 4357 Araoz
1152 4293 1197 4357 ad
1222 4294 1383 4357 eamdem
1403 4292 1513 4371 Regis

320 4572 328 4603 ¹
357 4570 402 4615 Ma.
413 4570 507 4615 Roma.
518 4570 568 4615 Sed
579 4570 640 4614 vide
650 4569 728 4625 inira,
738 4582 763 4617 n.
775 4571 838 4615 alat.

324 4644 336 4675 ¹
363 4642 431 4686 Vide
441 4653 565 4698 capram.
579 4642 643 4687 2708.
