3642 5350
823 436 888 497 Αιι.
909 434 981 499 1556
1464 440 1521 505 325

287 578 408 661 aliquo
423 579 575 662 collegio
601 578 790 647 societatis
805 584 1008 665 deponeret,
1032 583 1145 650 donec
1165 587 1247 651 inde
1271 587 1316 651 ad
1338 589 1456 653 iocum
1474 590 1519 653 ab

286 688 364 769 ipso
379 686 503 769 Rege¹
524 689 738 755 destinatum
757 689 995 770 delementum
1012 703 1046 757 et
1066 695 1230 775 quamvis
1252 712 1361 775 aegre
1382 695 1518 761 serebat

287 793 325 859 P.
341 795 577 861 Provinciaiis
591 797 802 879 Pro-regem
817 807 852 863 et
867 798 942 881 eius
957 798 1066 865 filiam
1080 802 1116 865 in
1131 802 1199 866 hac
1211 784 1401 867 afflictione
1416 804 1517 869 relin·

287 919 406 985 quere,
423 906 517 969 serio
533 915 652 970 tamen
667 905 711 971 de
724 907 943 988 proiectione
959 909 1153 989 cogitabat.

349 1011 438 1077 1326.
481 1010 551 1079 Sed
566 1013 707 1078 interim
721 1014 859 1078 litteras
878 1016 1016 1098 accepit
1037 1017 1130 1097 quod
1150 1016 1225 1097 ejus
1244 1034 1347 1082 soror
1360 1019 1439 1083 viro
1454 1038 1518 1085 nu-

284 1119 367 1185 bere
383 1121 536 1202 voIebat,
550 1130 585 1185 et
599 1123 797 1202 paulopost
811 1122 906 1205 quod
921 1132 1091 1204 nupserat
1105 1132 1139 1188 et
1151 1126 1270 1189 omnia
1285 1125 1391 1206 bona,
1407 1128 1515 1193 etiam

284 1244 376 1309 quae
391 1229 436 1293 ad
452 1227 601 1309 Collegii
615 1227 626 1259 ¹
642 1228 859 1295 dotationem
880 1240 983 1295 erant
1002 1230 1189 1310 destinata,
1212 1243 1464 1314 occupaverat;
1480 1245 1516 1300 et

284 1334 334 1402 ita
344 1333 388 1400 de
399 1354 465 1400 sua
476 1336 512 1400 in
527 1336 739 1418 Hispaniam
749 1336 969 1418 proiectione
981 1339 1097 1402 minus
1109 1339 1280 1404 sollicitus
1291 1358 1369 1404 esse
1381 1343 1511 1424 coepit,

283 1443 568 1526 quandoquidem
579 1461 646 1509 nec
661 1444 706 1509 ad
721 1461 913 1527 personam
926 1445 1060 1510 sororis
1075 1445 1268 1525 iuvandam
1284 1465 1350 1513 nec
1364 1448 1411 1512 ad
1421 1449 1514 1515 bona

284 1552 530 1633 recuperanda
545 1569 647 1617 suam
660 1554 900 1634 praesentiam
915 1570 993 1618 esse
1012 1556 1252 1619 necessariam
1274 1556 1512 1640 existimabat;

283 1676 366 1725 nam
386 1658 464 1741 J'ure
482 1659 663 1742 agendum
681 1670 769 1742 erat,
786 1670 821 1725 et
842 1662 941 1743 prius
956 1660 1163 1745 [indigebat]
1177 1661 1362 1744 facultate,
1380 1684 1401 1728 a
1416 1664 1514 1746 Rege

283 1776 444 1851 accepta,
469 1769 761 1848 amortizationiS,
788 1786 895 1851 quam
917 1780 1060 1850 vocant,
1084 1787 1154 1850 qua
1174 1780 1295 1851 posset
1315 1771 1513 1853 Collegium

283 1875 458 1941 bonorum
473 1876 653 1941 stabilium
668 1894 785 1959 capax
800 1894 889 1941 esse.

345 1982 432 2049 1327.
475 1982 571 2048 Nihil
595 1984 712 2049 sorori
736 1984 1011 2049 condonandum
1037 2002 1115 2049 esse
1140 1985 1319 2069 censebat,
1348 1988 1411 2053 sed
1434 1989 1512 2070 ipsa

281 2091 334 2155 sic
347 2109 386 2157 se
407 2093 530 2173 gessit,
553 2100 591 2157 ut
619 2094 748 2158 multos
773 2110 887 2157 annos
910 2093 1093 2173 negotium
1110 2093 1305 2159 lacesseret
1328 2093 1510 2178 Societati,

279 2198 389 2264 etiam
399 2199 436 2265 in
452 2201 698 2282 recuperanda
713 2201 794 2265 dote
809 2209 984 2281 matema,
1000 2218 1107 2282 quam
1121 2200 1160 2265 P.
1176 2202 1416 2285 Hieronymus
1430 2213 1512 2270 ante

282 2306 540 2390 professionem
555 2306 725 2372 Societati
739 2308 895 2372 dederat.

342 2412 431 2479 1328.
475 2414 628 2496 Quidam
649 2416 818 2479 sacerdos
841 2418 1081 2481 messanensis
1106 2415 1127 2497 ⁸,
1154 2417 1296 2482 nomine
1320 2418 1507 2501 Martinus,

193 2550 199 2559 ·
280 2522 424 2587 natione
443 2524 559 2603 gallus
581 2520 605 2602 ⁴,
626 2532 661 2587 et
679 2522 831 2587 Michaei
850 2522 939 2603 Spes
964 2541 1045 2588 cum
1066 2525 1208 2613 ignatio
1229 2524 1446 2608 Florentino,
1464 2545 1509 2591 ex

280 2628 399 2696 Sicilia
411 2630 487 2696 sine
498 2629 668 2695 facultate
680 2627 878 2712 Superioris
891 2631 1109 2712 recedentes,
1122 2642 1202 2714 post
1214 2632 1358 2714 aliquod
1370 2641 1509 2717 tempus

278 2737 364 2804 sacti
378 2739 609 2818 poenitentes
632 2739 669 2802 in
687 2735 845 2803 Siciliam
868 2738 915 2802 ad
934 2736 1148 2804 Societatem
1167 2740 1359 2819 redierunt3
1380 2749 1415 2805 et
1434 2743 1508 2824 qui·

280 2846 360 2910 dem
374 2845 413 2911 P.
433 2845 609 2912 Martinus
629 2844 868 2911 confessarius
890 2854 979 2924 erat,
995 2864 1099 2939 quem
1115 2848 1216 2912 multi
1229 2848 1468 2929 sequebantur
1484 2848 1507 2928 ³3

279 2952 342 3018 sed
356 2954 406 3018 ita
420 2971 458 3017 se
474 2953 587 3034 gessit
601 2963 674 3018 tam
695 2953 752 3017 ille
772 2969 878 3034 quam
897 2953 1050 3018 Michael
1070 2953 1170 3036 Spes,
1190 2965 1229 3019 ut
1247 2972 1374 3036 parum
1389 2956 1507 3021 admo·

273 3061 362 3128 dum
382 3061 638 3127 aedificationis
657 3061 896 3142 praebuerint.
917 3061 963 3124 Et
982 3063 1121 3126 demum
1147 3079 1316 3130 successu
1336 3065 1506 3146 temporis

278 3178 426 3250 uterque
441 3187 486 3234 ex
500 3167 677 3234 Societate
692 3168 757 3233 iuit
772 3167 1012 3234 dimittendus.

279 3331 491 3346 ”-

276 3412 383 3468 ligiiola,
395 3417 493 3468 quanto
503 3411 556 3457 Sua
566 3412 721 3457 Ecceiienza
734 3411 858 3456 ordinare
869 3413 902 3456 tia
912 3423 961 3456 aua
970 3417 1046 3467 parte
1062 3415 1125 3457 sara
1134 3413 1230 3467 iatto.„
1241 3413 1379 3467 Polaticus,
1389 3424 1423 3457 ex
1432 3424 1508 3466 corn„

276 3484 350 3530 Patri
360 3484 518 3539 Hieronymo
529 3483 684 3539 Domenecb,
694 3483 742 3528 23.Ι
755 3483 833 3537 Junil.
845 3483 950 3528 Nullam
967 3491 1054 3528 autem
1064 3483 1171 3538 Joannis
1181 3484 1212 3528 rie
1223 3484 1300 3540 Vega
1315 3484 1396 3530 filiam
1411 3486 1437 3529 in
1447 3484 1510 3530 Siei-

275 3556 312 3602 lla
321 3557 415 3602 obilaae
426 3567 591 3612 noveramus,
601 3557 646 3601 aed
657 3556 744 3610 iillum,
756 3564 782 3601 et
793 3557 895 3611 quidem
909 3556 1120 3611 primogenitum.
1130 3555 1332 3601 Ferdiuandum·
1340 3557 1408 3601 Vide
1418 3567 1506 3611 supra,

276 3633 295 3674 t.
306 3639 334 3683 ιι,
345 3640 405 3684 pag.
414 3629 450 3680 51,
460 3640 485 3672 ιι.
499 3628 614 3674 loz-Ad
629 3640 744 3674 errorem
759 3637 848 3674 autem
863 3629 1000 3673 vitandum
1010 3636 1115 3683 oportet
1129 3637 1158 3673 ut
1169 3631 1253 3673 lector
1267 3630 1393 3674 memoria
1409 3635 1507 3682 teneat,

274 3709 333 3756 poet
349 3702 515 3756 primogeniti
533 3702 643 3754 obitum,
661 3702 773 3746 secundo
790 3702 921 3756 genitum,
939 3701 1055 3756 seilicet.
1073 3702 1215 3754 Atratum,
1235 3712 1328 3746 nomen
1346 3699 1507 3745 Ferdinandi

274 3774 453 3828 aaaumpaiaae,
465 3779 491 3819 et
501 3775 568 3818 bunc
579 3785 644 3827 ease,
656 3775 745 3829 dequo
754 3776 800 3817 rub
811 3775 859 3818 boc
871 3773 972 3818 nomine
981 3772 1140 3817 Ferdlnandi
1150 3784 1236 3818 sermo
1247 3773 1275 3818 iit
1286 3774 1312 3817 ln
1321 3775 1371 3817 boe
1380 3772 1508 3817 Chronico

275 3852 333 3900 poet
343 3847 464 3890 volumen
474 3846 622 3892 secundnm.
633 3845 701 3890 Vide
712 3845 809 3890 cartas
820 3847 854 3890 de
866 3846 922 3890 San
934 3845 1053 3900 innecto,
1063 3852 1082 3889 t.
1094 3856 1129 3898 vr,
1140 3857 1200 3900 pag.
1213 3847 1245 3895 11,
1257 3853 1346 3890 annot.
1355 3845 1378 3890 3.

315 3917 324 3949 ¹
353 3915 404 3970 Sic;
420 3919 582 3972 auspicamur
598 3923 687 3962 tamen
702 3929 752 3962 non
767 3918 896 3962 immerito
912 3917 1078 3962 scribendum
1095 3917 1228 3970 Prorege.
1243 3916 1297 3970 Quo
1314 3915 1382 3960 enlm
1397 3916 1455 3970 lure
1472 3915 1506 3960 ad

274 3987 376 4044 Regem
386 3997 506 4046 apeetare
516 3995 620 4045 poterat
632 3989 681 4034 loci
693 3990 847 4045 designatio,
858 3990 884 4034 in
895 4002 944 4046 qno
955 3990 1021 4034 haec
1030 4000 1141 4044 corpora
1152 3989 1256 4034 tandem
1266 3989 1450 4044 sepelirentur?

316 4061 328 4094 ¹
355 4060 489 4107 Valentini
505 4063 531 4106 in
548 4061 685 4118 Hispania.
699 4061 766 4107 Vide
784 4073 872 4118 supra,
890 4069 909 4107 t.
927 4074 944 4117 ι,
960 4073 1020 4117 pag.
1036 4062 1083 4116 tta,
1101 4073 1125 4107 n.
1142 4062 1177 4117 86,
1197 4062 1337 4118 praecipue
1355 4071 1427 4116 vero,
1444 4066 1464 4105 t.
1480 4071 1507 4113 ιι,

277 4133 397 4191 pamfloi,
413 4134 496 4178 naas.

315 4204 328 4238 ³
355 4205 411 4251 Hoc
422 4212 470 4259 eat,
481 4217 531 4251 non
540 4205 675 4251 lieaaanae
686 4213 767 4259 ortua,
777 4206 824 4251 sed
834 4206 859 4250 in
871 4205 988 4260 collegio
998 4204 1155 4250 Messanensl
1167 4206 1271 4260 degens.

315 4279 329 4312 ⁴
354 4277 482 4322 Martinus
491 4277 575 4323 biara?
585 4277 652 4323 Vide
663 4289 751 4334 aupra,
762 4285 781 4323 t.
792 4289 828 4333 tv,
839 4289 899 4333 pag.
912 4279 959 4332 199,
970 4291 995 4322 n.
1004 4277 1052 4326 432.
1062 4285 1149 4322 annot.
1159 4278 1181 4321 8.

315 4347 327 4382 Ι
355 4349 429 4395 Hune
438 4350 568 4406 scrupulis
578 4351 671 4395 vexari
682 4353 862 4396 arbitrabatur
876 4352 932 4407 eiua
942 4350 1037 4394 Rector
1047 4349 1215 4394 Eleutherion
1226 4349 1367 4405 Pantanus,
1377 4355 1406 4394 nt
1417 4351 1507 4395 videre

275 4429 315 4468 eat
327 4423 352 4466 lu
363 4421 467 4474 litteris,
479 4433 543 4478 quaa
553 4422 587 4467 ari
598 4423 682 4477 ipsum
693 4423 719 4468 Ρ.
729 4422 870 4468 Martinam
879 4422 994 4478 scripsit,
1006 4433 1041 4466 ea·
1050 4433 1127 4474 com„
1135 4423 1271 4475 Poiancua,
1287 4421 1338 4466 w
1348 4421 1505 4474 ,iunii-Ro·

275 4505 344 4540 mam
358 4496 431 4540 venit
447 4506 533 4540 menae
548 4494 622 4549 Junio
637 4497 684 4540 aab
701 4495 783 4550 linem,
794 4496 840 4540 aed
854 4495 961 4540 ai’atre
977 4495 1079 4550 ignatio
1096 4496 1164 4540 domi
1180 4495 1310 4540 admissus
1328 4503 1379 4538 non
1393 4500 1470 4539 estet
1482 4498 1508 4538 tn

276 4565 392 4612 Siciliam
402 4569 500 4622 ubsque
511 4566 609 4612 viatico
623 4568 755 4623 remissus,
765 4574 794 4613 ut
806 4569 849 4618 ibi,
864 4567 886 4612 ai
902 4566 975 4612 Patri
991 4567 1151 4612 Provinciali
1166 4567 1251 4611 visum
1266 4566 1354 4621 inerit,
1370 4566 1404 4611 ad
1420 4567 1507 4621 poeai-

275 4639 385 4684 tentiam
399 4637 647 4685 admitteretur.1ta
664 4640 689 4685 in
704 4639 818 4694 Poinoi,
835 4649 868 4686 ert
883 4640 1068 4693 com.,litteria
1086 4639 1161 4684 Patri
1177 4638 1335 4696 Hieronymo
1349 4637 1507 4692 Domenech,

278 4707 329 4756 ³05
338 4709 416 4766 Jnnli,
425 4716 452 4756 et
463 4709 512 4756 ii.⁸
521 4709 593 4764 Julii.
