3642 5350
793 425 859 484 Aa.
880 424 951 484 1556
1435 419 1492 478 619

321 566 413 631 2667.
456 567 581 632 Altera
597 568 643 631 ad
658 568 942 649 desperationem
958 569 1065 633 etiam
1078 568 1306 632 vehementer
1324 566 1488 644 impulsa,

253 691 320 756 per
335 675 497 739 eumdem
513 674 688 739 Patrema
704 675 858 740 Domino
869 676 1019 741 liberata
1031 687 1096 740 est.
1110 675 1154 740 Et
1165 675 1308 756 quidam
1319 661 1493 736 sacerdos

256 781 393 863 laqueis
418 782 605 847 daemonis
627 782 857 847 vehementer
880 783 1054 860 irretitus,
1082 781 1158 846 sine
1186 781 1427 846 consolatione
1454 787 1490 842 et

256 889 433 971 spirituali
446 890 603 954 remedio
617 907 689 954 non
703 891 863 955 recessit.
884 889 943 954 Ad
963 891 1228 969 aegrotantium
1246 888 1492 954 confessiones

261 996 468 1076 audiendas
485 1005 519 1060 et
534 997 727 1062 morituros
738 995 930 1076 juvandoS,
947 1006 981 1060 et
997 997 1066 1062 alia
1078 994 1278 1077 huiusmodi
1292 993 1490 1060 ministeria

258 1104 470 1184 vocabatur;
487 1112 521 1167 et
540 1103 632 1168 inter
646 1121 708 1168 eos
722 1105 783 1184 qui
802 1103 899 1168 domi
917 1115 1064 1168 nostrae
1085 1103 1358 1178 confitebantur,
1383 1101 1491 1182 aliqui

261 1211 493 1275 vehementer
507 1211 544 1274 in
559 1210 686 1291 spiritu
701 1210 945 1290 proficiebant,
962 1221 996 1276 et
1011 1211 1156 1292 puritati
1171 1211 1289 1274 cordis
1303 1208 1495 1288 diligenter

258 1317 461 1382 studebant.

317 1423 409 1488 2668.
452 1424 575 1506 Aliqui
599 1425 707 1489 etiam
732 1425 778 1489 ad
798 1424 988 1490 Societatis
1009 1425 1210 1489 institutum
1235 1424 1491 1498 afficiebantur,

257 1533 318 1611 qui
349 1531 395 1595 ad
422 1532 555 1596 bonum
586 1535 810 1614 propositum
836 1532 1084 1613 exequendum
1110 1533 1238 1597 ostium
1267 1532 1334 1596 sibi
1362 1529 1494 1612 aperiri

258 1639 511 1720 expectabant.

318 1745 412 1809 2669.
454 1744 634 1811 lnvisebat
658 1748 798 1828 aliquos
828 1748 925 1811 viros
947 1748 1137 1828 primarios
1161 1747 1168 1779 ¹
1189 1746 1265 1828 eJ‘us
1279 1747 1388 1823 urbiS,
1412 1760 1493 1808 cum

259 1853 388 1935 quibus
408 1852 453 1917 de
474 1855 530 1918 bis
551 1855 694 1934 agebat,
717 1872 810 1936 quae
834 1853 880 1918 ad
901 1855 1012 1919 animi
1034 1855 1229 1936 profectum
1253 1852 1492 1935 pertinebant.

260 1959 350 2025 Cum
374 1970 494 2025 autem
508 1961 725 2042 Episcopum
740 1962 928 2041 inviseret,
944 1979 1017 2027 non
1031 1963 1246 2026 mediocrem
1266 1961 1324 2024 ille
1342 1960 1494 2022 benevo-

226 2065 231 2079 ‘
258 2067 404 2131 lentiam
415 2083 503 2148 erga
520 2066 736 2133 Societatem
749 2078 910 2132 nostram
926 2069 1080 2133 ostendit
1090 2067 1114 2147 ²;
1130 2078 1261 2132 etcum
1276 2069 1402 2131 domus
1417 2063 1496 2129 Col·

258 2174 344 2254 legii
363 2174 552 2238 aedificata
574 2184 685 2255 esset,
705 2193 744 2239 se
765 2175 878 2239 tribus
897 2176 982 2239 anni
1001 2175 1180 2239 mensibus
1199 2193 1241 2238 eo
1261 2174 1496 2255 migraturum

259 2278 439 2364 [dicebat],
457 2290 495 2345 ut
511 2299 592 2346 cum
608 2283 740 2346 nostris
760 2282 796 2344 in
811 2282 970 2362 ipsorum
989 2281 1179 2347 refectorio
1200 2281 1317 2346 cibum
1340 2287 1497 2359 caperet.

317 2386 411 2454 2670.
453 2388 615 2453 Noverat
628 2390 687 2453 ille
702 2388 864 2452 Tridenti
880 2388 917 2452 Ρ.
934 2389 1108 2472 Jacobum
1122 2388 1268 2470 Laynez
1287 2396 1323 2452 et
1340 2385 1501 2466 Alphon·

258 2511 338 2559 sum
352 2493 610 2560 Salmeronem:
627 2505 661 2560 et
675 2495 865 2577 magnifice
880 2495 924 2558 de
940 2497 1097 2576 ipsorum
1109 2496 1215 2560 rebus
1226 2494 1447 2576 loquebatur,
1461 2501 1497 2556 et

259 2602 304 2666 de
319 2600 509 2667 Societatis
523 2603 773 2684 progressibus
787 2613 822 2666 et
836 2602 966 2682 fructu,
983 2620 1089 2685 quem
1102 2603 1232 2685 ubique
1244 2600 1420 2666 Dominus
1435 2615 1498 2681 per

260 2727 341 2775 eam
351 2710 526 2792 capiebat.
540 2708 595 2774 De
606 2710 929 2775 contradictoribus
940 2710 1048 2775 etiam
1060 2727 1192 2791 magno
1204 2726 1285 2775 cum
1297 2709 1373 2773 zelo
1385 2709 1496 2772 multa

261 2815 470 2882 disserebat.
487 2816 669 2882 offerebat
683 2818 791 2881 etiam
806 2826 1014 2897 suggestum
1030 2818 1253 2883 Cathedralis
1268 2815 1441 2881 ecclesiae
1461 2825 1497 2878 et

260 2924 423 2988 aliarum.
439 2924 485 2988 Et
500 2926 593 2989 inter
613 2935 734 2989 cetera
753 2926 927 3005 probabat
942 2926 1038 3006 quod
1053 2926 1171 2991 multis
1185 2922 1420 2989 caeremoniis
1434 2920 1497 2986 So·
1607 2986 1610 2993 ,

260 3031 373 3095 cletas
386 3042 510 3096 nostra
525 3050 595 3096 non
610 3040 781 3097 uteretur.
797 3032 842 3097 Et
856 3049 947 3114 quos
961 3043 1113 3098 noverat
1128 3033 1172 3096 de
1193 3030 1370 3097 Societate
1389 3029 1497 3093 valde

259 3137 444 3217 probabat;
462 3138 524 3202 sed
540 3139 732 3220 praecipue
747 3138 836 3203 duos
850 3141 931 3203 illos
945 3140 1070 3204 Patres
1090 3139 1251 3205 Tridenti
1269 3148 1385 3216 notoS,
1406 3152 1499 3217 quos

260 3244 376 3309 Ellam
385 3254 421 3309 et
433 3245 557 3309 Enoch
570 3246 736 3326 vocabat;
749 3245 989 3327 etP.Laynez
998 3248 1043 3311 ad
1052 3246 1495 3326 gubernandumregnum,

260 3351 446 3416 sufficienti
461 3354 596 3416 talento
612 3354 824 3433 praeditum,
841 3353 1051 3418 affirmabat.
1068 3353 1107 3419 P.
1124 3352 1371 3417 Ferdinandus
1386 3350 1497 3415 Alva-

261 3476 322 3523 rez
336 3461 485 3523 multum
500 3460 642 3540 quidem
655 3459 794 3524 favoris
808 3461 854 3524 ab
868 3460 1047 3543 Episcopo
1063 3462 1241 3542 praestari
1260 3458 1429 3526 Societati
1446 3456 1496 3519 fa-

261 3566 414 3647 tebatur;
430 3566 493 3631 sed
508 3568 643 3631 auxilia
659 3566 795 3647 majora
810 3556 898 3650 ips‘is
912 3568 1093 3633 effectibus
1112 3569 1157 3632 ab
1177 3553 1219 3633 eo
1238 3565 1417 3650 proficisci
1438 3582 1496 3627 cu·

262 3673 391 3754 piebat.
408 3674 607 3738 Granatam
622 3674 722 3737 brevi
738 3674 962 3755 proiecturus
977 3685 1064 3755 erat,
1086 3676 1169 3757 quia
1190 3675 1338 3738 Praeses
1357 3670 1497 3736 consilii
1534 3717 1539 3727 .

264 3781 354 3861 regii
369 3781 405 3845 in
420 3798 464 3845 ea
480 3782 625 3845 civitate
640 3790 729 3845 erat.

321 3886 413 3952 2671.
459 3887 669 3967 Augebatur
694 3898 813 3953 autem
838 3906 1008 3955 numerus
1027 3898 1252 3955 sacramenta
1272 3888 1496 3969 frequentan-

261 3995 360 4073 tium,
382 4007 417 4059 et
437 3996 642 4061 eorumdem
660 3995 809 4077 iructus,
832 4006 907 4061 tam
932 3997 968 4060 in
992 3998 1120 4061 animis
1146 3998 1300 4078 propriis
1326 4011 1434 4077 quam
1460 3993 1495 4056 in

262 4103 428 4182 operibus
450 4104 605 4185 pietatis,
629 4103 758 4184 quibus
782 4104 982 4169 studebant.
1009 4104 1097 4169 Erat
1121 4106 1212 4169 inter
1238 4105 1327 4169 alios
1352 4101 1497 4184 quidam

262 4209 443 4275 studiosus
457 4229 503 4275 ex
519 4210 743 4292 primoribus,
761 4212 820 4293 qui
840 4212 892 4275 sic
913 4230 951 4276 se
970 4214 1007 4276 in
1028 4211 1215 4277 charitatis
1234 4222 1268 4276 et
1288 4208 1499 4275 humilitatis

304 4446 314 4478 ¹
342 4446 392 4492 lia.
405 4447 500 4493 iterum
510 4450 595 4493 viros.

305 4519 317 4550 ¹
346 4517 412 4564 Erat
422 4520 446 4565 la
456 4527 517 4565 tunc
527 4520 643 4567 broten·
653 4522 685 4566 de
695 4522 786 4566 Alana
796 4527 822 4565 et
831 4520 968 4576 Esqulvel.
977 4532 1084 4576 praeses
1093 4522 1160 4576 rrgil
1171 4522 1309 4567 tribunalis
1319 4522 1375 4566 alre
1389 4521 1503 4566 Audien-

263 4590 509 4707 thessrauatemls.
520 4592 588 4637 Vide
598 4604 688 4649 supra,
699 4599 719 4638 t.
727 4606 754 4647 v,
765 4604 825 4649 pag.
835 4594 889 4649 448,
900 4606 925 4639 a.
942 4594 1006 4649 1191;
1016 4604 1077 4649 pag.
1093 4592 1146 4649 510,
1161 4606 1186 4638 n.
1202 4594 1266 4649 18913
1282 4592 1429 4645 vatorum,
1443 4592 1460 4635 l.
1476 4604 1499 4637 c.

275 4672 309 4705 o.
349 4664 368 4707 l.
