3642 5350
363 376 418 437 362
821 372 950 437 Cuaou.
971 374 1048 437 Soc.
1068 376 1139 450 Jas.

427 522 515 587 1511.
556 522 669 589 Simul
684 532 789 605 atque
803 521 939 586 Romae
953 523 1169 586 intellectum
1182 529 1236 585 est
1251 540 1296 585 ex
1314 521 1489 586 Auditore
1509 520 1592 603 Epi·

363 632 463 713 scopi
474 630 692 696 Veronensis
704 648 773 713 quo
785 631 821 694 in
833 638 928 694 statu
939 646 998 693 res
1007 637 1126 693 essent
1136 628 1316 707 Poloniae,
1329 637 1364 692 et
1376 628 1420 693 de
1434 627 1590 693 adventu

362 740 401 804 P.
418 737 635 804 Salmeronis
649 739 838 817 Viennam,
860 736 981 801 statim
1000 736 1151 818 injunxit
1171 735 1337 802 Summus
1357 735 1531 812 Pontifex,
1553 744 1592 800 ut

362 845 521 912 Nuncius
541 846 769 927 Apostolicus
788 862 833 909 ex
853 862 896 908 eo
916 860 1028 923 regno
1047 843 1241 915 recederet:
1262 846 1426 925 quamvis
1445 843 1502 907 ille
1515 842 1590 924 jam

362 952 469 1017 Vilna
484 952 699 1017 Varsoviam
715 951 879 1030 redierat,
893 961 932 1015 ut
944 952 980 1015 in
992 951 1210 1031 profectione
1221 950 1380 1032 Reginae
1391 952 1511 1016 Bonae
1521 952 1590 1032 ipsi

363 1060 514 1141 adesset,
531 1070 565 1124 et
576 1059 657 1124 inde
669 1060 715 1125 ad
726 1061 842 1123 locum
855 1059 1054 1141 quemdam,
1067 1058 1252 1123 duodecim
1264 1060 1377 1123 leucis
1387 1059 1588 1139 distantem,

363 1167 511 1246 abierat,
528 1176 566 1231 ut
581 1184 790 1247 responsum
806 1167 941 1231 Summi
955 1166 1136 1231 Pontificis
1150 1177 1367 1245 expectaret.
1471 1251 1475 1257 .

425 1272 511 1339 1512.
555 1275 674 1355 Ipsum
699 1284 817 1339 autem
841 1273 879 1339 P.
906 1273 1148 1339 Salmeronem
1171 1272 1276 1355 jussit
1303 1275 1397 1339 idem
1426 1273 1592 1339 Pontifex

361 1382 511 1447 Romam
525 1382 639 1463 primo
655 1399 796 1464 quoque
811 1392 970 1463 tempore
985 1383 1118 1446 venire.
1133 1382 1177 1447 Et
1189 1383 1353 1463 quamvis
1367 1382 1518 1462 Regina,
1532 1382 1589 1446 cui

361 1490 470 1555 semel
481 1499 515 1553 et
526 1490 653 1553 iterum
666 1490 899 1553 concionatus
911 1492 1026 1554 fuerat
1041 1508 1083 1553 ea
1099 1489 1393 1571 Quadragesima,
1410 1490 1589 1554 concioni·

359 1598 426 1661 bus
440 1595 514 1677 ejus
528 1596 599 1662 frui
613 1586 788 1677 cupiebat,
803 1608 836 1661 et
850 1598 958 1679 aliqui
970 1598 1106 1662 nobiles
1117 1598 1161 1662 de
1173 1615 1214 1661 eo
1227 1598 1412 1663 retinendo
1425 1605 1588 1677 agerent;

359 1721 440 1769 cunt
456 1704 512 1767 ille
524 1704 661 1768 litteras
672 1703 883 1769 ostendisset
895 1704 1065 1784 Reginae,
1079 1705 1207 1785 quibus
1218 1704 1262 1768 de
1277 1704 1475 1769 obedientia
1490 1702 1590 1769 Sum·

359 1812 409 1876 mi
422 1810 601 1876 Pontificis
616 1811 813 1891 constabat,
829 1811 1037 1877 facultatem
1053 1830 1095 1877 ac
1111 1813 1252 1876 veniam
1266 1812 1399 1876 bonam
1413 1830 1435 1875 a
1450 1809 1589 1892 Regina

361 1919 523 1983 obtinuit.

421 2026 509 2090 1513.
551 2026 596 2091 Et
610 2027 692 2108 quia
708 2028 744 2090 in
759 2026 834 2089 dies
848 2028 1104 2107 expectabatur
1118 2028 1279 2092 Viennae
1294 2027 1462 2091 Poloniae
1482 2024 1588 2105 Regi·

359 2150 406 2196 na
421 2143 456 2197 et
471 2150 551 2198 cum
566 2150 608 2197 ea
624 2134 732 2214 aliqui
751 2134 886 2197 nobiles
904 2134 1132 2215 neapolitani,
1149 2152 1230 2198 cum
1249 2135 1311 2213 eiS,
1329 2142 1385 2197 sat
1400 2133 1588 2197 commoda

359 2240 539 2321 societate,
556 2258 595 2305 se
610 2242 676 2305 iter
692 2241 937 2305 confecturum
953 2242 1130 2323 sperabat,
1147 2242 1210 2305 sed
1225 2242 1301 2305 sine
1320 2242 1400 2319 illis,
1418 2239 1586 2321 adjuncto

359 2348 514 2430 quodam
524 2366 569 2413 ex
581 2348 855 2426 convictoribus
869 2349 930 2430 qui
941 2366 1004 2430 per
1014 2348 1244 2413 Germaniam
1255 2349 1371 2428 ipsum
1383 2346 1585 2426 deduceret,

358 2456 514 2519 secunda
531 2454 650 2521 Martii
665 2456 844 2535 profectus
859 2466 925 2535 est;
941 2466 1129 2537 postquam
1151 2454 1393 2521 confessiones
1413 2473 1484 2519 non
1504 2473 1588 2536 pau-

359 2580 421 2627 cas
436 2562 630 2627 audivisset
644 2563 817 2641 Viennae,
835 2565 1046 2643 praesertim
1060 2564 1301 2645 hispanorum
1319 2573 1353 2626 et
1373 2564 1586 2629 consulenti·

358 2670 424 2735 bus
437 2670 480 2735 de
494 2669 605 2734 variis
620 2671 857 2735 conscientiae
872 2671 1014 2736 casibus
1028 2669 1280 2752 respondisset;
1293 2679 1328 2736 et
1340 2669 1464 2736 Patres
1478 2670 1586 2738 etiam

359 2779 541 2845 Canisium
565 2788 599 2842 et
624 2778 837 2843 Gaudanum
862 2777 1058 2859 adjuvisset
1076 2779 1113 2842 in
1135 2796 1242 2860 opere
1266 2777 1420 2860 quodam
1444 2797 1466 2844 a
1488 2778 1585 2859 Rege

358 2884 611 2962 Romanorum,
631 2885 869 2964 Ferdinando,
892 2886 980 2966 ipsis
998 2884 1168 2966 injuncto.
1191 2885 1280 2950 illud
1301 2895 1419 2949 autem
1438 2896 1528 2965 erat,
1550 2897 1588 2950 ut

358 2991 608 3073 Augustanam
633 2993 891 3057 confessionem
918 3002 952 3056 et
977 2993 1180 3074 apologiam
1207 2993 1467 3062 Melancthonis
1492 2993 1587 3058 vide·

359 3109 448 3180 rent;
466 3109 500 3164 et
516 3117 584 3182 qua
599 3101 635 3163 in
650 3117 688 3163 re
704 3110 942 3182 protestantes
963 3119 984 3162 a
1000 3100 1184 3164 catholicis
1203 3098 1395 3177 differrent,
1412 3101 1587 3165 discerne·

358 3217 437 3272 rent
453 3217 487 3272 et
506 3207 728 3286 adnotarent;
752 3224 836 3271 nam
854 3208 891 3270 in
912 3207 1041 3272 Diaeta
1061 3208 1223 3288 proxima
1238 3225 1284 3272 ex
1298 3224 1364 3270 usu
1379 3208 1415 3271 id
1429 3207 1588 3273 futurum

358 3316 557 3380 videbatur.
1261 3325 1273 3362 ⁹

416 3421 461 3487 Et
476 3423 565 3487 haec
580 3419 623 3486 de
638 3421 833 3486 Viennensi
847 3421 1006 3502 Collegio
1022 3440 1065 3486 ac
1080 3423 1247 3487 missione
1268 3423 1432 3504 polonica
1452 3421 1490 3486 P.
1512 3420 1586 3488 Sal·

358 3531 514 3596 metonis
528 3532 599 3596 sint
617 3528 724 3596 dicta.

690 3851 755 3918 DE
777 3849 1013 3918 COLLEGIO
1034 3849 1265 3916 PRAGENSI

421 4173 509 4240 1514.
552 4175 760 4257 Ingolstadii
785 4175 998 4240 versabatur
1024 4173 1062 4237 P.
1090 4172 1270 4250 Canisius,
1297 4187 1379 4235 cum
1402 4170 1585 4252 intellexit,

356 4281 550 4347 Februario
571 4301 692 4348 mense
711 4284 824 4348 Roma
848 4281 1057 4346 mittendum
1078 4297 1157 4344 esse
1182 4280 1371 4359 collegium
1397 4295 1585 4361 pragense;

357 4398 392 4454 et
411 4407 492 4453 cum
512 4390 636 4455 eodem
654 4402 813 4473 tempore
838 4389 882 4452 de
907 4388 1176 4467 ingolstadiensi
1202 4388 1352 4468 collegio
1377 4388 1485 4451 etiam
1510 4387 1585 4452 mit-

356 4496 464 4560 tendo
486 4507 664 4580 ageretur,
687 4501 786 4581 prius
805 4500 872 4563 hoc
893 4514 999 4578 quam
1022 4495 1107 4558 illud
1131 4495 1339 4558 mittendum
1358 4494 1396 4558 P.
1420 4493 1585 4559 Canisius

356 4602 593 4680 existimabam
610 4621 667 4670 res
682 4606 775 4670 enim
790 4611 1025 4690 praeparatas
1036 4618 1115 4666 esse
1130 4600 1349 4681 ingolstadii,
1363 4612 1398 4665 et
1412 4601 1583 4668 certiores
