3642 5350
801 416 866 474 An.
888 415 958 476 1556
1442 419 1501 479 573

257 560 388 624 infecta
416 561 485 623 hoc
519 569 677 640 tempore
713 561 847 624 morbis
879 561 1101 642 contagiosis
1128 570 1231 625 erant
1245 579 1272 642 ς·
1288 563 1406 628 visum
1440 574 1495 628 est

258 665 296 730 Ρ.
313 665 521 746 Francisco,
538 675 576 730 ut
592 667 638 730 ad
652 683 695 729 ea
711 683 783 730 non
798 667 1036 731 mitterentur.

316 773 408 838 2472.
451 772 740 837 Admittebantur
755 783 873 838 autem
889 774 950 838 alii
965 783 1070 856 atque
1081 775 1143 839 alii
1156 775 1307 840 subinde
1323 763 1493 841 inlocum

258 897 398 958 eorum,
419 881 480 962 qui
500 881 641 960 probati
663 881 708 944 ad
733 880 933 960 Collegium
952 882 1198 946 mittebantur:
1216 883 1276 963 qui
1296 885 1426 964 partim
1448 902 1495 948 ex

258 988 339 1051 aliis
352 988 565 1069 provinciis,
586 988 718 1068 partim
733 987 863 1052 ibidem
882 988 1156 1069 recipiebantur.
1180 988 1259 1052 Non
1275 997 1352 1053 erat
1373 999 1493 1055 autem

257 1096 499 1158 necessarium
525 1095 569 1158 ad
597 1094 787 1176 hospitalia
813 1104 956 1158 nostros
975 1097 1078 1175 mitti,
1105 1106 1144 1161 ut
1169 1097 1382 1161 charitatem
1407 1092 1490 1161 cuin

255 1203 523 1282 aegrotantibus
538 1213 758 1282 exercerent;
776 1202 905 1266 accidit
921 1203 1016 1267 enim
1034 1214 1073 1267 ut
1089 1222 1170 1268 cum
1191 1204 1320 1284 viginti
1340 1221 1492 1268 numero

256 1320 386 1388 essent,
404 1319 476 1372 tres
490 1319 629 1373 tantum
640 1311 697 1371 vel
710 1319 861 1389 quatuor
877 1309 957 1372 sani
971 1310 1086 1374 relicti
1101 1322 1231 1383 essent.
1244 1328 1335 1392 quos
1348 1311 1490 1375 videba-

253 1427 312 1480 tur
326 1415 450 1480 divina
466 1415 691 1497 providentia
707 1433 936 1495 conservare,
953 1425 992 1481 ut
1007 1417 1086 1480 aliis
1101 1417 1327 1482 inservirent.

314 1523 406 1588 2l73.
450 1523 544 1588 Inter
559 1533 788 1604 aegrotantes
801 1534 920 1588 autem
932 1522 997 1588 suit
1009 1534 1044 1589 et
1055 1526 1131 1605 ipse
1144 1524 1182 1588 P.
1196 1524 1352 1590 Portillo.
1366 1526 1492 1606 ltaque

255 1632 467 1696 charitatem
492 1648 660 1695 exercere
686 1631 781 1694 domi
802 1631 941 1695 abunde
964 1632 1095 1696 licebat
1118 1633 1232 1711 sanis,
1261 1634 1353 1698 sicut
1373 1648 1409 1696 et
1429 1650 1488 1713 pa·

254 1739 415 1802 tientiam
429 1738 710 1818 aegrotantibus.
727 1737 912 1802 Venerant
927 1739 1052 1820 primis
1066 1739 1247 1804 mensibus
1266 1740 1342 1804 sere
1362 1740 1490 1804 duode-

254 1845 325 1909 cim
352 1855 413 1909 aut
441 1844 612 1909 tredecim
641 1846 745 1909 electi
773 1845 965 1910 admodum
994 1846 1199 1910 scholastici
1225 1847 1414 1928 Compluto
1443 1865 1490 1910 ex

255 1953 477 2034 praescripto
493 1950 529 2015 P.
547 1952 743 2032 Francisci‚
761 1952 870 2033 aliqui
885 1953 993 2017 etiam
1014 1970 1060 2016 ex
1075 1952 1307 2034 Portugallia.

313 2059 404 2123 2474.
449 2059 557 2123 Venit
572 2069 606 2122 et
625 2059 719 2123 inter
739 2059 828 2123 alios
848 2058 1067 2124 Salmantica
1082 2059 1121 2124 P.
1143 2060 1322 2125 Antonius
1341 2061 1385 2125 de
1405 2061 1491 2126 Cor·

254 2167 359 2247 doba‚
381 2167 441 2247 qui
466 2165 669 2247 praefectus
693 2176 771 2229 erat
796 2168 854 2229 vel
880 2165 1183 2246 Superintendens
1210 2169 1302 2231 illius
1328 2155 1500 2249 Collegii,

258 2273 320 2339 sed
337 2290 554 2354 magnopere
569 2272 615 2336 ad
629 2273 721 2336 hanc
737 2272 963 2338 Probationis
975 2273 1129 2338 Domum
1143 2275 1345 2355 anhelabat;
1359 2293 1442 2338 nam
1454 2275 1491 2338 in

252 2381 520 2464 probationibus
535 2397 573 2442 se
589 2388 772 2443 versatum
786 2397 858 2443 non
879 2397 957 2443 esse
978 2380 1172 2444 asserebat.
1189 2382 1234 2445 Et
1255 2381 1329 2462 eius
1351 2382 1490 2446 humili·

252 2488 337 2552 tatis
352 2489 553 2568 exemplum
568 2488 717 2551 muitum
736 2486 996 2551 aedificationis
1016 2488 1180 2586 omnibus
1195 2489 1327 2569 attulit;
1348 2506 1432 2552 nam
1452 2500 1490 2552 et

253 2596 340 2677 ipse,
356 2612 447 2675 quae
461 2595 507 2658 ad
523 2595 797 2672 abnegationem
813 2594 1049 2676 pertinebant,
1063 2602 1098 2657 et
1111 2595 1251 2677 quidem
1267 2596 1373 2659 avide
1389 2613 1488 2660 exer·

253 2692 335 2767 cere
350 2704 473 2766 solitus
488 2713 575 2765 erat.
597 2701 688 2765 Nam
708 2702 800 2766 inter
820 2702 890 2764 alia
911 2719 991 2765 cum
1011 2702 1112 2765 asino
1128 2720 1258 2783 aquam
1279 2722 1324 2766 ex
1344 2703 1491 2768 flumine

256 2828 317 2890 per
333 2810 486 2873 medium
503 2808 672 2890 oppidum
687 2808 815 2886 attulit,
836 2820 871 2871 et
890 2825 972 2871 cum
992 2807 1180 2888 disciplina
1196 2809 1241 2872 ad
1257 2809 1486 2873 refectorium

255 2934 421 2998 egressus
436 2930 470 2981 et
486 2918 521 2981 in
539 2917 700 2981 omnibus
712 2917 903 2981 humilibus
919 2916 1045 2980 officiis
1057 2925 1234 2995 versatuS,
1247 2918 1292 2981 ad
1305 2919 1361 2982 sui
1371 2918 1488 2982 imita-

255 3027 389 3090 tionem
403 3026 557 3090 novitios
572 3024 676 3088 vaide
698 3026 903 3104 commovit;
927 3035 961 3087 et
981 3042 1064 3088 cum
1083 3024 1129 3087 ad
1144 3026 1302 3089 animum
1323 3026 1484 3089 relaxan-

257 3134 339 3197 dum
354 3152 374 3197 a
392 3133 511 3197 labore
522 3130 719 3196 studiorum
733 3130 951 3195 Salmantica
967 3132 1135 3211 venisset,
1149 3133 1204 3211 iis,
1218 3150 1307 3213 quas
1320 3133 1490 3209 diximus,

257 3241 391 3305 deliciis
407 3240 582 3304 utebatur.

316 3347 407 3411 2475.
451 3348 546 3411 Inter
561 3354 643 3426 eos:
653 3364 741 3428 quos
757 3346 821 3409 sub
838 3354 1048 3409 autumnum
1062 3363 1108 3409 ex
1122 3346 1192 3410 hac
1206 3347 1312 3410 domo
1327 3348 1364 3411 P.
1378 3348 1487 3411 Fran·

256 3456 373 3519 ciscus
390 3454 459 3519 alio
479 3454 586 3531 misit,
608 3471 700 3517 unus
719 3452 785 3517 suit
811 3452 848 3515 P.
874 3450 942 3515 8³²
964 3452 1067 3532 cruz,
1085 3471 1190 3533 quem
1209 3454 1488 3534 praedicationis

254 3564 373 3642 gratia
399 3562 510 3625 nostri
536 3580 580 3625 ex
604 3560 826 3640 Portugallia
853 3561 1060 3640 repetebant
1082 3571 1103 3622 ¹.
1124 3558 1352 3646 Licenciatus
1377 3562 1486 3625 etiam

255 3670 395 3747 Bernal,
420 3670 480 3749 qui
499 3669 660 3749 publicus
679 3683 856 3731 canonum
874 3665 1056 3747 professor
1075 3664 1259 3730 Granatae
1273 3667 1400 3745 fuerat,
1424 3670 1487 3731 sed

255 3776 515 3858 philosophiam
530 3793 601 3839 non
617 3775 790 3851 audierat,
809 3773 855 3837 ad
874 3790 955 3835 eam
969 3773 1183 3836 audiendam
1203 3772 1386 3837 Concham
1406 3775 1484 3837 mis·

254 3900 314 3947 sus
329 3892 393 3947 est.
410 3880 576 3946 Nonnulli
591 3882 699 3946 etiam
718 3881 764 3944 ad
780 3880 950 3943 lectiones
964 3880 1085 3943 varias
1106 3880 1366 3960 praelegendas
1387 3881 1490 3944 missi

255 4001 347 4054 sunt.

312 4096 403 4161 2476.
446 4096 538 4177 Quia
553 4096 596 4160 de
612 4096 730 4160 multis
746 4093 1016 4174 aegrotantibus
1027 4092 1159 4156 mentio
1174 4094 1272 4157 sacta
1287 4102 1352 4173 est,
1367 4111 1489 4174 quam-

254 4206 311 4267 vis
326 4205 436 4285 aliqui
450 4220 581 4284 magno
594 4204 629 4265 in
641 4202 800 4285 periculo
813 4202 967 4277 suerunt,
980 4202 1098 4264 nullus
1113 4210 1232 4264 tamen
1249 4212 1407 4265 mortuus
1420 4210 1485 4265 est.

253 4313 354 4377 Unus
369 4320 487 4375 autem
502 4328 634 4389 eorum,
649 4310 710 4391 qui
724 4319 922 4374 extremam
933 4308 1136 4371 unctionem
1148 4307 1222 4389 jam
1234 4316 1437 4388 acceperat,
1451 4317 1489 4372 et

295 4589 304 4621 Ι
332 4588 403 4644 Lege
413 4600 478 4643 quac
489 4586 600 4631 diximus
611 4588 637 4632 ln
649 4586 768 4631 Litterae
778 4586 1010 4639 ,Quadrimestrem
1020 4592 1039 4629 t.
1050 4596 1085 4638 ιν,
1096 4596 1157 4639 pag.
1167 4584 1216 4638 398,
1228 4592 1316 4631 annot.
1330 4587 1348 4631 l.
1357 4584 1484 4629 -Caete·

253 4672 311 4706 rum
322 4672 388 4716 quae
398 4660 440 4705 hic
452 4666 593 4705 narrantur
604 4671 619 4704 a
631 4658 744 4703 Polanco
755 4659 891 4712 desumpta
901 4663 960 4701 sunt
973 4669 1004 4700 ex
1015 4658 1032 4700 l.
1048 4669 1069 4701 c.
1080 4668 1140 4712 pag.
1150 4656 1250 4701 bobbo&
