3642 5350
783 414 847 473 An.
871 411 940 473 lom
1423 408 1476 474 159

244 558 384 639 quando
404 558 568 637 excipere
592 560 787 640 oportebat,
811 562 895 641 quia
920 560 1060 641 plurimi
1079 560 1147 625 hoc
1166 560 1280 640 primo
1302 559 1478 624 autumno

244 664 358 729 Roma
372 667 601 731 mittebantur
618 668 663 731 ad
679 669 750 730 alia
763 668 855 731 loca.
1470 687 1475 695 ·

303 773 374 839 585.
419 772 526 837 Venit
537 775 630 839 inter
642 775 730 838 alios
742 774 894 838 Meldula
904 776 971 838 sub
982 774 1087 838 finem
1098 774 1264 839 Octobris
1276 774 1312 838 P.
1326 776 1472 841 Fulvius

244 882 440 946 Androtius
462 888 484 962 ¹;
508 892 542 945 et
564 883 692 946 mirum
714 882 903 945 videbatur
922 884 1028 961 quod,
1046 900 1126 948 cum
1140 891 1285 963 urgeret
1298 883 1474 947 Dominus

244 990 432 1054 Leonellus
447 997 485 1052 ut
499 989 627 1054 ibidem
643 1000 800 1053 maneret
813 991 1028 1070 aliquandiu,
1042 972 1167 1071 postea
1181 1000 1300 1056 tamen
1313 992 1357 1054 ab
1370 1009 1412 1055 eo
1424 991 1474 1055 sa÷

244 1098 360 1161 cultas
374 1097 561 1161 recedendi
575 1096 764 1177 impetrata
776 1106 840 1160 est.
854 1096 1088 1161 Concesserat
1100 1098 1240 1179 quidem
1251 1099 1289 1163 P.
1306 1097 1473 1163 Vicarius

243 1214 281 1268 ut
295 1204 499 1284 aliquandiu
513 1204 548 1267 in
564 1204 719 1283 gratiam
733 1203 933 1268 Cardinalis
948 1203 959 1235 ¹
974 1215 1143 1285 maneret;
1160 1205 1223 1269 sed
1237 1223 1319 1269 cum
1341 1205 1389 1269 de
1400 1206 1474 1287 qni·

241 1312 390 1375 busdam
406 1312 451 1375 ad
465 1328 568 1375 suum
583 1320 617 1375 et
632 1312 719 1375 socii
734 1312 901 1375 vestitum
918 1314 1130 1376 necessariis
1144 1321 1180 1376 et
1202 1312 1280 1376 aliis
1300 1311 1345 1377 ad
1366 1330 1470 1377 usum

242 1419 474 1483 domesticum
500 1418 807 1483 administratores
828 1417 1015 1500 hospitalis
1035 1420 1380 1499 commonefecisset,
1404 1420 1472 1484 illis

240 1543 373 1607 graves
401 1544 578 1607 expensae
606 1527 708 1590 visae
735 1525 897 1604 fuerunt,
928 1545 1019 1607 quae
1044 1536 1163 1591 tamen
1191 1528 1253 1598 vix
1282 1528 1468 1593 duodecim

242 1651 371 1698 aureos
385 1632 612 1698 excedebant.
630 1632 674 1697 Et
690 1634 863 1714 quaedam
878 1633 1029 1698 delicata
1045 1635 1123 1698 visa
1138 1644 1221 1697 sunt
1236 1637 1329 1711 (cum
1350 1646 1470 1700 tamen

242 1742 279 1805 in
296 1742 394 1805 victu
416 1751 451 1805 et
471 1742 602 1805 vestitu
623 1758 694 1804 non
714 1757 840 1821 parum
861 1741 975 1803 nostri
994 1741 1200 1821 patientiam
1220 1743 1470 1822 exercuerint),

242 1850 348 1931 quod,
363 1849 509 1928 scilicet,
526 1850 562 1913 in
576 1866 694 1912 rerum
713 1849 997 1912 necessariarum
1017 1850 1198 1928 catalogo,
1222 1849 1267 1914 ad
1282 1851 1393 1913 lectos
1413 1868 1470 1913 ca·

241 1956 456 2022 leiaciendos
479 1956 751 2020 instrumentum
775 1956 954 2035 quoddam
978 1957 1247 2036 postulaverint.
1272 1956 1374 2037 Quod
1399 1975 1470 2022 non

242 2065 351 2129 fuisse
371 2063 575 2129 iaciendum
595 2073 741 2144 propter
764 2062 965 2142 huiusmodi
990 2063 1173 2126 hominum
1192 2065 1399 2128 facilitatem
1424 2066 1469 2129 ad

241 2171 448 2236 scandalum
464 2171 729 2252 accipiendum,
746 2170 784 2234 P.
802 2170 970 2235 Vicarius
990 2170 1135 2251 Laynez
1158 2172 1269 2235 sensit
1291 2181 1326 2235 et
1347 2155 1468 2237 admo·

239 2282 316 2344 nuit
330 2279 352 2341 ³.
421 2304 423 2309 ·

298 2388 369 2451 586.
414 2389 503 2454 Cum
524 2400 641 2452 autem
656 2387 700 2452 D.
724 2388 890 2451 Leonello
906 2387 1056 2451 candide
1071 2388 1248 2467 quomodo
1270 2404 1309 2451 se
1329 2393 1385 2453 res
1406 2388 1469 2452 ha·
1557 2426 1563 2434 -

239 2496 361 2559 berent
376 2496 584 2578 aperuisset,
600 2496 729 2559 mirum
741 2505 795 2559 est
806 2512 887 2559 cum
898 2503 1031 2576 quanta
1045 2494 1289 2559 aedificatione
1301 2496 1337 2559 id
1349 2497 1469 2560 audie·

240 2602 296 2683 rit,
322 2620 388 2667 nec
411 2602 554 2667 volebat
577 2604 647 2666 ullo
666 2602 770 2667 modo
792 2604 996 2684 permittere
1022 2611 1060 2665 ut
1079 2603 1161 2667 inde
1181 2603 1374 2668 recederet.
1398 2603 1468 2668 Sed

239 2728 319 2775 cum
341 2711 538 2776 rationibus
556 2712 801 2776 ostenderetur
819 2711 853 2775 ei
872 2711 916 2774 ad
939 2709 1109 2792 majorem
1128 2711 1195 2775 Dei
1217 2712 1369 2792 gloriam
1392 2711 1469 2776 sore

239 2835 433 2897 recessum,
456 2836 538 2882 cum
562 2819 681 2882 multis
706 2819 886 2898 lacrymis
913 2826 947 2881 ct
961 2819 1035 2881 suis
1059 2828 1093 2881 et
1107 2819 1241 2898 uxoriS,
1262 2818 1467 2884 facultatem

238 2924 381 2988 tandem
394 2925 584 2989 recedendi
599 2925 785 2989 concessit.
802 2923 875 2988 Alii
890 2925 997 2988 etiam
1011 2926 1161 2989 similem
1175 2925 1311 2989 doloris
1324 2943 1466 2990 sensum

236 3031 374 3096 fletibus
400 3031 643 3096 ostendebant.
672 3030 830 3096 Medicus
856 3041 974 3096 autem
994 3033 1136 3113 quidam
1156 3043 1191 3097 et
1211 3033 1302 3097 alius
1324 3031 1466 3099 Domini

237 3137 395 3202 Leonelli
419 3139 581 3203 minister
606 3141 825 3204 voluntatem
852 3137 1067 3203 Societatem
1092 3141 1331 3219 ingrediendi,
1360 3158 1467 3223 quarn
1541 3212 1545 3217 ,

236 3245 413 3310 occultam
428 3255 626 3325 tenuerant,
642 3247 678 3309 in
694 3244 770 3325 eJ'us
784 3262 929 3309 recessu
943 3239 1184 3310 ostenderunt.

298 3351 369 3416 587.
412 3351 494 3416 Fuit
515 3362 633 3416 autem
658 3351 894 3417 aedificationi
914 3353 946 3416 ei
966 3355 1097 3432 populo
1117 3354 1213 3433 quod
1239 3372 1319 3419 cum
1345 3372 1466 3419 senem

236 3460 425 3541 quemdam
439 3469 583 3541 propter
597 3459 714 3523 debita
730 3461 767 3523 in
781 3477 963 3524 carcerem
978 3459 1176 3540 conjectum
1192 3462 1295 3525 educi
1315 3479 1335 3524 e
1350 3471 1464 3526 custo·

236 3567 294 3630 dia
310 3576 471 3631 curasset
485 3576 524 3630 ut
536 3566 656 3631 debita
671 3566 746 3648 ejus
761 3568 853 3630 solvi
868 3575 1023 3647 possent,
1040 3568 1150 3632 libros
1166 3569 1356 3649 quosdam,
1374 3587 1470 3650 quos·

236 3691 358 3738 secum
381 3675 536 3738 Laureto
556 3675 739 3752 attulerat,
760 3674 966 3737 vendendos
984 3674 1079 3738 dedit
1098 3684 1137 3738 ut
1157 3692 1266 3739 senex
1286 3677 1344 3738 ille
1364 3685 1399 3740 et
1420 3677 1465 3740 ab

236 3781 400 3846 omnibus
414 3782 602 3846 derelictus
617 3781 836 3844 liberaretur.
853 3780 995 3848 Indusia
1008 3783 1116 3846 etiam
1131 3793 1166 3845 et
1183 3783 1250 3846 alia
1263 3781 1464 3863 hujusmodi

233 3889 270 3953 in
285 3891 546 3970 eleemosynam
561 3888 775 3969 pauperibus
790 3888 973 3966 dederunt,
988 3897 1023 3952 et
1038 3906 1118 3952 cum
1137 3891 1245 3970 pedes
1267 3891 1374 3954 vellet
1397 3892 1465 3954 iter

233 4095 447 4106 ..nn—n·-

272 4241 281 4276 ¹
309 4240 348 4285 De
362 4252 392 4285 eo
404 4245 491 4285 tamen
504 4239 643 4284 Meldttlam
656 4239 780 4284 mittendo
794 4239 849 4294 jam
864 4241 896 4284 ab
913 4241 973 4284 anni
991 4240 1064 4284 initio
1081 4244 1218 4296 agebatur,
1231 4248 1259 4286 ut
1276 4242 1365 4287 videre
1379 4250 1419 4288 est
1437 4243 1463 4288 ia

232 4312 330 4358 litteris
340 4313 389 4367 ipsi
400 4321 416 4357 a
427 4311 547 4368 Polanco,
559 4322 592 4356 ex
601 4323 673 4364 com,
682 4311 787 4366 scriptis
796 4311 846 4355 22!
856 4311 1007 4358 Februarii.

268 4383 281 4416 ¹
308 4381 454 4428 Cardinalis
464 4382 592 4436 Rodulphi
604 4383 650 4426 Plo
660 4383 691 4426 de
702 4381 788 4438 Carpi,
799 4384 842 4436 qui
854 4383 956 4428 Domini
966 4383 1084 4428 Leonelll
1094 4383 1161 4429 iilius
1171 4391 1243 4431 erat.

269 4454 281 4486 ⁸
308 4455 380 4509 Quae
390 4461 448 4511 tota
457 4455 507 4500 hac
516 4455 684 4510 paragrapho
693 4455 866 4511 continentur,
877 4467 894 4500 a
904 4457 1019 4512 vocibus,
1030 4456 1066 4500 Et
1079 4458 1223 4512 quaedam,
1233 4470 1265 4503 ea
1284 4459 1317 4504 ad
1332 4470 1406 4504 oram
1416 4473 1462 4516 pa-

230 4527 307 4583 rime
316 4527 412 4582 adiecit
422 4539 470 4573 m
479 4537 556 4572 manu
567 4525 882 4572 Polaenum-Meminisse
892 4534 980 4573 antem
992 4533 1103 4586 oportet,
1115 4541 1165 4586 quo
1172 4531 1240 4575 haec
1249 4537 1322 4575 recte
1331 4533 1462 4587 accipian·

230 4601 385 4651 tunbonnm
393 4600 461 4646 hunc
473 4599 501 4644 P.
511 4599 667 4644 Androtinm
676 4601 766 4654 paucis
778 4605 880 4644 tantum
898 4607 959 4644 ante
975 4601 1105 4646 mensibus
1120 4603 1304 4649 canonicatum
1320 4606 1387 4649 satia
1407 4606 1464 4660 pin·

231 4683 309 4728 πω
322 4683 435 4728 suaeque
447 4671 535 4716 divitis
546 4671 661 4716 familiae
673 4671 779 4716 delicias
791 4672 937 4726 reliquisse.
