3642 5350
338 383 409 444 560.
798 385 927 446 ennon.
947 385 1023 446 Soc.
1043 386 1115 460 Jus.

349 531 577 610 promulgato
592 531 657 594 sub
672 530 775 595 finem
791 532 875 595 anni
888 532 1082 612 praeteriti,
1098 531 1264 612 quamvis
1284 531 1331 594 ad
1351 531 1507 596 triduum
1519 551 1574 598 re·

346 634 473 700 dactae
496 637 637 701 fuerunt
650 637 901 718 confessiones
919 637 1170 720 quadringenti
1184 637 1259 702 fere
1272 637 1404 701 nostris
1417 637 1574 704 confessi

339 751 433 824 suut,
448 760 599 824 quorum
614 745 716 809 multi
730 745 937 825 collegiales
951 754 1053 810 erant
1067 744 1243 826 majorum
1263 744 1494 825 collegiorum
1511 748 1570 810 vel

339 867 384 914 ex
398 851 612 931 primoribus
626 851 885 917 Universitatis
898 861 1005 934 atque
1019 852 1128 917 urbis.
1394 834 1397 840 ’

397 955 489 1020 2420.
532 955 715 1038 Quaedam
730 966 848 1022 autem
869 959 1059 1039 religiosae
1079 957 1256 1022 foeminae
1271 957 1308 1021 in
1322 958 1483 1022 oratione
1497 977 1569 1023 non

337 1080 475 1144 parum,
493 1083 513 1128 a
528 1063 566 1127 P.
583 1063 736 1129 Rectore
751 1061 904 1145 adjutae,
920 1064 1158 1147 profecerunt.

397 1169 489 1234 2421.
531 1171 621 1236 Cum
635 1181 754 1236 autem
769 1172 806 1235 in
816 1173 1007 1254 quemdam
1019 1189 1163 1254 pagum,
1185 1172 1266 1236 urbi
1287 1172 1458 1251 vicinum,
1474 1173 1571 1236 cbri-

337 1277 489 1342 stianam
515 1278 714 1342 doctrinam
739 1278 952 1360 explicaturi
971 1279 1084 1344 nostri
1102 1297 1140 1343 se
1166 1277 1386 1359 conferrent,
1414 1277 1569 1358 (namin

336 1385 494 1472 pluribus
521 1385 557 1448 id
580 1383 698 1449 facere
722 1386 818 1450 soliti
843 1385 982 1466 erant),
1008 1386 1189 1467 parochus
1213 1386 1366 1464 simplex
1391 1384 1572 1467 quoddam

336 1490 1283 1573 beneficium,quodpraestimoniumvocant,Collegio
1295 1489 1572 1556 Salmanticensi

337 1598 586 1679 applicandum
601 1597 687 1661 dare
704 1598 828 1662 voluit.
844 1596 949 1662 Alius
967 1599 1077 1662 etiam
1097 1598 1263 1678 urgebat,
1280 1607 1318 1661 ut
1337 1606 1500 1662 curatum
1513 1598 1571 1662 be·

335 1705 499 1770 neficium
515 1722 628 1784 suum,
645 1705 740 1786 quod
754 1704 868 1769 eidem
882 1704 1041 1784 Collegio
1053 1705 1304 1786 applicandum
1316 1702 1439 1786 [erat],
1455 1707 1569 1769 nostri

336 1812 573 1891 admitterent,
590 1809 690 1892 cujus
711 1813 819 1876 annui
837 1811 972 1876 reditus
991 1812 1333 1893 quadringentorum
1356 1812 1564 1876 ducatorum

336 1929 449 1995 erant,
465 1919 528 1983 sed
543 1919 589 1982 ob
603 1935 726 1983 curam
741 1917 942 1982 animarum
955 1928 1090 1982 nonest
1107 1917 1312 1982 admissum.

394 2025 486 2090 2422.
529 2025 695 2090 Pervenit
709 2026 832 2088 ultima
848 2024 904 2089 die
918 2025 1080 2108 Januarii
1093 2023 1348 2090 salmanticam
1358 2024 1397 2089 P.
1413 2023 1562 2104 Natalis

334 2133 395 2213 qui
419 2149 491 2196 non
515 2133 741 2197 mediocriter
765 2140 907 2196 nostros
929 2148 994 2195 sua
1015 2132 1219 2213 praesentia
1243 2142 1298 2195 est
1319 2132 1524 2197 consolatus
1541 2137 1562 2194 ¹.

334 2241 422 2304 Erat
437 2239 589 2303 cessatio
605 2257 626 2303 a
641 2239 772 2303 divinis
787 2239 823 2303 in
838 2257 879 2303 ea
895 2239 1053 2316 civitate,
1069 2239 1115 2302 ab
1130 2239 1381 2304 ecclesiasticis
1399 2239 1562 2320 imposita

335 2347 461 2428 primis
474 2345 578 2426 hujus
592 2347 675 2412 anni
690 2347 887 2424 mensibus,
904 2363 948 2410 eo
969 2347 1065 2428 quod
1083 2356 1291 2411 recusarent
1309 2355 1474 2428 quartam
1492 2347 1563 2411 fru-

247 2437 251 2445 ’
336 2463 456 2520 ctuum
470 2463 621 2536 partem,
638 2472 660 2517 a
674 2452 820 2530 Summo
835 2452 1005 2518 Pontifice
1025 2452 1236 2534 Imperatori
1256 2471 1477 2544 concessam,
1497 2456 1562 2520 sol-

336 2579 432 2641 vere;
449 2572 484 2627 et
499 2562 699 2643 oportebat,
714 2570 752 2625 ut
766 2561 879 2626 nostri
892 2571 996 2626 extra
1012 2562 1135 2626 urbem
1149 2562 1186 2624 in
1201 2563 1370 2641 templum
1386 2563 1563 2644 quoddam

335 2669 380 2733 ad
395 2669 523 2734 Missas
537 2669 770 2734 celebrandas
785 2679 819 2733 et
838 2678 1065 2734 sacramenta
1081 2669 1315 2733 ministranda
1329 2677 1342 2709 ⁸
1354 2669 1564 2750 egrederen-

334 2788 403 2858 tur;
420 2788 453 2841 et
469 2780 634 2858 quamvis
648 2794 719 2839 non
735 2776 811 2840 sine
827 2778 949 2840 labore
963 2786 1037 2840 tam
1050 2784 1253 2840 nostrorum
1272 2794 1380 2856 quam
1398 2777 1562 2855 aliorum,

333 2886 394 2966 qui
408 2902 517 2965 opera
533 2886 692 2966 ipsorum
707 2885 914 2959 utebantur,
930 2885 1018 2947 satis
1030 2883 1234 2964 frequentes
1248 2884 1408 2947 homines
1421 2883 1467 2947 ad
1480 2901 1562 2948 con·

332 2991 523 3057 sessionem
538 3000 572 3055 et
588 2992 870 3055 communionem
885 3008 929 3054 eo
944 2990 1151 3071 pergebant.
1168 2989 1237 3054 Sed
1250 3010 1272 3053 a
1286 2988 1325 3052 P.
1341 2990 1480 3069 ignatio
1493 2992 1562 3055 hac

332 3099 523 3162 occasione
546 3098 815 3178 postulabatur,
843 3108 881 3161 ut
906 3098 1038 3161 nostris
1067 3094 1298 3179 [facultatem]
1318 3096 1447 3162 Missas
1474 3100 1562 3162 cele·

332 3205 470 3282 brandi,
500 3205 606 3269 simili
631 3214 789 3286 tempore
814 3205 1025 3269 cessationis
1047 3223 1068 3268 a
1090 3204 1237 3280 divinis,
1260 3204 1477 3286 impetraret,
1499 3206 1563 3269 sed

333 3313 439 3393 paulo
461 3321 543 3392 post
561 3314 629 3377 hoc
643 3312 932 3393 impedimentum
948 3311 1059 3374 divini
1074 3312 1190 3375 cultus
1204 3311 1269 3375 fuit
1281 3313 1470 3376 sublatum.

390 3419 482 3483 2423.
525 3419 630 3483 Domi
655 3419 886 3483 christianam
912 3418 1111 3481 doctrinam
1134 3436 1225 3482 unus
1245 3436 1290 3483 ex
1309 3420 1441 3483 nostris
1462 3428 1564 3483 tanta

332 3544 412 3590 cum
428 3526 624 3609 frequentia
641 3526 842 3590 auditorum
857 3525 1071 3606 explicabat,
1084 3537 1122 3588 ut
1133 3526 1178 3589 ad
1189 3542 1268 3589 eam
1280 3526 1561 3607 prosequendam

330 3652 476 3698 necesse
490 3634 607 3711 fuerit,
625 3634 747 3697 relicto
759 3633 931 3712 Collegi0,
948 3632 984 3694 in
996 3633 1104 3696 aliam
1116 3633 1270 3711 domum,
1289 3650 1380 3713 quae
1394 3633 1563 3713 capacior

330 3750 423 3819 erat,
443 3742 653 3805 concionem
673 3738 874 3820 hujusmodi
895 3739 1108 3817 transferre,
1136 3740 1196 3803 ubi
1216 3756 1358 3819 semper
1376 3751 1411 3802 et
1426 3740 1560 3803 audito·

329 3865 408 3911 rum
423 3846 680 3911 multitudinem
704 3862 873 3925 magnam
895 3846 1036 3925 babuit,
1057 3856 1093 3909 et
1113 3856 1214 3909 tanto
1234 3846 1362 3910 affectu
1382 3848 1559 3911 concioni·

330 3956 396 4019 bus
410 3953 611 4035 hujusmodi
625 3954 862 4031 assistentem,
877 3962 915 4016 ut
930 3953 1095 4034 quamvis
1109 3953 1235 4017 eadem
1249 3953 1338 4017 hora
1349 3954 1410 4017 alii
1423 3954 1559 4033 egregii

330 4063 600 4127 concionatores
615 4063 764 4125 verbum
779 4060 846 4124 Dei
859 4060 1126 4141 praedicarent,
1143 4060 1189 4124 ad
1204 4078 1267 4125 eos
1281 4071 1401 4125 tamen
1416 4060 1558 4126 audien-

330 4169 395 4234 dos
410 4186 480 4233 non
496 4168 746 4245 dilaberentur,
763 4186 829 4232 nec
845 4185 950 4231 suum
962 4167 1196 4231 catechistam
1210 4168 1460 4248 relinquerent.

389 4273 482 4337 2424.
524 4276 659 4339 Eorum
685 4284 804 4339 autem
834 4274 943 4338 animi
971 4275 1199 4338 vehementer
1227 4274 1274 4337 acl
1301 4276 1561 4339 confessionem

368 4480 377 4513 ¹
407 4479 445 4523 De
455 4480 483 4523 Ρ.
493 4478 652 4537 Hieronymo
663 4478 757 4532 Nadal,
767 4480 873 4535 ejusque
885 4480 910 4525 ln
922 4478 1048 4533 lllspaula
1059 4480 1136 4523 rebus
1145 4480 1237 4536 gestls,
1248 4480 1344 4525 redibit
1360 4481 1428 4526 infra
1444 4492 1529 4527 sermo
1544 4494 1560 4525 a

332 4564 357 4597 a.
367 4550 429 4596 27³7:
440 4552 500 4597 vide
511 4552 604 4596 locum.

367 4622 380 4656 ⁸
407 4622 453 4667 lls.
463 4624 560 4679 repetit
571 4624 612 4668 blc
623 4624 794 4668 celebranda.
