3642 5350
572 1016 636 1081 DE
660 1017 893 1083 COLLEGIO
916 1015 1228 1082 SYRACUSANO

349 1393 436 1456 1171.
479 1392 671 1475 Postquam
687 1411 782 1457 anno
797 1393 1026 1475 praecedenti
1041 1392 1086 1455 ad
1110 1392 1308 1472 Collegium
1327 1392 1518 1475 Syracusis

289 1501 527 1565 inchoandum
542 1500 649 1581 aliqui
665 1518 710 1564 ex
725 1502 859 1564 nostris
874 1500 973 1565 missi
986 1501 1128 1565 suerunt
1142 1500 1164 1578 ¹,
1181 1516 1252 1563 non
1266 1518 1393 1581 parum
1413 1502 1449 1564 in
1468 1500 1514 1564 fe·

288 1608 406 1672 rendis
432 1623 546 1688 aequo
572 1608 690 1671 animo
714 1605 853 1687 iniuriis
875 1615 910 1671 et
937 1605 1278 1671 contradictionibus
1307 1608 1512 1689 patientiam

283 1732 454 1779 ¹exercere
469 1714 677 1794 debuerunt;
693 1732 783 1795 quae
799 1722 849 1778 tot
865 1722 1054 1794 tantaeque
1068 1713 1221 1792 suerunt,
1239 1723 1289 1792 ut,
1306 1714 1397 1778 aliae
1409 1723 1515 1796 atque

289 1823 379 1885 aliae
396 1821 543 1886 subinde
559 1823 688 1901 illatae,
704 1822 978 1903 praeteritarum
989 1820 1150 1884 oblivisci
1160 1820 1331 1884 facerent.
1345 1821 1513 1886 Orieban·

289 1939 347 1993 tur
362 1937 481 1993 autem
496 1929 662 2011 patrima
682 1929 770 1993 viris
789 1929 977 2009 religiosis,
999 1928 1131 2009 partim
1155 1944 1176 1991 a
1198 1928 1439 1993 saecularibus
1459 1945 1513 1993 sa·

288 2036 502 2117 cerdotibus,
527 2036 657 2118 partim
686 2037 792 2100 etiam
822 2054 843 2099 a
873 2037 961 2099 viris
990 2036 1243 2100 saecularibus.
1274 2036 1318 2099 Et
1344 2036 1441 2100 initio
1470 2053 1512 2099 eo

288 2144 472 2207 molestiae
486 2142 686 2223 hujusmodi
698 2144 887 2223 graviores
901 2143 1055 2219 suerunt,
1073 2160 1143 2223 quo
1164 2140 1210 2223 [a]
1231 2140 1377 2222 majoris
1395 2142 1514 2206 existi·

284 2251 451 2314 mationis
466 2250 502 2313 in
516 2251 707 2314 sanctitate
722 2250 809 2314 viris
826 2250 1152 2315 commovebantur.

345 2355 432 2420 1172.
475 2354 694 2437 Objiciebant
708 2366 850 2421 nostros
864 2357 1035 2421 delicatos
1049 2374 1138 2436 esse,
1160 2374 1202 2421 eo
1223 2357 1316 2437 quod
1331 2375 1375 2421 en
1390 2355 1509 2420 rediti-

284 2464 402 2528 busin
422 2464 579 2543 Collegio
601 2463 723 2527 vivere
742 2466 884 2544 vellent,
911 2473 946 2527 et
964 2464 1128 2528 mollibus
1152 2463 1250 2528 indui
1274 2471 1308 2527 et
1333 2464 1512 2528 communi

286 2572 383 2635 victu
399 2571 459 2636 uti.
475 2572 520 2634 Et
535 2570 710 2635 addebant
724 2572 892 2653 inopiam,
909 2588 979 2652 qua
994 2572 1149 2635 maxime
1170 2570 1206 2635 id
1220 2572 1389 2652 temporis
1411 2570 1511 2635 cives

284 2679 583 2760 opprimebantur,
601 2688 804 2743 nostrorum
819 2697 928 2744 causa
949 2680 1169 2761 provenisse;
1186 2694 1267 2742 cum
1287 2687 1405 2744 tamen
1427 2696 1512 2761 pau·

286 2789 355 2850 culi
377 2783 528 2868 [essent]
551 2798 586 2850 et
604 2805 798 2869 pauperem
816 2789 933 2852 victus
950 2797 985 2854 et
1003 2788 1155 2852 vestitus
1178 2789 1354 2853 rationem
1377 2784 1406 2865 ⁸,
1430 2788 1511 2851 licet

273 2911 524 2973 communem,
541 2895 654 2958 nostri
674 2895 862 2976 haberent;
886 2912 956 2977 quo
974 2895 1079 2959 fiebat
1098 2903 1137 2958 ut
1156 2895 1237 2959 odio
1259 2895 1371 2959 nostri
1393 2902 1511 2958 essent

283 3001 496 3080 hominibus
513 3010 547 3065 et
562 3002 703 3082 plurimi
718 3004 831 3067 torvis
846 3004 960 3067 oculis
972 3020 1033 3066 eos
1047 3002 1296 3084 respiciebant;
1308 3012 1438 3066 namet
1453 3020 1511 3083 po·

284 3103 405 3190 pulum
421 3128 442 3173 a
456 3109 589 3174 nostris
603 3109 724 3174 seduci
740 3110 961 3174 dictitabant.

344 3214 432 3280 1173.
475 3214 648 3295 Religiosi
663 3225 781 3280 autem
801 3234 887 3297 prae
908 3216 1060 3280 caeteris
1079 3226 1220 3280 nostros
1242 3217 1510 3299 oppugnabant,

280 3323 372 3404 quod
389 3324 435 3386 ad
450 3333 676 3387 sacramenta
686 3325 920 3388 confessionis
931 3333 967 3389 et
978 3324 1237 3389 communionis
1250 3325 1508 3406 frequentanda

285 3432 446 3495 homines
470 3431 715 3512 hortarentur;
741 3442 776 3496 et
800 3431 980 3511 foeminis,
1006 3431 1166 3495 habitum
1187 3431 1282 3496 tertii
1301 3432 1435 3497 ordinis
1453 3449 1511 3512 ge·

282 3539 467 3618 stantibus,
483 3555 528 3602 ne
542 3540 675 3602 nostris
691 3538 953 3619 confiterentur,
967 3539 1234 3604 interdixerunt.
1252 3539 1375 3604 Palam
1388 3556 1509 3621 super-

282 3646 347 3710 bos
359 3654 394 3710 et
408 3646 615 3727 hypocritas
629 3655 770 3711 nostros
785 3647 974 3711 vocabant.

346 3752 432 3818 1174.
476 3751 546 3817 Sed
572 3754 663 3817 inter
687 3755 776 3818 haec
801 3755 952 3818 ludibria
977 3772 1049 3818 non
1073 3771 1199 3835 parurn
1223 3754 1345 3819 divina
1371 3755 1510 3820 bonitas

282 3871 423 3925 nostros
439 3861 701 3942 consolabatur;
718 3861 811 3942 quod
826 3862 920 3926 enim
943 3863 978 3926 in
998 3863 1166 3925 universa
1188 3861 1367 3926 Societate
1388 3880 1453 3926 suo
1474 3864 1509 3927 in

280 3969 379 4033 initio
394 3977 429 4033 et
443 3969 479 4032 in
494 3969 694 4050 praecipuis
709 3969 785 4050 ejus
798 3968 964 4034 domibus
978 3969 1170 4050 acciderat,
1187 3978 1225 4033 ut
1239 3971 1386 4049 scilicet,
1400 3987 1509 4052 supra

278 4077 416 4140 firmam
430 4076 696 4141 tribulationum
710 4086 847 4158 petram
862 4094 987 4141 earum
1002 4076 1231 4142 fundamenta
1243 4077 1458 4158 jacerentur,
1471 4078 1507 4143 id

279 4183 346 4247 sibi
361 4182 550 4263 Syracusis
567 4185 728 4248 accidere
743 4185 1028 4265 experiebantur.
1043 4184 1124 4264 Sed,
1138 4186 1296 4249 suaviter
1307 4187 1424 4250 omnia
1440 4187 1506 4250 dis·

277 4300 429 4374 ponente
454 4291 626 4372 Domino,
654 4292 713 4357 ubi
739 4292 958 4373 Syracusani
982 4293 1171 4356 veritatem
1191 4294 1364 4374 indagare
1386 4311 1507 4376 coepe·

283 4463 493 4470 ”fia-...-

321 4565 331 4600 ¹
359 4567 425 4613 Vide
435 4581 522 4624 supra,
533 4575 553 4614 t.
564 4583 590 4624 v,
600 4581 661 4625 pag.
672 4569 803 4623 22111637
813 4576 839 4614 et
850 4582 922 4626 seqq.

320 4639 331 4673 ¹
359 4639 387 4686 111
397 4653 444 4688 urs.
455 4642 577 4689 inseritur
588 4642 629 4689 hic
639 4642 777 4698 habentes,
788 4643 853 4699 quod
864 4653 1085 4701 supervacaneum
1096 4641 1208 4690 ridetur.
