3642 5350
793 426 858 487 Art.
879 426 950 488 1556
1432 426 1484 487 731

252 573 356 639 simul
370 582 489 639 essent
510 572 678 655 puniendi
692 580 727 637 et
742 572 831 637 alter
845 572 945 654 prius
959 581 1054 638 esset
1067 574 1231 654 punitus,
1247 574 1448 655 postularet
1462 592 1484 638 a

252 690 456 747 correctore
470 690 510 746 ut
528 680 673 747 alterius
690 679 911 771 punitionem
929 680 966 745 in
984 680 1102 763 ipsum
1122 688 1368 761 converteret,
1389 680 1484 763 quod

251 790 310 854 ille
324 788 530 870 simpliciter
543 788 638 869 fecit,
652 787 815 870 quamvis
829 786 962 852 Rector
976 806 1021 853 ne
1032 805 1124 854 unus
1136 806 1202 871 pro
1213 788 1284 853 alio
1297 788 1483 870 puniretur

254 896 444 980 prohibuit.

312 1003 404 1069 3163.
448 1002 506 1069 Ad
520 1004 741 1086 diligentiam
755 1005 1052 1071 scholasticorum
1066 1004 1315 1071 exacuendam
1329 1005 1339 1041 ¹
1356 1003 1484 1069 efficax

253 1114 314 1177 illa
338 1112 430 1178 ratio
446 1112 591 1177 inventa
605 1122 676 1185 est.
697 1121 736 1177 ut
756 1111 802 1177 ad
820 1111 1007 1177 interiores
1026 1112 1161 1177 classes
1185 1129 1247 1177 eos
1266 1112 1485 1177 descendere

252 1218 381 1285 Rector
393 1218 543 1301 juberet.
560 1217 758 1301 Stupebant
772 1229 891 1285 autem
902 1227 1069 1300 parentes
1082 1218 1237 1285 liliorum
1250 1235 1338 1300 erga
1349 1235 1388 1285 se
1403 1220 1484 1284 obe·

251 1326 421 1393 dientiam
435 1335 469 1392 et
484 1343 625 1393 morum
638 1327 886 1393 mutationem.
1225 1308 1229 1318 ’

311 1432 401 1501 3164.
445 1434 624 1501 invisebat
636 1435 761 1499 crebro
773 1435 975 1518 Cardinalis
985 1435 1294 1517 suumCollegium
1302 1451 1384 1501 cum
1392 1435 1481 1500 Ebo-

253 1559 315 1607 rae
329 1542 551 1617 versabatur;
569 1550 605 1606 et
620 1550 732 1607 totam
746 1528 938 1624 aliquando
953 1542 1096 1608 domum
1112 1542 1226 1609 oculis
1241 1542 1432 1622 lustrabat,
1447 1551 1483 1607 et

252 1652 283 1715 si
297 1648 383 1732 quid
396 1649 512 1714 minus
527 1649 714 1714 commode
728 1648 953 1717 aedificatum
966 1650 1126 1732 videbat,
1148 1659 1186 1715 ut
1202 1650 1330 1732 januas
1349 1658 1384 1714 ct
1408 1650 1480 1714 alia

252 1756 472 1839 hujusmodi,
498 1757 618 1824 statim
642 1756 902 1825 demoliendum
927 1768 963 1824 et
986 1758 1116 1824 iterum
1135 1758 1393 1824 aedificandum
1421 1775 1480 1823 cu·

253 1864 370 1930 rabat.

310 1970 403 2037 3165.
447 1971 538 2037 Cum
562 1980 681 2037 autem
704 1973 920 2055 Ulyssipone
943 1991 1151 2040 recessurus
1174 1985 1284 2054 esset,
1311 1975 1411 2056 prius
1436 1974 1482 2038 ad

251 2078 516 2145 sanctissimum
529 2089 795 2146 sacramentum
806 2082 983 2163 intemplo
994 2091 1117 2147 nostro
1128 2082 1355 2148 salutandum
1372 2081 1479 2157 venit,

252 2184 379 2255 deinde
394 2188 431 2251 in
446 2186 590 2252 domurn
604 2196 711 2269 atque
725 2188 870 2254 bortum
888 2189 1083 2270 ingressus,
1100 2198 1242 2255 nostros
1256 2190 1305 2254 ibi
1319 2199 1480 2254 amanter

252 2294 493 2376 compellavit,
515 2303 550 2359 et
571 2312 709 2376 semper
734 2312 904 2375 magnam
928 2295 1185 2361 humanitatem
1209 2306 1245 2362 et
1269 2296 1482 2361 charitatem

246 2420 318 2467 suo
332 2401 504 2483 Collegio,
519 2401 616 2483 quod
630 2412 750 2467 tencre
764 2401 948 2484 diligebat,
963 2403 1144 2485 impendit.

312 2506 405 2575 3166.
448 2510 590 2574 Absens
609 2509 715 2577 etiam
736 2510 862 2575 litteris
882 2527 984 2577 suam
1003 2528 1128 2577 curam
1147 2510 1388 2592 significabat,
1408 2512 1482 2576 suis

251 2614 485 2699 injungendo,
510 2626 549 2683 ut
573 2617 760 2700 diligenter
785 2626 990 2684 nostrorum
1015 2618 1122 2686 rebus
1142 2618 1387 2702 providerent,
1415 2635 1481 2685 nec

251 2724 443 2807 quidquam
457 2725 527 2790 illis
541 2724 665 2790 deesse
679 2725 846 2791 sinerent.

309 2831 402 2896 3167.
445 2831 618 2914 Cupiebat
631 2832 832 2898 Cardinalis
846 2833 1031 2901 florentem
1050 2836 1174 2901 videre
1193 2844 1325 2902 statum
1344 2837 1481 2902 schola·

250 2955 341 3019 rum,
357 2948 391 3004 et
406 2940 450 3003 ob
465 2956 546 3004 eam
560 2956 635 3005 rem
650 2939 780 3005 multos
796 2941 842 3004 ad
857 2942 1057 3008 litterarum
1068 2943 1187 3009 studia
1201 2960 1267 3009 sua
1280 2943 1481 3010 munificen-

250 3045 299 3112 tia
314 3047 504 3125 invitabat,
520 3055 555 3110 et
569 3047 619 3112 ita
634 3047 782 3128 triginta
796 3035 1060 3129 sacerdotibus,
1078 3069 1124 3116 ex
1142 3051 1199 3117 his
1219 3052 1280 3134 qul
1299 3053 1480 3118 couscien-

250 3154 321 3218 tiae
337 3171 443 3218 casus
457 3153 660 3234 audiebant,
673 3163 707 3219 et
719 3155 859 3236 viginti,
873 3156 935 3238 qui
949 3156 1158 3223 dialecticae
1172 3159 1307 3225 dabant
1321 3177 1480 3242 operam,

250 3261 400 3342 singulis
419 3261 565 3342 triginta
585 3279 714 3328 aureos
733 3264 925 3345 quotannis
942 3265 979 3330 in
1001 3265 1197 3332 subsidium
1215 3267 1423 3350 praebebat;
1445 3281 1480 3334 et

249 3368 384 3434 eisdem
397 3378 503 3451 atque
518 3370 613 3449 aliis,
630 3369 661 3434 51
676 3387 715 3436 56
728 3370 829 3436 viros
848 3372 1077 3455 praeberent,
1098 3377 1210 3441 multo
1228 3374 1366 3458 majora
1379 3394 1480 3458 prae·

250 3475 324 3542 mia
337 3476 576 3558 promittebat.

310 3581 402 3648 3168.
446 3581 536 3649 Cum
560 3583 597 3648 in
618 3583 841 3652 bebdomada
861 3596 989 3655 sancta
1008 3588 1147 3654 Eborac
1165 3600 1389 3672 versaretur,
1416 3609 1481 3657 suo

253 3691 394 3756 cuidam
416 3690 578 3756 ministro
598 3693 795 3774 praecepit,
815 3705 854 3760 ut
874 3695 1062 3761 ecclesiam
1087 3706 1248 3762 nostram
1273 3708 1417 3765 ornaret
1435 3699 1480 3764 ad

251 3795 324 3864 S.¹¹²¹
340 3797 472 3864 Christi
486 3809 750 3864 sacramentum
764 3798 821 3864 die
832 3799 928 3882 jovis
943 3803 1059 3868 sancti
1074 3805 1328 3886 reponendum
1340 3816 1376 3870 et
1390 3825 1430 3871 se
1443 3807 1480 3871 in

250 3914 433 3986 posterum
451 3903 617 3970 daturum
635 3923 773 3988 pannos
793 3907 916 3988 nigros
931 3918 971 3974 ut
992 3911 1181 3976 ecclesiam
1201 3922 1312 3978 totam
1331 3931 1374 3978 6ο
1395 3923 1481 3988 tem:

250 4028 337 4093 pore
351 4021 497 4094 possent
511 4029 653 4078 ornare.
1098 4005 1101 4010 ’

309 4119 401 4186 3169.
444 4119 557 4188 Varia
585 4119 713 4188 deinde
740 4132 776 4187 et
803 4123 926 4204 magni
953 4125 1058 4206 pretii
1092 4137 1303 4193 ornamenta
1335 4130 1381 4194 ad
1412 4129 1480 4196 Dei

249 4228 380 4294 cultum
396 4228 505 4308 dedit3
521 4237 656 4310 septem
670 4230 806 4296 scilicet
821 4232 1035 4298 vestimenta
1045 4234 1284 4302 sacerdotalia
1299 4254 1364 4302 seu
1378 4255 1476 4304 casu·

248 4335 313 4416 laS,
329 4344 364 4400 et
378 4335 526 4402 totidem
540 4337 669 4401 altaria
683 4337 861 4418 frontalia,
878 4355 925 4404 ex
940 4351 1041 4406 veste
1056 4341 1229 4409 undulata
1243 4343 1314 4409 albi
1334 4347 1477 4427 coloris,

249 4440 397 4508 totidem
412 4444 494 4524 atri,
511 4452 584 4509 tam
599 4443 826 4510 sacerdotum
840 4463 948 4528 quam
963 4450 1130 4515 altarium
1149 4462 1374 4535 ornamenta,
1397 4453 1474 4520 toti·

293 4681 301 4717 1
329 4681 376 4731 lle.
386 4686 580 4740 exequendam.
