3642 5350
379 442 433 506 lll
836 438 1060 506 Cnnou.'Soc.
1081 441 1151 519 Jns.

438 592 509 655 411.
543 590 709 673 'Legatus
730 591 910 656 Pontificis
932 591 939 622 ¹
961 602 994 655 et
1013 587 1189 655 Dominus
1207 589 1337 654 Paulus
1356 589 1523 667 UrsinuS,
1545 591 1606 670 qui

378 698 555 780 praesidio
571 700 719 764 militum
735 700 936 781 praefectus
950 710 1038 778 erat,
1054 716 1159 779 quam
1174 698 1264 762 bene
1278 698 1411 760 nostris
1426 698 1604 762 afficeren-

378 815 434 870 tur
444 806 548 870 facile
560 808 803 885 ostendebant,
820 824 900 870 cum
913 806 1071 886 Legatos
1086 816 1211 870 contra
1228 805 1485 869 obtrectatores
1500 822 1604 885 spon·

377 922 410 977 te
435 930 499 977 sua
526 930 670 977 causam
693 914 951 979 defendendam
980 914 1192 994 susciperet,
1218 922 1253 976 et
1277 910 1482 976 Praefectus
1499 913 1603 975 hilari

375 1021 493 1085 animo
509 1021 678 1103 quidquid
692 1040 714 1085 a
728 1022 860 1085 nostris
875 1021 1061 1103 petebatur
1074 1018 1303 1084 concedebat.

432 1126 505 1191 412.
548 1127 621 1193 Sub
635 1127 738 1208 hujus
752 1128 836 1193 anni
851 1129 988 1192 initium
1003 1128 1039 1192 P.
1056 1128 1249 1206 Bobadilla‚
1263 1126 1346 1191 dum
1364 1124 1602 1208 Sylvestrino‘

374 1252 452 1300 rum
466 1236 683 1300 monasteria
698 1235 860 1299 visitaret
874 1232 895 1312 ⁸,
917 1236 1055 1301 Perusii
1077 1235 1185 1298 etiam
1207 1234 1271 1298 fuit
1292 1244 1327 1297 et
1349 1234 1453 1297 bisin
1474 1233 1603 1298 Cathe-

373 1342 464 1407 drali
477 1342 628 1407 ecclesia
643 1360 724 1407 cum
739 1359 870 1423 magna
885 1362 972 1407 suae
991 1343 1174 1407 doctrinae
1195 1341 1441 1406 satisfactione
1460 1343 1600 1405 concio-

372 1455 566 1529 natusest,
592 1458 627 1513 et
652 1449 891 1514 Gubernatori
916 1451 1039 1531 (aquo
1064 1466 1195 1530 magna
1223 1467 1304 1513 cum
1326 1447 1544 1511 humanitate
1565 1456 1600 1511 et

370 1556 556 1621 dilectione
581 1566 750 1638 exceptus
771 1557 860 1637 fuit),
882 1566 1025 1621 nostros
1045 1557 1326 1635 commendavit,
1347 1556 1406 1637 qui
1434 1565 1468 1618 et
1490 1572 1529 1618 se
1550 1556 1598 1636 id,

370 1664 465 1744 quod
479 1664 686 1744 rogabatur,
704 1664 881 1729 facturum
897 1665 1070 1746 promisit.

426 1769 498 1833 413.
542 1770 812 1835 Commendavit
837 1781 955 1835 autem
982 1770 1077 1836 Patri
1097 1772 1263 1835 Andreae
1283 1772 1491 1849 Gavane110,
1515 1779 1597 1835 ante

368 1894 559 1958 recessum,
574 1877 680 1942 Pater
699 1878 881 1941 Bobadilla
903 1880 1158 1943 monasterium
1179 1878 1358 1959 quoddam
1377 1878 1595 1957 monialium,

367 2002 457 2065 quae
471 1984 701 2065 Sylvestrinis
716 1996 817 2049 erant
832 1987 1005 2064 subditae,
1029 1996 1131 2049 extra
1150 2002 1271 2048 muros
1292 1985 1429 2049 Perusii
1443 1983 1467 2064 ¹,
1483 1994 1521 2048 ut
1537 1986 1596 2048 ali·

366 2091 508 2172 quando
530 2092 583 2155 eis
604 2092 750 2156 verbum
776 2092 921 2155 Domini
943 2093 1179 2173 praedicaret,
1208 2092 1302 2172 quod
1326 2102 1361 2156 et
1387 2092 1597 2171 aliquotiens

364 2196 460 2275 fecit;
476 2199 539 2262 sed
554 2200 652 2280 prius
667 2201 866 2263 executioni
882 2200 1044 2262 mandari
1060 2200 1246 2279 oportebat
1268 2198 1558 2262 reformationem
1573 2216 1595 2261 a

364 2304 402 2370 P.
419 2304 603 2370 Bobadilla
619 2317 828 2389 conceptam
844 2316 878 2370 et
893 2308 1064 2388 scriptam
1081 2324 1188 2387 quam
1204 2322 1357 2385 magnus
1372 2307 1408 2370 in
1420 2323 1463 2369 eo
1476 2323 1595 2370 mona·

364 2412 473 2476 sterio
489 2411 626 2477 fructus
641 2429 705 2493 per
720 2412 922 2492 huJusmodi
940 2413 1135 2477 ministeria
1151 2413 1231 2493 capi
1247 2420 1368 2492 posset
1382 2410 1405 2475 ⁴.

423 2519 494 2582 414.
537 2517 642 2583 Nulla
656 2520 844 2584 videbatur
860 2521 958 2584 Patri
972 2519 1156 2583 Everardo
1176 2519 1348 2582 fundandi
1363 2518 1511 2597 Collegii
1527 2535 1591 2582 no·

364 2625 430 2690 stri
444 2626 536 2690 ratio
551 2626 729 2692 efficacior
744 2644 851 2708 quam
866 2628 925 2690 via
941 2626 1148 2706 studiorum,
1166 2638 1202 2690 et
1216 2626 1293 2690 fore
1309 2625 1536 2690 existimabat
1550 2634 1588 2690 ut

364 2733 513 2814 ipsamet
534 2734 663 2798 civitas
688 2735 789 2798 brevi
809 2751 955 2814 operam
969 2733 1157 2798 Societatis
1176 2735 1386 2813 requireret,
1402 2751 1483 2797 cum
1496 2733 1591 2797 vide·

361 2850 441 2904 rent
455 2841 491 2904 in
501 2841 642 2922 publica
654 2841 776 2904 schola
787 2840 882 2920 Mag.
895 2841 1045 2924 Joannis
1057 2841 1205 2905 Antonii
1220 2842 1339 2921 plures
1353 2850 1388 2903 et
1402 2839 1591 2904 nobiliores

365 2965 471 3027 quam
484 2950 593 3013 multo
608 2957 704 3012 retro
720 2950 823 3012 annis
837 2949 1232 3027 scholasticosversari‚
1246 2959 1280 3010 et
1293 2947 1384 3010 inter
1400 2964 1462 3010 eos
1477 2946 1591 3011 filios⁸

364 3053 506 3131 ducum,
522 3055 768 3119 marchionum
782 3065 817 3118 et
831 3056 1012 3135 comitum,
1029 3073 1179 3137 cumque
1194 3072 1266 3117 non
1281 3065 1353 3118 tarn
1374 3055 1589 3117 mirarentur

360 3161 458 3227 cives
480 3179 586 3242 quam
608 3171 791 3244 stuperent
811 3163 915 3243 parvi
940 3163 1034 3226 illius
1058 3163 1179 3226 clerici
1206 3162 1269 3241 (sic
1294 3161 1388 3224 enim
1411 3160 1589 3224 vocabant

358 3267 454 3348 Mag.
471 3269 666 3334 Antonium
677 3267 701 3348 ⁰)
718 3270 962 3334 eruditionem.

418 3374 488 3439 415.
533 3373 663 3441 Docuit
687 3377 795 3440 etiam
818 3376 1036 3456 experientia
1056 3377 1132 3440 sine
1151 3387 1353 3440 correctore
1368 3375 1513 3440 scholas
1527 3376 1587 3438 lit·

357 3489 514 3546 terarum
530 3483 778 3547 humaniorum
797 3484 833 3546 in
848 3482 963 3546 officio
978 3484 1152 3547 contineri
1167 3502 1240 3548 non
1255 3501 1370 3564 posse;
1389 3493 1423 3547 et
1435 3481 1580 3564 quidam

354 3589 534 3671 sacerdos,
551 3590 611 3673 qui
624 3590 827 3671 paedagogi
841 3589 955 3654 officio
970 3591 1065 3672 apud
1079 3591 1267 3671 quemdam
1282 3592 1399 3654 civem
1415 3590 1594 3670 fungeba-

357 3787 568 3799 ..—

392 3903 402 3936 ¹
429 3901 455 3946 la
465 3903 532 3946 idem
543 3913 599 3946 esse
609 3901 722 3956 videtur,
733 3902 776 3956 qul
785 3902 853 3947 allas
864 3901 1029 3946 Gubernator
1043 3904 1199 3956 appellatur.
1211 3901 1278 3946 Vide
1295 3913 1383 3957 supra,
1399 3908 1417 3946 t.
1432 3915 1457 3956 v,
1466 3901 1532 3958 pag.
1546 3903 1582 3956 ⁶8,

351 3985 378 4020 ιι.
389 3973 474 4028 meet
483 3984 546 4030 pag.
556 3973 624 4028 69,n.
640 3974 685 4028 ¹⁵⁶3
696 3981 722 4017 et
732 3972 854 4018 Litterae
864 3973 1093 4027 Quadrimestres.
1105 3981 1124 4018 t.
1134 3986 1169 4029 iv,
1178 3985 1239 4029 pag.
1249 3973 1297 4018 tto.

391 4046 403 4079 ¹
428 4045 511 4100 Saepe
522 4047 553 4090 do
562 4046 611 4090 hac
621 4056 650 4090 rc
660 4051 747 4090 actum
756 4052 796 4090 est
812 4046 839 4091 ln
857 4046 953 4089 cartas
967 4047 1000 4097 de
1016 4046 1071 4089 San
1086 4045 1204 4100 Ignacio,
1220 4052 1239 4090 t.
1250 4058 1285 4095 vi.
1298 4053 1324 4091 et
1340 4048 1366 4091 in
1382 4047 1430 4091 hoc
1447 4047 1582 4094 Chronico.

349 4128 507 4172 auprmag.
519 4117 555 4170 21,
567 4129 583 4160 n
602 4117 638 4162 ⁵3.

388 4189 400 4222 ³
427 4189 612 4234 Monasterlunn
622 4189 711 4234 Sanctl
723 4189 865 4242 Benedlcti.
877 4192 924 4234 aub
933 4201 996 4234 cura
1004 4191 1112 4235 Patrnm
1122 4189 1346 4244 sylvestrinorum
1356 4190 1507 4236 monasterii
1516 4189 1581 4234 San·

350 4263 384 4306 ctl
395 4259 544 4305 Fortunati.

343 4387 346 4394 Ι
386 4333 397 4365 ⁴
428 4331 464 4376 De
474 4333 548 4386 hujus
558 4334 708 4377 monasterii
719 4345 782 4378 cura
794 4335 832 4378 ita
843 4335 984 4388 scribebat,
995 4347 1028 4379 ex
1043 4347 1118 4389 cona,
1133 4336 1260 4379 Polancus
1277 4335 1346 4378 Patri
1364 4334 1500 4378 Everardo
1516 4332 1581 4376 Mer-

347 4405 461 4448 curlano:
471 4404 518 4448 *Al
529 4407 685 4450 monasterio
696 4405 762 4450 delle
773 4408 897 4452 monache
908 4408 1065 4461 silvestrlne,
1077 4409 1207 4451 essendosi
1224 4419 1288 4461 poca
1303 4419 1430 4461 speranza
1445 4407 1471 4450 di
1486 4406 1579 4457 frutto,

347 4478 408 4520 sarh
418 4487 480 4530 poco
491 4477 658 4520 convenlente
669 4477 717 4520 che
729 4477 754 4522 vl
767 4477 835 4524 vada
846 4477 902 4521 Don
916 4479 1027 4531 Andron,
1038 4479 1129 4533 poiche
1142 4489 1192 4523 non
1208 4483 1334 4522 mancara
1350 4480 1416 4522 dove
1434 4479 1455 4521 sl
1472 4477 1579 4532 adoperl

347 4549 389 4604 plu
399 4548 613 4592 sruttuotamente
624 4550 650 4593 ln
659 4560 706 4592 aua
717 4549 798 4594 fatlca
808 4557 834 4594 et
846 4557 956 4604 tempo„
967 4551 1016 4595 w
1028 4550 1127 4595 Martii.

386 4619 398 4654 ⁵
425 4619 540 4674 Mefittt.

385 4690 397 4724 l
427 4691 490 4736 Vide
500 4702 587 4746 snpra,
597 4701 657 4745 pag.
669 4693 713 4745 lll,
722 4703 746 4735 n.
754 4693 803 4736 398.
