3642 5350
795 376 857 435 Art.
881 376 950 437 1556
1428 380 1482 438 703

309 522 401 587 3045.
444 523 583 606 Hispali
598 532 633 588 et
647 522 841 603 Granatae‚
857 524 918 589 ubi
937 541 1070 606 magno
1090 526 1127 591 in
1146 528 1262 610 pretio
1275 535 1399 591 nostra
1417 525 1479 592 So·

252 629 366 695 cietas
379 630 587 709 habebatur,
604 630 650 697 ad
664 648 788 697 earum
803 629 995 711 insignium
1017 632 1202 698 civitatum
1216 633 1400 716 spirituale
1421 651 1480 698 au·

249 737 374 802 xilium
388 738 580 819 exigebant
594 756 615 803 a
631 739 765 803 nostris
779 739 930 819 praelati
950 738 1148 816 (Granatae
1169 741 1310 823 quidem
1333 741 1477 807 Archie-

249 845 418 927 piscopus
442 848 464 927 ¹,
490 845 629 928 Hispali
644 845 812 911 Vicarius
826 844 849 925 *l
865 854 903 911 ut
918 846 954 910 in
969 847 1095 927 plateis
1108 856 1144 912 et
1159 850 1238 913 aliis
1252 849 1350 914 urbis
1369 849 1477 930 publi·

249 953 301 1017 cis
322 954 410 1018 locis
425 954 538 1029 nostri
551 954 866 1032 concionarentur,
888 962 923 1016 et
942 954 1212 1034 cumRectores
1231 954 1374 1021 Patrem
1395 955 1476 1021 Pro·

248 1060 437 1126 vincialem
448 1060 516 1125 bac
528 1060 571 1125 de
580 1078 619 1125 re
627 1060 897 1140 consuluissent,
907 1068 944 1123 et
954 1045 1478 1143 issatisfaciendumesseprae·

246 1168 328 1231 latis
342 1167 523 1250 scriberet,
537 1185 668 1249 magna
680 1184 762 1232 cum
774 1167 962 1231 alacritate
977 1176 1012 1232 et
1027 1168 1263 1234 admiratione
1277 1187 1373 1234 nova
1387 1171 1476 1234 haec

245 1276 473 1355 praedicandi
492 1276 584 1341 ratio
604 1275 641 1340 in
665 1274 860 1357 praedictis
886 1273 1033 1339 urbibus
1057 1284 1111 1341 est
1135 1275 1304 1357 admissa3
1324 1294 1409 1341 nam
1433 1276 1477 1341 de

244 1383 353 1464 vulgo
364 1384 518 1465 plurimi,
527 1383 587 1465 qul
598 1391 672 1446 toto
684 1400 778 1447 anno
791 1399 857 1445 nec
868 1381 1079 1446 concionem
1092 1381 1238 1447 audiunt
1249 1400 1316 1448 nec
1330 1382 1476 1449 Missam

243 1490 415 1555 celebrari
429 1489 562 1571 vident,
578 1489 688 1553 verbo
704 1486 772 1553 Dei
787 1488 1070 1569 instruebantur,
1093 1489 1192 1554 multi
1212 1490 1320 1555 etiam
1339 1491 1476 1556 nobiles

240 1596 390 1679 J'uvenes
405 1598 514 1663 etalii
533 1597 632 1661 cives
652 1614 673 1659 a
693 1595 924 1660 concionibus
940 1595 1125 1661 audiendis
1144 1597 1268 1677 alieni,
1281 1598 1341 1679 qul
1358 1598 1476 1664 deam·

245 1704 388 1770 bulandi
413 1704 548 1785 gratia,
575 1704 621 1769 ad
645 1702 848 1784 hujusmodi
871 1704 1010 1785 plateas
1034 1721 1073 1768 se
1088 1704 1328 1782 conferebant,
1345 1705 1475 1770 ibidem

245 1814 401 1878 oblatam
415 1812 720 1895 praedicationem
734 1810 859 1892 fugere
870 1827 942 1875 nou
953 1819 1130 1893 poterant.

302 1918 393 1983 3046.
436 1919 686 1984 Postulaverat
699 1918 1005 1999 Archiepiscopus
1019 1927 1058 1982 ut
1072 1916 1136 1982 Dr.
1153 1918 1351 1983 Madridius
1371 1918 1393 1999 ⁸,
1415 1922 1474 2001 qui

243 2026 431 2093 Cordubae
458 2029 494 2091 in
519 2026 623 2092 domo
649 2026 868 2107 probationis
892 2034 981 2101 erat,
1004 2026 1050 2090 ad
1072 2025 1253 2091 Granatae
1276 2026 1472 2108 Collegium

242 2134 452 2215 mitteretur,
468 2134 531 2200 sod
546 2152 627 2199 cum
647 2133 887 2215 respondisset
907 2131 946 2196 P.
967 2131 1198 2197 Bustamante
1210 2132 1313 2214 juxta
1334 2134 1474 2199 Institu-

241 2253 316 2309 tunt
330 2253 492 2309 nostrum
507 2241 638 2307 diutius
649 2258 730 2306 eum
740 2241 777 2304 in
789 2241 894 2305 domo
907 2239 1127 2320 probationis
1137 2241 1277 2305 versari
1294 2248 1470 2321 oportere,

241 2350 388 2432 proinde
412 2350 549 2414 videret
568 2351 661 2430 ipse,
684 2348 751 2413 hoc
777 2347 967 2425 intellecto,
995 2347 1080 2426 quid
1106 2346 1180 2411 lieri
1201 2345 1357 2429 juberet,
1385 2349 1473 2413 nibil

242 2457 484 2535 omittendum,
497 2454 679 2537 respondit
690 2454 1002 2535 Archiepiscopus,
1017 2454 1052 2517 in
1064 2454 1176 2534 ipsius
1186 2455 1341 2535 gratiam
1350 2455 1394 2519 de
1402 2456 1470 2537 his,
1485 2464 1495 2484 ·

243 2582 333 2647 quae
348 2565 394 2629 ad
408 2563 562 2629 instituti
576 2562 689 2629 nostri
701 2562 876 2626 rationem
890 2569 1009 2624 essent
1021 2560 1257 2641 observanda,
1269 2578 1313 2625 ac
1324 2563 1472 2643 prolude

243 2683 280 2737 ut
296 2689 378 2738 cum
391 2670 636 2738 benedictione
651 2668 795 2735 Domini
810 2677 970 2734 maneret
985 2665 1007 2732 ⁴.

301 2779 393 2846 3047.
437 2779 526 2846 Cum
540 2777 706 2844 Corduba
722 2776 921 2841 Granatam
936 2775 1160 2857 prolecturus
1174 2785 1269 2841 esset
1289 2776 1328 2842 P.
1350 2778 1472 2842 Busta·

242 2897 373 2968 mante,
389 2888 525 2952 litteras
539 2887 678 2969 accepit
689 2903 710 2950 a
722 2883 875 2949 Ducissa
886 2883 1005 2948 Arcus
1013 2881 1028 2971 ξ
1039 2892 1074 2947 et
1085 2883 1345 2948 Marchiouissa
1359 2885 1473 2967 Pliegi

242 2994 318 3077 ejus
331 3003 457 3073 matre,
473 2995 599 3078 quibus
615 2992 844 3058 Matcbenam
858 2990 1089 3070 evocabatur,
1105 3007 1175 3072 quo
1198 3008 1278 3055 cum
1294 2991 1394 3056 initio
1413 2993 1470 3076 Ja·

243 3103 359 3167 nuarii
373 3103 553 3184 proiectus
567 3109 671 3182 esset,
687 3110 840 3182 quatuor
859 3099 936 3162 dies
954 3098 1048 3179 apud
1063 3115 1126 3162 eos
1140 3094 1285 3182 [Duces]
1301 3099 1470 3181 substitit;

242 3220 276 3275 et
291 3227 372 3275 cum
387 3209 462 3274 dies
477 3209 696 3290 Epiphaniae
708 3206 933 3286 accessisset,
945 3215 1097 3285 rogatus
1107 3204 1184 3285 suit,
1197 3215 1236 3269 ut
1247 3208 1378 3287 populo
1389 3222 1471 3271 con·

241 3318 456 3392 cionaretur,
483 3315 648 3397 quamvis
668 3315 728 3379 alii
747 3313 993 3380 concionatori
1011 3313 1043 3377 is
1061 3330 1179 3378 sermo
1200 3314 1471 3379 commendatus

241 3434 345 3504 esset,
363 3442 443 3489 cum
458 3421 614 3505 ejusdem
629 3433 748 3487 tamen
763 3420 985 3502 beneplacito
999 3419 1039 3484 P.
1055 3419 1287 3486 Bustamante
1298 3421 1471 3486 satisfecit

240 3533 492 3614 postulantium
506 3530 692 3596 desiderio.

297 3637 389 3702 3048.
432 3637 564 3720 Aliqua
579 3638 686 3702 etiam
705 3636 881 3717 colloquia
896 3636 935 3700 in
953 3637 1089 3716 palatio
1109 3633 1250 3700 Ducum
1265 3638 1324 3699 vel
1344 3637 1471 3700 exhor·

276 3920 286 3954 ¹
315 3919 470 3966 Notisslmus
480 3919 573 3966 Petrus
581 3916 720 3964 Guerrero.
729 3916 760 3961 tle
771 3926 820 3972 qno
830 3915 892 3960 vide
902 3924 991 3970 supra,
1002 3926 1026 3958 n.
1037 3913 1091 3958 2⁹⁶2
1101 3919 1126 3957 et
1138 3925 1193 3969 seq.

275 3993 287 4026 ¹
314 3992 360 4039 Dr.
372 3992 475 4048 Gaspar
485 3992 631 4038 Cernentes
641 3991 672 4035 de
683 3989 802 4042 Salutat,
813 3987 854 4032 cul
864 3987 890 4031 ia
900 3986 990 4030 eodem
1000 3997 1106 4032 munere
1121 3985 1235 4040 Joanues
1251 3984 1360 4032 ovando
1370 3997 1471 4031 success

236 4065 279 4118 slt,
290 4071 317 4109 ut
328 4065 475 4110 dictumest
487 4075 574 4120 supra,
586 4074 611 4108 n.
620 4061 683 4118 3006,
699 4060 761 4106 3010.

275 4137 287 4170 ¹
314 4136 342 4180 P.
354 4137 483 4182 Antonius
492 4135 601 4188 bladrld,
610 4135 683 4192 cujus
691 4131 961 4178 mentionemieclmns
968 4141 1057 4187 supra,
1064 4143 1089 4176 n.
1099 4131 1188 4176 Met
1194 4132 1261 4177 allas
1268 4140 1471 4187 saepenumero.

275 4209 288 4242 ⁴
314 4207 435 4254 Litterae
445 4207 677 4262 Quadrtmestm,
687 4214 706 4252 t.
718 4217 757 4260 ru,
767 4216 827 4260 pag.
839 4205 889 4249 761.

275 4280 287 4313 ⁸
313 4279 397 4326 Maria
409 4280 440 4325 de
451 4279 547 4325 Toletlo
557 4287 583 4325 et
594 4278 734 4334 Figueroa,
745 4278 776 4322 de
786 4288 837 4333 qua
846 4274 907 4322 vide
926 4288 1016 4331 snpra.
1027 4285 1046 4321 t.
1055 4288 1092 4328 tv,
1103 4287 1164 4331 pag.
1175 4275 1224 4333 tto,
1234 4289 1259 4320 n.
1270 4275 1332 4330 1002;
1347 4281 1374 4320 et
1384 4274 1410 4319 ln
1420 4274 1469 4318 boc

233 4353 289 4408 lpso
298 4353 359 4408 vol,
370 4365 394 4398 n.
403 4351 458 4396 2⁹68
466 4359 494 4397 et
502 4351 565 4406 2979;
576 4352 632 4407 ejus
643 4357 736 4404 mater,
748 4349 894 4395 catharina
902 4347 1053 4393 Fernandez
1061 4349 1092 4393 de
1101 4348 1230 4402 cordoba,
1240 4349 1313 4404 culus
1323 4355 1415 4391 nomeu
1425 4355 1466 4390 ce·

233 4426 305 4469 lebre
315 4425 341 4470 ln
351 4425 391 4470 bis
401 4423 567 4470 Mortuum
576 4429 625 4468 est.
636 4422 703 4468 Vide
711 4421 905 4476 Rrvaomtarn,
915 4421 1020 4465 Hister.
1031 4431 1077 4465 ms.
1089 4420 1123 4464 de
1134 4421 1178 4464 las
1193 4419 1354 4464 Provincias
1369 4417 1404 4462 de
1420 4416 1468 4461 Es·

231 4497 485 4552 paenitentem.
497 4494 803 4550 taquttnterattauaee
818 4493 907 4540 habet:
922 4491 1012 4536 “Dona
1027 4488 1112 4536 Marta
1126 4491 1157 4536 de
1172 4490 1276 4544 Toledo‚
1292 4489 1415 4544 annesa
1434 4488 1466 4532 tle

234 4567 355 4619 Areon...
363 4566 419 4623 nlla
429 4573 475 4610 tan
485 4565 608 4620 pareelda
619 4567 635 4608 ί
645 4565 671 4609 la
681 4562 827 4619 iterquesa,
839 4573 868 4607 sn
880 4563 979 4614 madre,
989 4571 1022 4604 eu
1033 4561 1095 4605 todo
1109 4565 1207 4616 genero
1217 4560 1248 4606 de
1260 4560 1358 4616 virtuti,
1368 4571 1418 4614 qne
1434 4569 1468 4602 no

234 4651 261 4684 ae
270 4639 354 4696 pttede
364 4637 436 4682 deelr
447 4641 526 4692 mss,
