<?xml version="1.0" encoding="UTF-8"?>
<!DOCTYPE html PUBLIC "-//W3C//DTD XHTML 1.0 Transitional//EN"
    "http://www.w3.org/TR/xhtml1/DTD/xhtml1-transitional.dtd">
<html xmlns="http://www.w3.org/1999/xhtml" xml:lang="en" lang="en">
 <head>
  <title>
</title>
<meta http-equiv="Content-Type" content="text/html;charset=utf-8" />
  <meta name='ocr-system' content='tesseract 3.04.00' />
  <meta name='ocr-capabilities' content='ocr_page ocr_carea ocr_par ocr_line ocrx_word'/>
</head>
<body>
  <div class='ocr_page' id='page_1' title='image "./vitaignatiiloio00polagoog_0245.png"; bbox 0 0 3642 5350; ppageno 0'>
   <div class='ocr_carea' id='block_1_1' title="bbox 785 429 1475 493">
    <p class='ocr_par' dir='ltr' id='par_1_1' title="bbox 785 429 1475 493">
     <span class='ocr_line' id='line_1_1' title="bbox 785 429 1475 493; baseline -0.003 0"><span class='ocrx_word' id='word_1_1' title='bbox 785 429 849 493; x_wconf 81' lang='lat' dir='ltr'>Aa.</span> <span class='ocrx_word' id='word_1_2' title='bbox 871 431 940 492; x_wconf 79' lang='lat'>1556</span> <span class='ocrx_word' id='word_1_3' title='bbox 1421 429 1475 492; x_wconf 71' lang='lat'>237</span> 
     </span>
    </p>
   </div>
   <div class='ocr_carea' id='block_1_2' title="bbox 242 574 1475 3132">
    <p class='ocr_par' dir='ltr' id='par_1_2' title="bbox 245 574 1471 881">
     <span class='ocr_line' id='line_1_2' title="bbox 245 574 1468 661; baseline -0.002 -16"><span class='ocrx_word' id='word_1_4' title='bbox 245 574 283 645; x_wconf 85' lang='lat' dir='ltr'>P.</span> <span class='ocrx_word' id='word_1_5' title='bbox 299 574 437 661; x_wconf 90' lang='lat' dir='ltr'>ignatio</span> <span class='ocrx_word' id='word_1_6' title='bbox 452 577 653 659; x_wconf 86' lang='lat' dir='ltr'>videbatur,</span> <span class='ocrx_word' id='word_1_7' title='bbox 668 578 863 643; x_wconf 86' lang='lat' dir='ltr'>subsidium</span> <span class='ocrx_word' id='word_1_8' title='bbox 877 578 1147 660; x_wconf 88' lang='lat' dir='ltr'>postulaturum,</span> <span class='ocrx_word' id='word_1_9' title='bbox 1164 596 1235 643; x_wconf 93' lang='lat' dir='ltr'>non</span> <span class='ocrx_word' id='word_1_10' title='bbox 1250 594 1468 660; x_wconf 76' lang='lat' dir='ltr'>magnopere</span> 
     </span>
     <span class='ocr_line' id='line_1_3' title="bbox 245 686 1471 769; baseline 0 -18"><span class='ocrx_word' id='word_1_11' title='bbox 245 686 281 752; x_wconf 93' lang='lat' dir='ltr'>id</span> <span class='ocrx_word' id='word_1_12' title='bbox 302 686 468 769; x_wconf 84' lang='lat' dir='ltr'>probavit</span> <span class='ocrx_word' id='word_1_13' title='bbox 488 686 510 767; x_wconf 79' lang='lat'>¹,</span> <span class='ocrx_word' id='word_1_14' title='bbox 532 705 614 752; x_wconf 85' lang='lat' dir='ltr'>cum</span> <span class='ocrx_word' id='word_1_15' title='bbox 632 706 678 753; x_wconf 91' lang='lat' dir='ltr'>ex</span> <span class='ocrx_word' id='word_1_16' title='bbox 696 686 914 767; x_wconf 88' lang='lat' dir='ltr'>Portugallia</span> <span class='ocrx_word' id='word_1_17' title='bbox 931 687 1111 751; x_wconf 90' lang='lat' dir='ltr'>videretur</span> <span class='ocrx_word' id='word_1_18' title='bbox 1125 703 1206 751; x_wconf 92' lang='lat' dir='ltr'>cum</span> <span class='ocrx_word' id='word_1_19' title='bbox 1225 686 1471 753; x_wconf 87' lang='lat' dir='ltr'>aedificatione</span> 
     </span>
     <span class='ocr_line' id='line_1_4' title="bbox 246 794 1433 881; baseline -0.003 -21"><span class='ocrx_word' id='word_1_20' title='bbox 246 794 332 860; x_wconf 88' lang='lat' dir='ltr'>talia</span> <span class='ocrx_word' id='word_1_21' title='bbox 345 812 418 859; x_wconf 90' lang='lat' dir='ltr'>non</span> <span class='ocrx_word' id='word_1_22' title='bbox 431 795 643 861; x_wconf 88' lang='lat' dir='ltr'>obtenturus</span> <span class='ocrx_word' id='word_1_23' title='bbox 658 795 684 856; x_wconf 83' lang='lat'>&#39;.·</span> <span class='ocrx_word' id='word_1_24' title='bbox 1429 871 1433 881; x_wconf 33' lang='grc' dir='ltr'>Ι</span> 
     </span>
    </p>

    <p class='ocr_par' dir='ltr' id='par_1_3' title="bbox 245 901 1473 1289">
     <span class='ocr_line' id='line_1_5' title="bbox 305 901 1473 981; baseline 0.005 -16"><span class='ocrx_word' id='word_1_25' title='bbox 305 901 376 967; x_wconf 82' lang='grc'><strong>896.</strong></span> <span class='ocrx_word' id='word_1_26' title='bbox 420 902 618 967; x_wconf 89' lang='lat' dir='ltr'>Bassanum</span> <span class='ocrx_word' id='word_1_27' title='bbox 629 902 806 968; x_wconf 89' lang='lat' dir='ltr'>interdum</span> <span class='ocrx_word' id='word_1_28' title='bbox 821 902 905 981; x_wconf 89' lang='lat' dir='ltr'>ibat,</span> <span class='ocrx_word' id='word_1_29' title='bbox 922 911 957 967; x_wconf 91' lang='lat' dir='ltr'>et</span> <span class='ocrx_word' id='word_1_30' title='bbox 972 901 1176 968; x_wconf 84' lang='lat' dir='ltr'>Ferrariam</span> <span class='ocrx_word' id='word_1_31' title='bbox 1196 902 1265 967; x_wconf 90' lang='lat' dir='ltr'>hac</span> <span class='ocrx_word' id='word_1_32' title='bbox 1282 910 1418 967; x_wconf 75' lang='lat' dir='ltr'><strong>aestate</strong></span> <span class='ocrx_word' id='word_1_33' title='bbox 1434 916 1473 971; x_wconf 79' lang='lat' dir='ltr'>se</span> 
     </span>
     <span class='ocr_line' id='line_1_6' title="bbox 246 1008 1472 1093; baseline 0 -20"><span class='ocrx_word' id='word_1_34' title='bbox 246 1010 405 1089; x_wconf 91' lang='lat' dir='ltr'>contulit,</span> <span class='ocrx_word' id='word_1_35' title='bbox 422 1008 606 1091; x_wconf 88' lang='lat' dir='ltr'>cujusdam</span> <span class='ocrx_word' id='word_1_36' title='bbox 621 1009 763 1075; x_wconf 87' lang='lat' dir='ltr'>lusitani</span> <span class='ocrx_word' id='word_1_37' title='bbox 778 1009 898 1073; x_wconf 85' lang='lat' dir='ltr'>verbis</span> <span class='ocrx_word' id='word_1_38' title='bbox 913 1018 1122 1091; x_wconf 89' lang='lat' dir='ltr'>commotus,</span> <span class='ocrx_word' id='word_1_39' title='bbox 1138 1009 1199 1093; x_wconf 92' lang='lat' dir='ltr'>qui</span> <span class='ocrx_word' id='word_1_40' title='bbox 1214 1028 1294 1075; x_wconf 90' lang='lat' dir='ltr'>eum</span> <span class='ocrx_word' id='word_1_41' title='bbox 1310 1008 1472 1075; x_wconf 90' lang='lat' dir='ltr'>Venetiis</span> 
     </span>
     <span class='ocr_line' id='line_1_7' title="bbox 246 1117 1472 1200; baseline 0.001 -20"><span class='ocrx_word' id='word_1_42' title='bbox 246 1118 424 1198; x_wconf 83' lang='lat' dir='ltr'>convenit,</span> <span class='ocrx_word' id='word_1_43' title='bbox 440 1126 475 1182; x_wconf 94' lang='lat' dir='ltr'>et</span> <span class='ocrx_word' id='word_1_44' title='bbox 490 1117 653 1182; x_wconf 78' lang='lat' dir='ltr'>hortatus</span> <span class='ocrx_word' id='word_1_45' title='bbox 664 1126 718 1189; x_wconf 88' lang='lat' dir='ltr'>est</span> <span class='ocrx_word' id='word_1_46' title='bbox 731 1125 767 1182; x_wconf 93' lang='lat' dir='ltr'>ut</span> <span class='ocrx_word' id='word_1_47' title='bbox 778 1118 822 1181; x_wconf 85' lang='lat' dir='ltr'>ad</span> <span class='ocrx_word' id='word_1_48' title='bbox 838 1118 988 1182; x_wconf 90' lang='lat' dir='ltr'>salutem</span> <span class='ocrx_word' id='word_1_49' title='bbox 1000 1118 1197 1200; x_wconf 89' lang='lat' dir='ltr'>aliquarum</span> <span class='ocrx_word' id='word_1_50' title='bbox 1213 1118 1413 1182; x_wconf 89' lang='lat' dir='ltr'>animarum</span> <span class='ocrx_word' id='word_1_51' title='bbox 1430 1134 1472 1181; x_wconf 91' lang='lat' dir='ltr'>eo</span> 
     </span>
     <span class='ocr_line' id='line_1_8' title="bbox 245 1224 395 1289; baseline 0.007 -2"><span class='ocrx_word' id='word_1_52' title='bbox 245 1224 395 1289; x_wconf 87' lang='lat' dir='ltr'>veniret.</span> 
     </span>
    </p>

    <p class='ocr_par' dir='ltr' id='par_1_4' title="bbox 244 1330 1475 2167">
     <span class='ocr_line' id='line_1_9' title="bbox 304 1330 1470 1416; baseline 0.001 -20"><span class='ocrx_word' id='word_1_53' title='bbox 304 1330 375 1396; x_wconf 80' lang='grc'><strong>897.</strong></span> <span class='ocrx_word' id='word_1_54' title='bbox 419 1332 629 1399; x_wconf 84' lang='lat' dir='ltr'>Exhiserat</span> <span class='ocrx_word' id='word_1_55' title='bbox 640 1334 814 1399; x_wconf 88' lang='lat' dir='ltr'>lusitanus</span> <span class='ocrx_word' id='word_1_56' title='bbox 825 1334 895 1413; x_wconf 91' lang='lat' dir='ltr'>ille,</span> <span class='ocrx_word' id='word_1_57' title='bbox 908 1334 968 1415; x_wconf 90' lang='lat' dir='ltr'>qui</span> <span class='ocrx_word' id='word_1_58' title='bbox 979 1334 1178 1416; x_wconf 86' lang='lat' dir='ltr'>baptizatus</span> <span class='ocrx_word' id='word_1_59' title='bbox 1189 1332 1331 1415; x_wconf 87' lang='lat' dir='ltr'>quidem</span> <span class='ocrx_word' id='word_1_60' title='bbox 1342 1332 1470 1413; x_wconf 87' lang='lat' dir='ltr'>iuerat,</span> 
     </span>
     <span class='ocr_line' id='line_1_10' title="bbox 244 1438 1473 1523; baseline 0.001 -19"><span class='ocrx_word' id='word_1_61' title='bbox 244 1439 307 1504; x_wconf 88' lang='lat' dir='ltr'>sed</span> <span class='ocrx_word' id='word_1_62' title='bbox 321 1440 368 1504; x_wconf 90' lang='lat' dir='ltr'>ad</span> <span class='ocrx_word' id='word_1_63' title='bbox 378 1438 594 1521; x_wconf 77' lang='lat' dir='ltr'><strong>judaismum</strong></span> <span class='ocrx_word' id='word_1_64' title='bbox 614 1441 874 1521; x_wconf 86' lang='lat' dir='ltr'>declinaverat,</span> <span class='ocrx_word' id='word_1_65' title='bbox 895 1452 929 1505; x_wconf 91' lang='lat' dir='ltr'>et</span> <span class='ocrx_word' id='word_1_66' title='bbox 945 1442 1058 1505; x_wconf 91' lang='lat' dir='ltr'>sacris</span> <span class='ocrx_word' id='word_1_67' title='bbox 1079 1440 1274 1523; x_wconf 91' lang='lat' dir='ltr'>Scripturis</span> <span class='ocrx_word' id='word_1_68' title='bbox 1295 1458 1334 1505; x_wconf 88' lang='lat' dir='ltr'>se</span> <span class='ocrx_word' id='word_1_69' title='bbox 1354 1440 1473 1506; x_wconf 82' lang='lat' dir='ltr'>convi-</span> 
     </span>
     <span class='ocr_line' id='line_1_11' title="bbox 245 1547 1475 1629; baseline 0 -18"><span class='ocrx_word' id='word_1_70' title='bbox 245 1555 341 1612; x_wconf 89' lang='lat' dir='ltr'>ctum</span> <span class='ocrx_word' id='word_1_71' title='bbox 355 1548 565 1613; x_wconf 85' lang='lat' dir='ltr'>ostendebat</span> <span class='ocrx_word' id='word_1_72' title='bbox 580 1556 617 1612; x_wconf 91' lang='lat' dir='ltr'>ut</span> <span class='ocrx_word' id='word_1_73' title='bbox 636 1547 681 1612; x_wconf 88' lang='lat' dir='ltr'>ad</span> <span class='ocrx_word' id='word_1_74' title='bbox 696 1547 927 1613; x_wconf 83' lang='lat' dir='ltr'>christianam</span> <span class='ocrx_word' id='word_1_75' title='bbox 947 1548 1152 1629; x_wconf 87' lang='lat' dir='ltr'>religionem</span> <span class='ocrx_word' id='word_1_76' title='bbox 1173 1549 1316 1629; x_wconf 88' lang='lat' dir='ltr'>rediret,</span> <span class='ocrx_word' id='word_1_77' title='bbox 1337 1557 1372 1613; x_wconf 91' lang='lat' dir='ltr'>et</span> <span class='ocrx_word' id='word_1_78' title='bbox 1387 1548 1475 1613; x_wconf 88' lang='lat' dir='ltr'>satis</span> 
     </span>
     <span class='ocr_line' id='line_1_12' title="bbox 244 1654 1473 1737; baseline 0.002 -18"><span class='ocrx_word' id='word_1_79' title='bbox 244 1654 404 1721; x_wconf 85' lang='lat' dir='ltr'>eruditus</span> <span class='ocrx_word' id='word_1_80' title='bbox 417 1665 452 1720; x_wconf 94' lang='lat' dir='ltr'>et</span> <span class='ocrx_word' id='word_1_81' title='bbox 466 1656 526 1737; x_wconf 88' lang='lat' dir='ltr'>plo</span> <span class='ocrx_word' id='word_1_82' title='bbox 539 1658 616 1721; x_wconf 91' lang='lat' dir='ltr'>zelo</span> <span class='ocrx_word' id='word_1_83' title='bbox 631 1666 747 1721; x_wconf 88' lang='lat' dir='ltr'>motus</span> <span class='ocrx_word' id='word_1_84' title='bbox 760 1654 949 1721; x_wconf 87' lang='lat' dir='ltr'>videbatur</span> <span class='ocrx_word' id='word_1_85' title='bbox 964 1655 986 1718; x_wconf 77' lang='lat'>³.</span> <span class='ocrx_word' id='word_1_86' title='bbox 1005 1654 1157 1736; x_wconf 84' lang='lat' dir='ltr'>Rogavit</span> <span class='ocrx_word' id='word_1_87' title='bbox 1173 1665 1293 1721; x_wconf 91' lang='lat' dir='ltr'>autem</span> <span class='ocrx_word' id='word_1_88' title='bbox 1309 1654 1347 1721; x_wconf 90' lang='lat' dir='ltr'>P.</span> <span class='ocrx_word' id='word_1_89' title='bbox 1363 1654 1473 1721; x_wconf 89' lang='lat' dir='ltr'>Simo·</span> 
     </span>
     <span class='ocr_line' id='line_1_13' title="bbox 245 1761 1471 1845; baseline 0.002 -19"><span class='ocrx_word' id='word_1_90' title='bbox 245 1778 337 1841; x_wconf 87' lang='lat' dir='ltr'>nem,</span> <span class='ocrx_word' id='word_1_91' title='bbox 352 1761 444 1829; x_wconf 86' lang='lat' dir='ltr'>sorte</span> <span class='ocrx_word' id='word_1_92' title='bbox 458 1763 494 1828; x_wconf 92' lang='lat' dir='ltr'>in</span> <span class='ocrx_word' id='word_1_93' title='bbox 517 1761 733 1843; x_wconf 89' lang='lat' dir='ltr'>Portugallia</span> <span class='ocrx_word' id='word_1_94' title='bbox 753 1772 897 1841; x_wconf 92' lang='lat' dir='ltr'>notum,</span> <span class='ocrx_word' id='word_1_95' title='bbox 919 1771 956 1827; x_wconf 91' lang='lat' dir='ltr'>ut</span> <span class='ocrx_word' id='word_1_96' title='bbox 971 1763 1016 1827; x_wconf 86' lang='lat' dir='ltr'>ad</span> <span class='ocrx_word' id='word_1_97' title='bbox 1031 1763 1142 1845; x_wconf 89' lang='lat' dir='ltr'>ipsius</span> <span class='ocrx_word' id='word_1_98' title='bbox 1161 1779 1307 1828; x_wconf 87' lang='lat' dir='ltr'>uxorem</span> <span class='ocrx_word' id='word_1_99' title='bbox 1327 1780 1471 1829; x_wconf 88' lang='lat' dir='ltr'>conver·</span> 
     </span>
     <span class='ocr_line' id='line_1_14' title="bbox 245 1857 1473 1936; baseline 0.002 -3"><span class='ocrx_word' id='word_1_100' title='bbox 245 1869 386 1934; x_wconf 86' lang='lat' dir='ltr'>tendam</span> <span class='ocrx_word' id='word_1_101' title='bbox 401 1880 437 1935; x_wconf 91' lang='lat' dir='ltr'>et</span> <span class='ocrx_word' id='word_1_102' title='bbox 450 1872 540 1936; x_wconf 90' lang='lat' dir='ltr'>alios</span> <span class='ocrx_word' id='word_1_103' title='bbox 554 1870 661 1935; x_wconf 90' lang='lat' dir='ltr'>etiam</span> <span class='ocrx_word' id='word_1_104' title='bbox 676 1870 824 1935; x_wconf 84' lang='lat' dir='ltr'>veniret.</span> <span class='ocrx_word' id='word_1_105' title='bbox 848 1870 949 1935; x_wconf 89' lang='lat' dir='ltr'>illum</span> <span class='ocrx_word' id='word_1_106' title='bbox 975 1878 1094 1935; x_wconf 88' lang='lat' dir='ltr'>autem</span> <span class='ocrx_word' id='word_1_107' title='bbox 1112 1857 1303 1936; x_wconf 71' lang='lat' dir='ltr'>lusitanum</span> <span class='ocrx_word' id='word_1_108' title='bbox 1322 1871 1473 1936; x_wconf 87' lang='lat' dir='ltr'>auctori·</span> 
     </span>
     <span class='ocr_line' id='line_1_15' title="bbox 244 1976 1473 2060; baseline 0.003 -21"><span class='ocrx_word' id='word_1_109' title='bbox 244 1984 316 2041; x_wconf 85' lang='lat' dir='ltr'>tate</span> <span class='ocrx_word' id='word_1_110' title='bbox 339 1976 561 2059; x_wconf 86' lang='lat' dir='ltr'>inquisitoris</span> <span class='ocrx_word' id='word_1_111' title='bbox 588 1978 844 2043; x_wconf 85' lang='lat' dir='ltr'>absolvendum</span> <span class='ocrx_word' id='word_1_112' title='bbox 873 1978 1019 2060; x_wconf 88' lang='lat' dir='ltr'>putabat</span> <span class='ocrx_word' id='word_1_113' title='bbox 1050 1976 1259 2059; x_wconf 85' lang='lat' dir='ltr'>Ferrariae,</span> <span class='ocrx_word' id='word_1_114' title='bbox 1285 1987 1324 2043; x_wconf 94' lang='lat' dir='ltr'>ut</span> <span class='ocrx_word' id='word_1_115' title='bbox 1347 1976 1473 2043; x_wconf 88' lang='lat' dir='ltr'>deinde</span> 
     </span>
     <span class='ocr_line' id='line_1_16' title="bbox 244 2082 1173 2167; baseline -0.001 -20"><span class='ocrx_word' id='word_1_116' title='bbox 244 2082 378 2149; x_wconf 84' lang='lat' dir='ltr'>Romae</span> <span class='ocrx_word' id='word_1_117' title='bbox 391 2084 567 2150; x_wconf 85' lang='lat' dir='ltr'>absolutio</span> <span class='ocrx_word' id='word_1_118' title='bbox 583 2086 618 2151; x_wconf 92' lang='lat' dir='ltr'>in</span> <span class='ocrx_word' id='word_1_119' title='bbox 633 2094 783 2167; x_wconf 89' lang='lat' dir='ltr'>utroque</span> <span class='ocrx_word' id='word_1_120' title='bbox 796 2084 875 2149; x_wconf 85' lang='lat' dir='ltr'>foro</span> <span class='ocrx_word' id='word_1_121' title='bbox 890 2084 1173 2149; x_wconf 87' lang='lat' dir='ltr'>confirmaretur.</span> 
     </span>
    </p>

    <p class='ocr_par' dir='ltr' id='par_1_5' title="bbox 242 2190 1473 3024">
     <span class='ocr_line' id='line_1_17' title="bbox 302 2190 1473 2275; baseline 0.002 -20"><span class='ocrx_word' id='word_1_122' title='bbox 302 2190 375 2255; x_wconf 85' lang='grc'><strong>898.</strong></span> <span class='ocrx_word' id='word_1_123' title='bbox 416 2192 498 2257; x_wconf 87' lang='lat' dir='ltr'>Fuit</span> <span class='ocrx_word' id='word_1_124' title='bbox 522 2201 641 2257; x_wconf 84' lang='lat' dir='ltr'>autem</span> <span class='ocrx_word' id='word_1_125' title='bbox 659 2202 841 2275; x_wconf 81' lang='lat' dir='ltr'>exceptus.</span> <span class='ocrx_word' id='word_1_126' title='bbox 864 2209 944 2256; x_wconf 91' lang='lat' dir='ltr'>cum</span> <span class='ocrx_word' id='word_1_127' title='bbox 960 2192 1162 2257; x_wconf 88' lang='lat' dir='ltr'>Ferrariam</span> <span class='ocrx_word' id='word_1_128' title='bbox 1182 2192 1290 2269; x_wconf 89' lang='lat' dir='ltr'>venit,</span> <span class='ocrx_word' id='word_1_129' title='bbox 1308 2192 1473 2257; x_wconf 89' lang='lat' dir='ltr'>amantis·</span> 
     </span>
     <span class='ocr_line' id='line_1_18' title="bbox 243 2297 1472 2382; baseline 0.002 -19"><span class='ocrx_word' id='word_1_130' title='bbox 243 2299 331 2363; x_wconf 88' lang='lat' dir='ltr'>sime</span> <span class='ocrx_word' id='word_1_131' title='bbox 346 2315 367 2363; x_wconf 85' lang='lat' dir='ltr'>a</span> <span class='ocrx_word' id='word_1_132' title='bbox 382 2300 565 2381; x_wconf 86' lang='lat' dir='ltr'>praedicto</span> <span class='ocrx_word' id='word_1_133' title='bbox 578 2299 744 2380; x_wconf 89' lang='lat' dir='ltr'>lusitano;</span> <span class='ocrx_word' id='word_1_134' title='bbox 758 2316 864 2382; x_wconf 87' lang='lat' dir='ltr'>quern</span> <span class='ocrx_word' id='word_1_135' title='bbox 879 2316 960 2364; x_wconf 89' lang='lat' dir='ltr'>cum</span> <span class='ocrx_word' id='word_1_136' title='bbox 976 2299 1022 2363; x_wconf 88' lang='lat' dir='ltr'>ad</span> <span class='ocrx_word' id='word_1_137' title='bbox 1037 2297 1276 2371; x_wconf 77' lang='lat' dir='ltr'>reductionem</span> <span class='ocrx_word' id='word_1_138' title='bbox 1292 2315 1335 2363; x_wconf 87' lang='lat' dir='ltr'>ac</span> <span class='ocrx_word' id='word_1_139' title='bbox 1351 2316 1472 2365; x_wconf 91' lang='lat' dir='ltr'>recon-</span> 
     </span>
     <span class='ocr_line' id='line_1_19' title="bbox 243 2404 1472 2486; baseline 0.001 -16"><span class='ocrx_word' id='word_1_140' title='bbox 243 2406 458 2472; x_wconf 89' lang='lat' dir='ltr'>ciliationem</span> <span class='ocrx_word' id='word_1_141' title='bbox 472 2406 690 2471; x_wconf 89' lang='lat' dir='ltr'>adducturus</span> <span class='ocrx_word' id='word_1_142' title='bbox 706 2405 781 2486; x_wconf 79' lang='lat' dir='ltr'>iam</span> <span class='ocrx_word' id='word_1_143' title='bbox 802 2416 912 2484; x_wconf 90' lang='lat' dir='ltr'>esset,</span> <span class='ocrx_word' id='word_1_144' title='bbox 937 2404 1080 2470; x_wconf 90' lang='lat' dir='ltr'>domurn</span> <span class='ocrx_word' id='word_1_145' title='bbox 1100 2406 1157 2469; x_wconf 90' lang='lat' dir='ltr'>ille</span> <span class='ocrx_word' id='word_1_146' title='bbox 1171 2422 1253 2469; x_wconf 88' lang='lat' dir='ltr'>cum</span> <span class='ocrx_word' id='word_1_147' title='bbox 1271 2421 1336 2469; x_wconf 87' lang='lat' dir='ltr'>sua</span> <span class='ocrx_word' id='word_1_148' title='bbox 1359 2422 1472 2471; x_wconf 87' lang='lat' dir='ltr'>uxore</span> 
     </span>
     <span class='ocr_line' id='line_1_20' title="bbox 242 2510 1472 2596; baseline 0.001 -19"><span class='ocrx_word' id='word_1_149' title='bbox 242 2513 409 2591; x_wconf 84' lang='lat' dir='ltr'>mutavit,</span> <span class='ocrx_word' id='word_1_150' title='bbox 439 2530 505 2577; x_wconf 90' lang='lat' dir='ltr'>nee</span> <span class='ocrx_word' id='word_1_151' title='bbox 535 2514 687 2596; x_wconf 86' lang='lat' dir='ltr'>amplius</span> <span class='ocrx_word' id='word_1_152' title='bbox 715 2532 736 2577; x_wconf 92' lang='lat' dir='ltr'>a</span> <span class='ocrx_word' id='word_1_153' title='bbox 766 2512 804 2577; x_wconf 89' lang='lat' dir='ltr'>P.</span> <span class='ocrx_word' id='word_1_154' title='bbox 832 2511 977 2577; x_wconf 86' lang='lat' dir='ltr'>Simone</span> <span class='ocrx_word' id='word_1_155' title='bbox 1002 2512 1101 2577; x_wconf 86' lang='lat' dir='ltr'>visus</span> <span class='ocrx_word' id='word_1_156' title='bbox 1127 2521 1191 2577; x_wconf 91' lang='lat' dir='ltr'>est.</span> <span class='ocrx_word' id='word_1_157' title='bbox 1218 2510 1472 2593; x_wconf 84' lang='lat' dir='ltr'>Suspicabatur</span> 
     </span>
     <span class='ocr_line' id='line_1_21' title="bbox 242 2619 1471 2703; baseline 0.001 -18"><span class='ocrx_word' id='word_1_158' title='bbox 242 2630 361 2686; x_wconf 90' lang='lat' dir='ltr'>autem</span> <span class='ocrx_word' id='word_1_159' title='bbox 375 2619 414 2685; x_wconf 92' lang='lat' dir='ltr'>P.</span> <span class='ocrx_word' id='word_1_160' title='bbox 431 2619 564 2701; x_wconf 88' lang='lat' dir='ltr'>Simon,</span> <span class='ocrx_word' id='word_1_161' title='bbox 580 2630 618 2686; x_wconf 92' lang='lat' dir='ltr'>ut</span> <span class='ocrx_word' id='word_1_162' title='bbox 632 2620 666 2685; x_wconf 91' lang='lat' dir='ltr'>id</span> <span class='ocrx_word' id='word_1_163' title='bbox 681 2636 795 2702; x_wconf 87' lang='lat' dir='ltr'>genus</span> <span class='ocrx_word' id='word_1_164' title='bbox 811 2620 993 2685; x_wconf 89' lang='lat' dir='ltr'>hominum</span> <span class='ocrx_word' id='word_1_165' title='bbox 1009 2629 1164 2685; x_wconf 86' lang='lat' dir='ltr'>astutum</span> <span class='ocrx_word' id='word_1_166' title='bbox 1179 2629 1233 2685; x_wconf 89' lang='lat' dir='ltr'>est</span> <span class='ocrx_word' id='word_1_167' title='bbox 1246 2628 1281 2684; x_wconf 93' lang='lat' dir='ltr'>et</span> <span class='ocrx_word' id='word_1_168' title='bbox 1300 2620 1471 2703; x_wconf 90' lang='lat' dir='ltr'>suspicio-</span> 
     </span>
     <span class='ocr_line' id='line_1_22' title="bbox 242 2727 1469 2812; baseline 0 -20"><span class='ocrx_word' id='word_1_169' title='bbox 242 2745 333 2808; x_wconf 90' lang='lat' dir='ltr'>sum,</span> <span class='ocrx_word' id='word_1_170' title='bbox 348 2728 443 2812; x_wconf 90' lang='lat' dir='ltr'>quod</span> <span class='ocrx_word' id='word_1_171' title='bbox 462 2737 627 2809; x_wconf 87' lang='lat' dir='ltr'>putarent</span> <span class='ocrx_word' id='word_1_172' title='bbox 646 2729 760 2810; x_wconf 90' lang='lat' dir='ltr'>ipsum</span> <span class='ocrx_word' id='word_1_173' title='bbox 780 2727 913 2810; x_wconf 89' lang='lat' dir='ltr'>aliquid</span> <span class='ocrx_word' id='word_1_174' title='bbox 935 2737 1071 2792; x_wconf 88' lang='lat' dir='ltr'>secrete</span> <span class='ocrx_word' id='word_1_175' title='bbox 1091 2727 1205 2792; x_wconf 90' lang='lat' dir='ltr'>moliri</span> <span class='ocrx_word' id='word_1_176' title='bbox 1220 2736 1344 2792; x_wconf 90' lang='lat' dir='ltr'>contra</span> <span class='ocrx_word' id='word_1_177' title='bbox 1360 2727 1469 2810; x_wconf 93' lang='lat' dir='ltr'>ipsos,</span> 
     </span>
     <span class='ocr_line' id='line_1_23' title="bbox 242 2835 1469 2918; baseline 0 -18"><span class='ocrx_word' id='word_1_178' title='bbox 242 2845 277 2901; x_wconf 90' lang='lat' dir='ltr'>et</span> <span class='ocrx_word' id='word_1_179' title='bbox 288 2837 382 2918; x_wconf 90' lang='lat' dir='ltr'>quod</span> <span class='ocrx_word' id='word_1_180' title='bbox 397 2837 495 2901; x_wconf 92' lang='lat' dir='ltr'>illum</span> <span class='ocrx_word' id='word_1_181' title='bbox 510 2835 698 2915; x_wconf 87' lang='lat' dir='ltr'>bominem,</span> <span class='ocrx_word' id='word_1_182' title='bbox 715 2845 896 2918; x_wconf 89' lang='lat' dir='ltr'>tamquam</span> <span class='ocrx_word' id='word_1_183' title='bbox 910 2835 1132 2899; x_wconf 88' lang='lat' dir='ltr'>emissarium</span> <span class='ocrx_word' id='word_1_184' title='bbox 1147 2845 1181 2898; x_wconf 87' lang='lat' dir='ltr'>et</span> <span class='ocrx_word' id='word_1_185' title='bbox 1196 2836 1469 2916; x_wconf 86' lang='lat' dir='ltr'>exploratorem,</span> 
     </span>
     <span class='ocr_line' id='line_1_24' title="bbox 242 2942 1214 3024; baseline -0.004 -14"><span class='ocrx_word' id='word_1_186' title='bbox 242 2945 289 3010; x_wconf 90' lang='lat' dir='ltr'>ad</span> <span class='ocrx_word' id='word_1_187' title='bbox 302 2960 383 3010; x_wconf 87' lang='lat' dir='ltr'>eum</span> <span class='ocrx_word' id='word_1_188' title='bbox 397 2943 582 3019; x_wconf 88' lang='lat' dir='ltr'>miserunt,</span> <span class='ocrx_word' id='word_1_189' title='bbox 598 2952 636 3008; x_wconf 90' lang='lat' dir='ltr'>ut</span> <span class='ocrx_word' id='word_1_190' title='bbox 650 2943 782 3024; x_wconf 88' lang='lat' dir='ltr'>aliquid</span> <span class='ocrx_word' id='word_1_191' title='bbox 797 2943 925 3006; x_wconf 88' lang='lat' dir='ltr'>eiicere</span> <span class='ocrx_word' id='word_1_192' title='bbox 940 2942 984 3005; x_wconf 91' lang='lat' dir='ltr'>ab</span> <span class='ocrx_word' id='word_1_193' title='bbox 999 2959 1043 3006; x_wconf 93' lang='lat' dir='ltr'>eo</span> <span class='ocrx_word' id='word_1_194' title='bbox 1057 2951 1214 3022; x_wconf 90' lang='lat' dir='ltr'>possent.</span> 
     </span>
    </p>

    <p class='ocr_par' dir='ltr' id='par_1_6' title="bbox 299 3047 1466 3132">
     <span class='ocr_line' id='line_1_25' title="bbox 299 3047 1466 3132; baseline 0 -16"><span class='ocrx_word' id='word_1_195' title='bbox 299 3051 371 3120; x_wconf 88' lang='lat'><strong>899.</strong></span> <span class='ocrx_word' id='word_1_196' title='bbox 414 3052 669 3117; x_wconf 89' lang='lat' dir='ltr'>Persuaserant</span> <span class='ocrx_word' id='word_1_197' title='bbox 703 3051 810 3114; x_wconf 88' lang='lat' dir='ltr'>etiam</span> <span class='ocrx_word' id='word_1_198' title='bbox 841 3050 909 3115; x_wconf 90' lang='lat' dir='ltr'>sibi</span> <span class='ocrx_word' id='word_1_199' title='bbox 938 3047 1032 3131; x_wconf 90' lang='lat' dir='ltr'>quod</span> <span class='ocrx_word' id='word_1_200' title='bbox 1060 3050 1302 3130; x_wconf 76' lang='lat' dir='ltr'>portugalliae</span> <span class='ocrx_word' id='word_1_201' title='bbox 1331 3051 1466 3132; x_wconf 87' lang='lat' dir='ltr'>Regina</span> 
     </span>
    </p>
   </div>
   <div class='ocr_carea' id='block_1_3' title="bbox 237 3155 1468 3888">
    <p class='ocr_par' dir='ltr' id='par_1_7' title="bbox 237 3155 1468 3888">
     <span class='ocr_line' id='line_1_26' title="bbox 240 3155 1468 3243; baseline -0.001 -18"><span class='ocrx_word' id='word_1_202' title='bbox 240 3162 356 3243; x_wconf 89' lang='lat' dir='ltr'>ipsum</span> <span class='ocrx_word' id='word_1_203' title='bbox 379 3158 393 3192; x_wconf 79' lang='lat'><strong>⁴</strong></span> <span class='ocrx_word' id='word_1_204' title='bbox 416 3159 702 3240; x_wconf 84' lang='lat' dir='ltr'>Hierosolymam</span> <span class='ocrx_word' id='word_1_205' title='bbox 727 3158 888 3226; x_wconf 92' lang='lat' dir='ltr'>mittebat</span> <span class='ocrx_word' id='word_1_206' title='bbox 903 3159 948 3222; x_wconf 91' lang='lat' dir='ltr'>ob</span> <span class='ocrx_word' id='word_1_207' title='bbox 976 3157 1037 3222; x_wconf 85' lang='lat' dir='ltr'>lilii</span> <span class='ocrx_word' id='word_1_208' title='bbox 1061 3158 1117 3222; x_wconf 92' lang='lat' dir='ltr'>sui</span> <span class='ocrx_word' id='word_1_209' title='bbox 1143 3155 1155 3189; x_wconf 78' lang='lat'>⁵</span> <span class='ocrx_word' id='word_1_210' title='bbox 1180 3168 1342 3240; x_wconf 92' lang='lat' dir='ltr'>mortem,</span> <span class='ocrx_word' id='word_1_211' title='bbox 1368 3169 1403 3224; x_wconf 93' lang='lat' dir='ltr'>et</span> <span class='ocrx_word' id='word_1_212' title='bbox 1431 3169 1468 3224; x_wconf 93' lang='lat' dir='ltr'>ut</span> 
     </span>
     <span class='ocr_line' id='line_1_27' title="bbox 239 3263 1468 3350; baseline -0.001 -18"><span class='ocrx_word' id='word_1_213' title='bbox 239 3269 354 3349; x_wconf 89' lang='lat' dir='ltr'>ipsam</span> <span class='ocrx_word' id='word_1_214' title='bbox 371 3286 416 3333; x_wconf 85' lang='lat' dir='ltr'>ac</span> <span class='ocrx_word' id='word_1_215' title='bbox 434 3286 584 3350; x_wconf 89' lang='lat' dir='ltr'>regnum</span> <span class='ocrx_word' id='word_1_216' title='bbox 607 3268 785 3334; x_wconf 87' lang='lat' dir='ltr'>liberaret.</span> <span class='ocrx_word' id='word_1_217' title='bbox 812 3265 858 3332; x_wconf 88' lang='lat' dir='ltr'>Et</span> <span class='ocrx_word' id='word_1_218' title='bbox 882 3266 932 3330; x_wconf 88' lang='lat' dir='ltr'>ita</span> <span class='ocrx_word' id='word_1_219' title='bbox 956 3265 1140 3331; x_wconf 89' lang='lat' dir='ltr'>dubitabat</span> <span class='ocrx_word' id='word_1_220' title='bbox 1161 3264 1200 3328; x_wconf 93' lang='grc' dir='ltr'>Ρ.</span> <span class='ocrx_word' id='word_1_221' title='bbox 1227 3263 1349 3330; x_wconf 88' lang='lat' dir='ltr'>Simon</span> <span class='ocrx_word' id='word_1_222' title='bbox 1374 3267 1468 3348; x_wconf 90' lang='lat' dir='ltr'>quod</span> 
     </span>
     <span class='ocr_line' id='line_1_28' title="bbox 238 3367 1465 3458; baseline 0.001 -20"><span class='ocrx_word' id='word_1_223' title='bbox 238 3376 299 3455; x_wconf 86' lang='lat' dir='ltr'>illi,</span> <span class='ocrx_word' id='word_1_224' title='bbox 314 3386 352 3441; x_wconf 91' lang='lat' dir='ltr'>ut</span> <span class='ocrx_word' id='word_1_225' title='bbox 367 3375 456 3457; x_wconf 88' lang='lat' dir='ltr'>Regi</span> <span class='ocrx_word' id='word_1_226' title='bbox 470 3377 709 3458; x_wconf 83' lang='lat' dir='ltr'>Portugalliae</span> <span class='ocrx_word' id='word_1_227' title='bbox 721 3392 796 3439; x_wconf 90' lang='lat' dir='ltr'>rem</span> <span class='ocrx_word' id='word_1_228' title='bbox 807 3375 985 3454; x_wconf 82' lang='lat' dir='ltr'>ingratam</span> <span class='ocrx_word' id='word_1_229' title='bbox 998 3373 1167 3452; x_wconf 87' lang='lat' dir='ltr'>iacerent,</span> <span class='ocrx_word' id='word_1_230' title='bbox 1182 3367 1340 3437; x_wconf 75' lang='lat' dir='ltr'>tutaturi</span> <span class='ocrx_word' id='word_1_231' title='bbox 1352 3382 1465 3454; x_wconf 89' lang='lat' dir='ltr'>erant,</span> 
     </span>
     <span class='ocr_line' id='line_1_29' title="bbox 240 3478 1466 3566; baseline -0.001 -19"><span class='ocrx_word' id='word_1_232' title='bbox 240 3491 287 3564; x_wconf 92' lang='lat' dir='ltr'>ut,</span> <span class='ocrx_word' id='word_1_233' title='bbox 307 3483 339 3548; x_wconf 92' lang='lat' dir='ltr'>si</span> <span class='ocrx_word' id='word_1_234' title='bbox 356 3501 399 3548; x_wconf 91' lang='lat' dir='ltr'>eo</span> <span class='ocrx_word' id='word_1_235' title='bbox 422 3483 601 3566; x_wconf 89' lang='lat' dir='ltr'>proiectus</span> <span class='ocrx_word' id='word_1_236' title='bbox 620 3492 731 3563; x_wconf 90' lang='lat' dir='ltr'>esset,</span> <span class='ocrx_word' id='word_1_237' title='bbox 751 3501 773 3546; x_wconf 87' lang='lat' dir='ltr'>a</span> <span class='ocrx_word' id='word_1_238' title='bbox 798 3481 908 3546; x_wconf 88' lang='lat' dir='ltr'>turcis</span> <span class='ocrx_word' id='word_1_239' title='bbox 935 3481 971 3544; x_wconf 93' lang='lat' dir='ltr'>in</span> <span class='ocrx_word' id='word_1_240' title='bbox 996 3481 1204 3544; x_wconf 88' lang='lat' dir='ltr'>servitutem</span> <span class='ocrx_word' id='word_1_241' title='bbox 1232 3478 1466 3561; x_wconf 85' lang='lat' dir='ltr'>redigeretur,</span> 
     </span>
     <span class='ocr_line' id='line_1_30' title="bbox 238 3585 1466 3672; baseline -0.002 -18"><span class='ocrx_word' id='word_1_242' title='bbox 238 3602 276 3655; x_wconf 88' lang='lat' dir='ltr'>ut</span> <span class='ocrx_word' id='word_1_243' title='bbox 290 3591 358 3672; x_wconf 88' lang='lat' dir='ltr'>ipsi</span> <span class='ocrx_word' id='word_1_244' title='bbox 371 3609 452 3657; x_wconf 90' lang='lat' dir='ltr'>eum</span> <span class='ocrx_word' id='word_1_245' title='bbox 466 3592 512 3656; x_wconf 85' lang='lat' dir='ltr'>ad</span> <span class='ocrx_word' id='word_1_246' title='bbox 526 3591 594 3656; x_wconf 90' lang='lat' dir='ltr'>sibi</span> <span class='ocrx_word' id='word_1_247' title='bbox 607 3591 834 3656; x_wconf 89' lang='lat' dir='ltr'>serviendum</span> <span class='ocrx_word' id='word_1_248' title='bbox 848 3597 1016 3666; x_wconf 88' lang='lat' dir='ltr'>emerent;</span> <span class='ocrx_word' id='word_1_249' title='bbox 1033 3597 1067 3652; x_wconf 91' lang='lat' dir='ltr'>et</span> <span class='ocrx_word' id='word_1_250' title='bbox 1083 3587 1130 3652; x_wconf 89' lang='lat' dir='ltr'>ita</span> <span class='ocrx_word' id='word_1_251' title='bbox 1147 3588 1216 3667; x_wconf 91' lang='lat' dir='ltr'>ille,</span> <span class='ocrx_word' id='word_1_252' title='bbox 1228 3585 1334 3670; x_wconf 87' lang='lat' dir='ltr'>qu&#39;em</span> <span class='ocrx_word' id='word_1_253' title='bbox 1349 3589 1466 3670; x_wconf 87' lang='lat' dir='ltr'>explo-</span> 
     </span>
     <span class='ocr_line' id='line_1_31' title="bbox 237 3695 1466 3782; baseline -0.002 -20"><span class='ocrx_word' id='word_1_254' title='bbox 237 3708 392 3764; x_wconf 86' lang='lat' dir='ltr'>ratorem</span> <span class='ocrx_word' id='word_1_255' title='bbox 415 3699 674 3782; x_wconf 80' lang='lat' dir='ltr'>suspicabatur,</span> <span class='ocrx_word' id='word_1_256' title='bbox 700 3696 968 3778; x_wconf 90' lang='lat' dir='ltr'>diligentissime</span> <span class='ocrx_word' id='word_1_257' title='bbox 993 3695 1155 3760; x_wconf 90' lang='lat' dir='ltr'>Venetiis</span> <span class='ocrx_word' id='word_1_258' title='bbox 1179 3695 1397 3776; x_wconf 88' lang='lat' dir='ltr'>inquirebat,</span> <span class='ocrx_word' id='word_1_259' title='bbox 1421 3713 1466 3760; x_wconf 92' lang='lat' dir='ltr'>an</span> 
     </span>
     <span class='ocr_line' id='line_1_32' title="bbox 238 3804 911 3888; baseline -0.007 -19"><span class='ocrx_word' id='word_1_260' title='bbox 238 3805 505 3888; x_wconf 74' lang='lat' dir='ltr'>Hierosolymas</span> <span class='ocrx_word' id='word_1_261' title='bbox 518 3804 557 3871; x_wconf 93' lang='lat' dir='ltr'>P.</span> <span class='ocrx_word' id='word_1_262' title='bbox 573 3805 695 3871; x_wconf 87' lang='lat' dir='ltr'>Simon</span> <span class='ocrx_word' id='word_1_263' title='bbox 710 3805 911 3884; x_wconf 85' lang='lat' dir='ltr'>navigaret.</span> 
     </span>
    </p>
   </div>
   <div class='ocr_carea' id='block_1_4' title="bbox 235 3975 1467 4683">
    <p class='ocr_par' dir='ltr' id='par_1_8' title="bbox 283 3975 453 4033">
     <span class='ocr_line' id='line_1_33' title="bbox 283 3975 453 4033; baseline 0.006 -12"><span class='ocrx_word' id='word_1_264' title='bbox 283 3976 294 4012; x_wconf 82' lang='lat'>¹</span> <span class='ocrx_word' id='word_1_265' title='bbox 321 3975 453 4033; x_wconf 73' lang='lat' dir='ltr'>ignatius.</span> 
     </span>
    </p>

    <p class='ocr_par' dir='ltr' id='par_1_9' title="bbox 235 4045 1467 4464">
     <span class='ocr_line' id='line_1_34' title="bbox 281 4045 1466 4112; baseline -0.004 -18"><span class='ocrx_word' id='word_1_266' title='bbox 281 4049 293 4083; x_wconf 82' lang='lat'><strong>¹</strong></span> <span class='ocrx_word' id='word_1_267' title='bbox 319 4048 439 4094; x_wconf 74' lang='lat' dir='ltr'>&#39;Reelbld</span> <span class='ocrx_word' id='word_1_268' title='bbox 449 4048 561 4095; x_wconf 77' lang='lat' dir='ltr'>Nueetro</span> <span class='ocrx_word' id='word_1_269' title='bbox 570 4047 655 4093; x_wconf 81' lang='lat' dir='ltr'>Padre</span> <span class='ocrx_word' id='word_1_270' title='bbox 666 4047 692 4094; x_wconf 79' lang='lat' dir='ltr'>la</span> <span class='ocrx_word' id='word_1_271' title='bbox 702 4047 734 4094; x_wconf 85' lang='lat' dir='ltr'>de</span> <span class='ocrx_word' id='word_1_272' title='bbox 744 4046 777 4093; x_wconf 92' lang='lat' dir='ltr'>V.</span> <span class='ocrx_word' id='word_1_273' title='bbox 788 4046 819 4092; x_wconf 85' lang='lat' dir='ltr'>R.</span> <span class='ocrx_word' id='word_1_274' title='bbox 829 4047 861 4091; x_wconf 84' lang='lat' dir='ltr'>de</span> <span class='ocrx_word' id='word_1_275' title='bbox 871 4045 902 4112; x_wconf 62' lang='grc' dir='ltr'>ἓξ</span> <span class='ocrx_word' id='word_1_276' title='bbox 908 4047 950 4092; x_wconf 89' lang='lat' dir='ltr'>del</span> <span class='ocrx_word' id='word_1_277' title='bbox 962 4047 1067 4102; x_wconf 70' lang='lat' dir='ltr'>paredo,</span> <span class='ocrx_word' id='word_1_278' title='bbox 1078 4058 1095 4104; x_wconf 88' lang='lat' dir='ltr'>y</span> <span class='ocrx_word' id='word_1_279' title='bbox 1105 4056 1199 4091; x_wconf 68' lang='lat' dir='ltr'>aceres</span> <span class='ocrx_word' id='word_1_280' title='bbox 1209 4045 1240 4090; x_wconf 82' lang='lat' dir='ltr'>de</span> <span class='ocrx_word' id='word_1_281' title='bbox 1255 4046 1282 4091; x_wconf 82' lang='lat' dir='ltr'>la</span> <span class='ocrx_word' id='word_1_282' title='bbox 1296 4045 1428 4102; x_wconf 81' lang='lat' dir='ltr'>provisioo</span> <span class='ocrx_word' id='word_1_283' title='bbox 1439 4055 1466 4089; x_wconf 77' lang='lat' dir='ltr'>re</span> 
     </span>
     <span class='ocr_line' id='line_1_35' title="bbox 237 4116 1467 4176; baseline -0.005 -10"><span class='ocrx_word' id='word_1_284' title='bbox 237 4120 484 4168; x_wconf 68' lang='lat' dir='ltr'>uoeibedffleetru</span> <span class='ocrx_word' id='word_1_285' title='bbox 494 4121 576 4166; x_wconf 74' lang='lat' dir='ltr'>cestr</span> <span class='ocrx_word' id='word_1_286' title='bbox 585 4133 634 4176; x_wconf 88' lang='lat' dir='ltr'>que</span> <span class='ocrx_word' id='word_1_287' title='bbox 644 4131 744 4176; x_wconf 71' lang='lat' dir='ltr'>proven</span> <span class='ocrx_word' id='word_1_288' title='bbox 754 4121 784 4164; x_wconf 89' lang='lat' dir='ltr'>de</span> <span class='ocrx_word' id='word_1_289' title='bbox 797 4121 823 4164; x_wconf 88' lang='lat' dir='ltr'>lo</span> <span class='ocrx_word' id='word_1_290' title='bbox 833 4130 883 4174; x_wconf 88' lang='lat' dir='ltr'>que</span> <span class='ocrx_word' id='word_1_291' title='bbox 898 4119 970 4163; x_wconf 82' lang='lat' dir='ltr'>suere</span> <span class='ocrx_word' id='word_1_292' title='bbox 987 4123 1124 4169; x_wconf 75' lang='lat' dir='ltr'>monaster.</span> <span class='ocrx_word' id='word_1_293' title='bbox 1137 4129 1154 4172; x_wconf 79' lang='lat' dir='ltr'>y</span> <span class='ocrx_word' id='word_1_294' title='bbox 1169 4119 1209 4162; x_wconf 76' lang='lat' dir='ltr'>esi</span> <span class='ocrx_word' id='word_1_295' title='bbox 1224 4118 1250 4162; x_wconf 92' lang='lat' dir='ltr'>lo</span> <span class='ocrx_word' id='word_1_296' title='bbox 1264 4118 1339 4163; x_wconf 78' lang='lat' dir='ltr'>bara.</span> <span class='ocrx_word' id='word_1_297' title='bbox 1357 4116 1410 4162; x_wconf 86' lang='lat' dir='ltr'>Con</span> <span class='ocrx_word' id='word_1_298' title='bbox 1423 4127 1467 4160; x_wconf 81' lang='lat' dir='ltr'>eso</span> 
     </span>
     <span class='ocr_line' id='line_1_36' title="bbox 236 4188 1466 4251; baseline -0.005 -13"><span class='ocrx_word' id='word_1_299' title='bbox 236 4202 355 4251; x_wconf 71' lang='lat' dir='ltr'>temporo</span> <span class='ocrx_word' id='word_1_300' title='bbox 364 4203 443 4250; x_wconf 78' lang='lat' dir='ltr'>tenga</span> <span class='ocrx_word' id='word_1_301' title='bbox 453 4195 588 4248; x_wconf 75' lang='lat' dir='ltr'>ererdpulo</span> <span class='ocrx_word' id='word_1_302' title='bbox 598 4192 665 4238; x_wconf 85' lang='lat' dir='ltr'>V.R</span> <span class='ocrx_word' id='word_1_303' title='bbox 681 4193 712 4236; x_wconf 87' lang='lat' dir='ltr'>de</span> <span class='ocrx_word' id='word_1_304' title='bbox 723 4199 808 4237; x_wconf 78' lang='lat' dir='ltr'>tomar</span> <span class='ocrx_word' id='word_1_305' title='bbox 819 4193 934 4246; x_wconf 86' lang='lat' dir='ltr'>loquele</span> <span class='ocrx_word' id='word_1_306' title='bbox 947 4193 1035 4236; x_wconf 77' lang='lat' dir='ltr'>diesen</span> <span class='ocrx_word' id='word_1_307' title='bbox 1046 4201 1094 4246; x_wconf 89' lang='lat' dir='ltr'>por</span> <span class='ocrx_word' id='word_1_308' title='bbox 1108 4192 1225 4241; x_wconf 78' lang='lat' dir='ltr'>llmouna.</span> <span class='ocrx_word' id='word_1_309' title='bbox 1241 4191 1268 4233; x_wconf 86' lang='lat' dir='ltr'>nt</span> <span class='ocrx_word' id='word_1_310' title='bbox 1283 4189 1314 4233; x_wconf 82' lang='lat' dir='ltr'>de</span> <span class='ocrx_word' id='word_1_311' title='bbox 1328 4191 1352 4234; x_wconf 90' lang='lat' dir='ltr'>lo</span> <span class='ocrx_word' id='word_1_312' title='bbox 1367 4188 1466 4243; x_wconf 75' lang='lat' dir='ltr'>paredo</span> 
     </span>
     <span class='ocr_line' id='line_1_37' title="bbox 236 4259 1466 4321; baseline -0.006 -11"><span class='ocrx_word' id='word_1_313' title='bbox 236 4277 264 4310; x_wconf 78' lang='lat' dir='ltr'>ue</span> <span class='ocrx_word' id='word_1_314' title='bbox 274 4274 360 4320; x_wconf 76' lang='lat' dir='ltr'>terga,</span> <span class='ocrx_word' id='word_1_315' title='bbox 371 4277 435 4321; x_wconf 80' lang='lat' dir='ltr'>pnes</span> <span class='ocrx_word' id='word_1_316' title='bbox 445 4276 473 4310; x_wconf 75' lang='lat' dir='ltr'>es</span> <span class='ocrx_word' id='word_1_317' title='bbox 482 4272 589 4310; x_wconf 79' lang='lat' dir='ltr'>nuestra</span> <span class='ocrx_word' id='word_1_318' title='bbox 598 4264 730 4320; x_wconf 79' lang='lat' dir='ltr'>proterion</span> <span class='ocrx_word' id='word_1_319' title='bbox 741 4265 810 4308; x_wconf 82' lang='lat' dir='ltr'>vivir</span> <span class='ocrx_word' id='word_1_320' title='bbox 821 4264 852 4307; x_wconf 88' lang='lat' dir='ltr'>de</span> <span class='ocrx_word' id='word_1_321' title='bbox 864 4265 996 4310; x_wconf 77' lang='lat' dir='ltr'>ilmoenaa.</span> <span class='ocrx_word' id='word_1_322' title='bbox 1012 4263 1050 4308; x_wconf 89' lang='lat' dir='ltr'>Lo</span> <span class='ocrx_word' id='word_1_323' title='bbox 1065 4275 1113 4319; x_wconf 80' lang='lat' dir='ltr'>que</span> <span class='ocrx_word' id='word_1_324' title='bbox 1130 4263 1240 4308; x_wconf 82' lang='lat' dir='ltr'>Nuestro</span> <span class='ocrx_word' id='word_1_325' title='bbox 1251 4260 1335 4305; x_wconf 84' lang='lat' dir='ltr'>Padre</span> <span class='ocrx_word' id='word_1_326' title='bbox 1346 4260 1412 4304; x_wconf 74' lang='lat' dir='ltr'>aedo</span> <span class='ocrx_word' id='word_1_327' title='bbox 1424 4259 1466 4304; x_wconf 76' lang='lat' dir='ltr'>lut</span> 
     </span>
     <span class='ocr_line' id='line_1_38' title="bbox 236 4327 1466 4392; baseline -0.006 -12"><span class='ocrx_word' id='word_1_328' title='bbox 236 4339 261 4382; x_wconf 81' lang='lat' dir='ltr'>el</span> <span class='ocrx_word' id='word_1_329' title='bbox 274 4338 375 4392; x_wconf 76' lang='lat' dir='ltr'>pedirla</span> <span class='ocrx_word' id='word_1_330' title='bbox 390 4347 422 4382; x_wconf 84' lang='lat' dir='ltr'>en</span> <span class='ocrx_word' id='word_1_331' title='bbox 437 4335 634 4391; x_wconf 78' lang='lat' dir='ltr'>Portugal.por</span> <span class='ocrx_word' id='word_1_332' title='bbox 644 4337 740 4380; x_wconf 84' lang='lat' dir='ltr'>bnenos</span> <span class='ocrx_word' id='word_1_333' title='bbox 750 4340 890 4390; x_wconf 69' lang='lat' dir='ltr'>resperas„</span> <span class='ocrx_word' id='word_1_334' title='bbox 905 4333 1041 4388; x_wconf 85' lang='lat' dir='ltr'>Poiancus,</span> <span class='ocrx_word' id='word_1_335' title='bbox 1058 4341 1091 4377; x_wconf 83' lang='lat' dir='ltr'>ex</span> <span class='ocrx_word' id='word_1_336' title='bbox 1101 4343 1175 4384; x_wconf 70' lang='lat' dir='ltr'>corn„</span> <span class='ocrx_word' id='word_1_337' title='bbox 1184 4331 1257 4375; x_wconf 77' lang='lat' dir='ltr'>Patri</span> <span class='ocrx_word' id='word_1_338' title='bbox 1269 4329 1364 4375; x_wconf 86' lang='lat' dir='ltr'>Simoni</span> <span class='ocrx_word' id='word_1_339' title='bbox 1376 4327 1466 4374; x_wconf 84' lang='lat' dir='ltr'>Rodrl·</span> 
     </span>
     <span class='ocr_line' id='line_1_39' title="bbox 235 4407 443 4464; baseline 0.005 -11"><span class='ocrx_word' id='word_1_340' title='bbox 235 4407 443 4464; x_wconf 58' lang='lat' dir='ltr'>gatavidedi.</span> 
     </span>
    </p>

    <p class='ocr_par' dir='ltr' id='par_1_10' title="bbox 277 4479 705 4537">
     <span class='ocr_line' id='line_1_40' title="bbox 277 4479 705 4537; baseline 0 -13"><span class='ocrx_word' id='word_1_341' title='bbox 277 4479 290 4514; x_wconf 83' lang='lat'>⁸</span> <span class='ocrx_word' id='word_1_342' title='bbox 316 4479 383 4525; x_wconf 85' lang='lat' dir='ltr'>Vide</span> <span class='ocrx_word' id='word_1_343' title='bbox 393 4491 479 4537; x_wconf 76' lang='lat' dir='ltr'>supra,</span> <span class='ocrx_word' id='word_1_344' title='bbox 491 4492 553 4536; x_wconf 79' lang='lat' dir='ltr'>pag.</span> <span class='ocrx_word' id='word_1_345' title='bbox 565 4482 611 4533; x_wconf 80' lang='lat' dir='ltr'>ist,</span> <span class='ocrx_word' id='word_1_346' title='bbox 620 4493 637 4525; x_wconf 94' lang='lat' dir='ltr'>n</span> <span class='ocrx_word' id='word_1_347' title='bbox 656 4481 705 4525; x_wconf 75' lang='lat' dir='ltr'>att.</span> 
     </span>
    </p>

    <p class='ocr_par' dir='ltr' id='par_1_11' title="bbox 279 4549 494 4599">
     <span class='ocr_line' id='line_1_41' title="bbox 279 4549 494 4599; baseline 0.009 -4"><span class='ocrx_word' id='word_1_348' title='bbox 279 4552 292 4585; x_wconf 74' lang='lat'>⁴</span> <span class='ocrx_word' id='word_1_349' title='bbox 318 4549 494 4599; x_wconf 81' lang='lat' dir='ltr'>PSlmoneui.</span> 
     </span>
    </p>

    <p class='ocr_par' dir='ltr' id='par_1_12' title="bbox 280 4619 1465 4683">
     <span class='ocr_line' id='line_1_42' title="bbox 280 4619 1465 4683; baseline -0.003 -14"><span class='ocrx_word' id='word_1_350' title='bbox 280 4622 293 4656; x_wconf 80' lang='lat'><strong>³</strong></span> <span class='ocrx_word' id='word_1_351' title='bbox 319 4623 447 4682; x_wconf 76' lang='lat' dir='ltr'>Principis</span> <span class='ocrx_word' id='word_1_352' title='bbox 455 4625 570 4681; x_wconf 78' lang='lat' dir='ltr'>Joanulu,</span> <span class='ocrx_word' id='word_1_353' title='bbox 579 4626 621 4683; x_wconf 84' lang='lat' dir='ltr'>qui</span> <span class='ocrx_word' id='word_1_354' title='bbox 631 4625 668 4670; x_wconf 80' lang='grc'>2.·</span> <span class='ocrx_word' id='word_1_355' title='bbox 677 4623 795 4679; x_wconf 77' lang='lat' dir='ltr'>Januarli</span> <span class='ocrx_word' id='word_1_356' title='bbox 805 4623 865 4670; x_wconf 78' lang='lat' dir='ltr'>anni</span> <span class='ocrx_word' id='word_1_357' title='bbox 877 4622 930 4668; x_wconf 66' lang='lat' dir='ltr'>lost</span> <span class='ocrx_word' id='word_1_358' title='bbox 946 4621 1055 4669; x_wconf 81' lang='lat' dir='ltr'>obierat.</span> <span class='ocrx_word' id='word_1_359' title='bbox 1070 4619 1136 4667; x_wconf 86' lang='lat' dir='ltr'>Vide</span> <span class='ocrx_word' id='word_1_360' title='bbox 1151 4632 1239 4676; x_wconf 85' lang='lat' dir='ltr'>supra,</span> <span class='ocrx_word' id='word_1_361' title='bbox 1255 4626 1274 4664; x_wconf 90' lang='lat' dir='ltr'>t.</span> <span class='ocrx_word' id='word_1_362' title='bbox 1293 4630 1329 4672; x_wconf 83' lang='lat' dir='ltr'>ir,</span> <span class='ocrx_word' id='word_1_363' title='bbox 1344 4632 1403 4678; x_wconf 79' lang='lat' dir='ltr'>pag.</span> <span class='ocrx_word' id='word_1_364' title='bbox 1416 4621 1465 4678; x_wconf 71' lang='lat' dir='ltr'>dii,</span> 
     </span>
    </p>
   </div>
   <div class='ocr_carea' id='block_1_5' title="bbox 238 4697 359 4745">
    <p class='ocr_par' dir='ltr' id='par_1_13' title="bbox 238 4697 359 4745">
     <span class='ocr_line' id='line_1_43' title="bbox 238 4697 359 4745; baseline 0.008 -1"><span class='ocrx_word' id='word_1_365' title='bbox 238 4701 325 4745; x_wconf 78' lang='lat' dir='ltr'>annot.</span> <span class='ocrx_word' id='word_1_366' title='bbox 337 4697 359 4745; x_wconf 82' lang='grc'>2.</span> 
     </span>
    </p>
   </div>
   <div class='ocr_carea' id='block_1_6' title="bbox 0 0 1826 5350">
    <p class='ocr_par' dir='ltr' id='par_1_14' title="bbox 0 0 1826 5350">
     <span class='ocr_line' id='line_1_44' title="bbox 0 0 1826 5350; baseline 0 3"><span class='ocrx_word' id='word_1_367' title='bbox 0 0 1826 5350; x_wconf 95' lang='lat' dir='ltr'> </span> 
     </span>
    </p>
   </div>
  </div>
 </body>
</html>
