3642 5350
332 393 391 454 638
793 392 923 456 Cunou.
943 393 1023 456 Soc.
1043 394 1113 469 Jns.

335 537 503 604 niendum
518 539 720 604 necessitati
735 538 885 620 Collegii
899 538 1070 620 Romani,
1087 539 1234 605 invenit.
1251 538 1453 622 Acceperat
1474 541 1569 606 enim

230 703 238 716 ,
335 645 394 710 ille
408 655 491 719 ante
505 645 544 710 Ρ.
559 644 698 710 Natalis
712 646 906 711 adventum
921 645 1058 711 litteras
1072 661 1181 710 mann
1196 645 1235 710 P.
1251 645 1382 726 Ignatii
1401 648 1566 728 scriptas,

333 755 463 835 quibus
476 753 545 817 hoc
560 753 593 816 ei
606 753 700 817 serio
715 753 989 818 commendabat
1003 751 1025 834 ¹;
1039 761 1074 817 et
1086 754 1137 817 ita
1148 752 1185 818 P.
1200 753 1371 818 Tablares
1387 753 1568 820 Placentia

332 861 534 938 dimiserat,
552 867 589 923 ut
605 869 748 924 curaret
762 870 916 941 quatuor
930 859 1040 924 millia
1062 860 1273 926 ducatorum
1289 859 1440 925 Romam
1454 862 1567 926 mitte·
1646 902 1652 916 ·

334 985 391 1046 re;
407 967 572 1048 quamvis
585 983 628 1030 ea
642 967 793 1047 pecunia
809 977 944 1038 mutuo,
957 967 1050 1030 bona
1063 985 1109 1032 ex
1125 977 1238 1048 parte,
1251 967 1461 1049 accipienda
1475 975 1565 1044 erat,

333 1085 370 1138 et
384 1072 588 1156 perdifficile
601 1082 679 1137 erat
692 1072 867 1137 rationem
882 1090 962 1138 eam
977 1074 1242 1138 transmittendi
1258 1075 1293 1137 in
1316 1074 1455 1139 ltaliam
1468 1073 1566 1140 inve·

334 1183 433 1261 nire;
459 1190 494 1245 et
507 1182 591 1262 quia
606 1180 829 1245 intellexerat
844 1180 963 1244 debita
975 1180 1125 1262 Collegii
1140 1180 1293 1246 Romani
1307 1181 1354 1245 ad
1369 1199 1433 1244 sex
1448 1164 1563 1277 vel-¹3-

332 1289 545 1354 ducatorum
559 1287 764 1366 ascendere,
777 1296 812 1351 et
823 1287 1006 1368 octoginta
1018 1297 1102 1352 tunc
1114 1289 1318 1368 collegiales
1330 1289 1472 1365 habere,
1485 1305 1568 1352 con·

333 1397 498 1460 stituerat
513 1404 627 1459 totum
641 1395 708 1458 hoc
723 1395 881 1459 debitum
895 1395 1109 1474 dissolvere,
1126 1405 1160 1458 et
1181 1395 1249 1459 tria
1265 1396 1374 1459 millia
1389 1406 1424 1460 et
1440 1393 1569 1460 ducen-

333 1512 391 1566 tos
405 1519 534 1566 aureos
548 1502 700 1579 mittere,
716 1518 808 1583 quae
822 1518 961 1566 summa
977 1501 1023 1565 ad
1037 1501 1258 1582 praedictum
1272 1519 1459 1566 numerum
1474 1502 1569 1567 alen·

334 1610 420 1675 dum
433 1609 594 1674 sufficere
608 1625 713 1690 posse
728 1609 928 1674 videbatur.

394 1716 486 1780 2744.
528 1716 699 1781 Decrevit
709 1732 797 1796 ergo
809 1716 848 1780 P.
861 1715 999 1780 Natalis
1013 1715 1052 1780 P.
1068 1717 1262 1781 Francisco
1278 1717 1458 1796 assistere,
1475 1725 1510 1780 et
1521 1715 1567 1780 ad

334 1824 556 1904 praedictum
570 1823 765 1887 subsidium
784 1823 1009 1903 mittendum,
1031 1840 1254 1904 quacumque
1275 1825 1415 1888 ratione
1433 1835 1565 1904 posset,

330 1929 471 2012 juvare;
493 1939 631 1994 namet
655 1930 732 2011 ipse
752 1930 799 1994 ad
813 1929 989 2012 quaedam
1009 1931 1103 1994 bona
1119 1929 1306 1995 vendenda
1321 1928 1358 1994 P.
1379 1929 1505 2013 Jacobi
1521 1929 1565 1993 tle

336 2038 501 2102 Guzman
515 2037 527 2068 ¹
542 2054 584 2100 ac
605 2035 773 2102 Doctoris
791 2037 923 2102 Loarte
943 2037 1150 2102 facultatem
1165 2049 1199 2102 et
1215 2038 1500 2118 procuratorium
1515 2037 1565 2101 in·

333 2154 552 2208 trumentum
566 2143 738 2224 habebat;
754 2160 886 2224 magna
905 2154 1024 2209 tamen
1045 2144 1221 2225 quaedam
1240 2144 1428 2209 difficultas
1447 2144 1483 2208 in
1496 2143 1566 2208 hoc

335 2252 539 2331 pecuniario
554 2252 699 2330 negotio
713 2262 840 2315 exorta
854 2261 926 2329 est,
943 2269 963 2315 a
980 2251 1193 2333 quibusdam
1214 2253 1258 2316 de
1278 2253 1429 2331 ipsamet
1449 2250 1566 2315 Socie-

333 2368 419 2439 tate,
431 2370 467 2422 et
481 2358 694 2422 tentationes
708 2376 780 2421 non
795 2361 893 2423 leves
914 2361 1092 2424 excitatae
1111 2359 1265 2424 luerunt.
1291 2359 1440 2423 Exterui
1460 2358 1568 2422 etiam

333 2465 454 2530 aversi
467 2467 573 2529 valde
587 2484 609 2528 a
624 2466 729 2530 rebus
745 2466 901 2530 romanis
916 2476 1035 2548 erant;
1052 2478 1088 2531 et
1103 2467 1139 2531 in
1150 2483 1344 2548 progressu
1356 2466 1440 2530 anni
1452 2464 1568 2528 adhuc

334 2573 450 2653 magis
464 2572 607 2637 suerunt
621 2583 767 2654 propter
781 2574 873 2637 bella
888 2574 1053 2654 superius
1069 2574 1176 2639 dicta.

395 2681 486 2745 2745.
530 2682 616 2745 Erat
638 2682 747 2745 etiam
765 2682 961 2763 Hispaniae
981 2698 1132 2761 regnum
1152 2683 1188 2745 in
1209 2698 1341 2762 magua
1364 2680 1569 2746 difficultate

335 2789 386 2852 rei
398 2788 627 2868 pecuniariae
637 2790 880 2869 constitutum,
894 2790 1003 2853 immo
1015 2789 1277 2869 quodammodo
1290 2798 1463 2867 extrema,
1475 2797 1511 2851 et
1522 2784 1568 2850 ad

333 2895 463 2959 bellum
478 2894 676 2959 africanum
690 2896 863 2976 pecuniae
877 2906 999 2960 mutuo
1019 2896 1281 2977 quaerebantur
1294 2912 1301 2973 ;
1328 2905 1363 2958 et
1380 2896 1431 2958 ita
1451 2894 1570 2959 admo·

332 3002 430 3065 uitus
442 3002 508 3065 suit
522 3001 559 3065 P.
576 3001 736 3082 ignatius
751 3002 794 3066 de
808 3001 877 3065 hoc
891 3002 1050 3065 subsidio
1065 3012 1202 3066 secrete
1219 3002 1396 3083 agendum
1420 3018 1517 3079 esse,
1532 3009 1568 3063 et

331 3107 371 3171 P.
388 3108 583 3172 Francisco
597 3119 734 3173 tantum
753 3109 997 3187 scribendum,
1021 3110 1187 3189 quamvis
1213 3118 1248 3173 et
1268 3108 1306 3171 P.
1329 3107 1508 3171 Antonius
1525 3106 1569 3169 de

331 3213 497 3278 Corduba
518 3225 552 3278 et
573 3215 611 3279 P.
634 3216 805 3279 Tablares
828 3216 916 3278 bene
938 3232 976 3279 se
999 3216 1035 3278 in
1061 3216 1128 3280 hoc
1154 3218 1299 3295 negotio
1319 3215 1513 3294 gerebant;
1533 3221 1569 3277 et

332 3331 407 3384 toto
423 3338 543 3385 mense
558 3321 673 3403 Aprili
688 3332 842 3404 quatuor
854 3323 965 3386 millia
980 3322 1192 3407 ducatorum
1204 3324 1240 3386 in
1256 3339 1369 3401 regno
1381 3321 1570 3386 Valentiae

332 3428 536 3493 habiturum
550 3446 628 3493 esse
643 3428 681 3493 P.
698 3430 886 3510 lgnatium.
903 3439 939 3493 et
953 3430 1024 3493 alia
1040 3429 1110 3493 duo
1127 3430 1236 3494 millia
1257 3429 1328 3492 alia
1347 3428 1486 3491 ratione
1502 3426 1568 3491 Ro·

333 3551 428 3598 mam
454 3536 622 3600 mittenda
646 3537 840 3609 curabant;
868 3538 952 3618 quia
968 3548 1087 3599 tamen
1102 3536 1157 3600 his
1174 3537 1355 3600 mensibus
1381 3534 1520 3599 cambia
1547 3551 1569 3597 a

333 3659 446 3722 regno
470 3641 647 3707 Castellae
669 3644 715 3708 ad
739 3644 962 3724 praedictum
983 3662 1134 3725 regnum
1150 3645 1339 3709 Valentiae
1361 3654 1396 3708 et
1418 3643 1569 3707 aliorum

333 3748 528 3829 Hispaniae
551 3766 744 3831 regnorum
767 3752 907 3815 sublata
934 3751 1090 3830 fuerunt,
1121 3752 1227 3831 paulo
1255 3751 1407 3831 amplius
1431 3766 1489 3813 res
1514 3758 1569 3814 est

331 3856 454 3919 dilata.

393 3962 484 4026 2746.
527 3962 801 4044 Significaverat
816 3966 957 4047 quidem
969 3965 1074 4030 Pater
1091 3964 1274 4046 hispanis³
1290 3965 1444 4046 quinque
1460 3964 1569 4029 millia

332 4070 545 4133 ducatomm
557 4071 707 4151 singulis
722 4074 826 4135 annis
841 4074 1045 4137 necessaria
1060 4073 1137 4137 sore
1154 4073 1313 4152 Collegio
1329 4072 1509 4150 Romano;
1533 4083 1569 4135 et

332 4176 383 4240 ita
398 4177 436 4240 P.
453 4176 591 4241 Natalis
608 4195 647 4241 se
668 4196 859 4243 memorem
879 4180 955 4243 fore
977 4180 1117 4259 scribit;
1144 4180 1227 4261 quia
1243 4187 1361 4243 tamen
1378 4178 1414 4241 in
1429 4178 1569 4259 quibus·

331 4284 417 4347 dam
440 4284 567 4349 litteris
591 4302 636 4347 ex
661 4286 756 4349 Urbe
781 4287 902 4349 missis
922 4286 1172 4350 continebatur
1196 4302 1365 4349 uumerus
1385 4284 1571 4365 octoginta

374 4490 382 4521 ¹
412 4487 518 4533 Confert
530 4488 625 4533 Carras
634 4490 668 4535 de
679 4490 734 4535 San
744 4491 864 4545 igrrocr'o,
875 4498 893 4535 t.
905 4504 931 4545 v,
944 4503 1002 4547 pag.
1014 4490 1063 4545 32ss
1075 4498 1094 4535 t.
1106 4502 1141 4545 vr,
1153 4502 1213 4545 pag.
1227 4490 1251 4535 19
1262 4498 1288 4535 et
1300 4502 1361 4545 pag.
1371 4491 1406 4535 89.

374 4560 385 4592 ¹
415 4560 479 4605 Vide
489 4560 585 4605 Carras
594 4562 628 4606 de
639 4562 695 4607 Son
706 4554 827 4617 Ign‘racio,
836 4570 855 4607 t.
868 4574 903 4618 vr,
917 4576 977 4618 pag.
987 4564 1023 4608 29.

374 4630 386 4659 ³
414 4630 460 4676 lis.
469 4630 626 4687 hispanias.
