3642 5350
788 413 846 469 ΑΝ.
870 413 941 472 1556
1426 414 1483 473 429
1583 458 1586 464 .

244 562 364 617 autem
389 554 537 618 abusum
559 556 810 635 extirpandum
834 559 978 622 curavit
1002 557 1040 621 P.
1062 558 1253 636 Arnoldus,
1278 558 1414 638 aliquos
1433 558 1480 622 ad

244 660 466 743 frequentem
494 680 597 727 usum
616 663 884 749 confessionum
896 675 931 730 et
951 666 1238 729 communionum
1258 664 1480 729 adducendo.

310 767 398 832 1844.
441 769 599 833 Praeivit
613 779 731 834 autem
748 770 838 834 alios
856 788 922 835 suo
937 773 1100 854 exemplo
1120 770 1275 835 Domina
1291 760 1480 836 Comitissa

248 874 459 955 Ostratana,
487 874 586 956 cujus
617 880 817 958 exemplum
842 879 985 943 circiter
1000 880 1129 959 viginti
1152 880 1288 943 nobiles
1307 869 1480 957 virgines,

248 993 307 1046 aut
332 982 477 1061 viduae,
502 992 562 1047 aut
591 982 818 1065 conjugatae,
848 996 923 1049 tam
948 986 992 1049 de
1022 988 1132 1065 arcis,
1163 1003 1270 1067 quam
1299 986 1343 1049 de
1367 985 1482 1066 ipsius

247 1089 367 1170 oppidi
382 1090 604 1170 primoribus,
623 1090 682 1173 [et]
698 1094 769 1157 alia
783 1092 890 1155 etiam
905 1094 1008 1157 turba
1021 1111 1092 1157 non
1103 1094 1234 1173 exigua
1250 1098 1259 1132 ¹
1272 1102 1396 1156 secuta
1410 1102 1481 1169 est;

247 1214 349 1278 quae,
366 1206 509 1277 praeter
524 1196 789 1264 consessionem
796 1199 1031 1281 frequentem,
1047 1201 1084 1263 in
1099 1199 1370 1264 solemnioribus
1384 1198 1479 1263 festi-

246 1304 417 1368 vitatibus
431 1305 695 1369 communicare
710 1306 818 1369 etiam
834 1317 1040 1388 coeperunt;
1055 1325 1120 1371 nec
1132 1308 1202 1370 ulla
1214 1289 1482 1370 erat'dominica

245 1409 332 1490 dies
349 1412 385 1475 in
401 1428 469 1493 qua
486 1430 556 1475 non
572 1412 680 1493 aliqui
696 1412 742 1475 ad
757 1430 887 1493 corpus
902 1414 1118 1477 dominicum
1135 1412 1355 1477 accederent.

309 1516 396 1581 1845.
440 1518 609 1582 Virorum
625 1518 740 1599 major
754 1530 831 1583 erat
852 1521 998 1599 raritas,
1014 1521 1075 1602 qui
1089 1538 1220 1585 uxores
1239 1530 1274 1583 et
1289 1520 1419 1583 liberos
1433 1519 1480 1583 ad

245 1624 480 1706 frequentiam
515 1634 826 1691 sacramentorum
862 1626 1114 1706 hortabantur;
1151 1627 1232 1708 ipsi*
1250 1626 1482 1689 nihilominus

245 1742 390 1814 propter
405 1733 696 1797 consuetudinem
712 1704 933 1799 con’trariam
951 1735 987 1798 id
1002 1733 1123 1798 facere
1137 1734 1363 1797 verebantur.
1379 1732 1420 1796 ln
1430 1732 1478 1795 le·

245 1840 315 1903 stis
334 1848 455 1903 tamen
475 1838 653 1904 Natalitiis
678 1842 821 1920 plurimi
841 1842 950 1904 etiam
976 1841 1046 1903 viri
1071 1840 1225 1910 confessi
1240 1849 1337 1917 sunt;
1365 1840 1414 1903 ita
1439 1848 1478 1902 ut

245 1955 388 2027 praeter
403 1944 441 2010 P.
458 1944 670 2027 Arnoldum,
687 1947 844 2011 decanus
867 1956 901 2010 et
923 1948 984 2011 alii
999 1948 1160 2011 nonnulli
1175 1964 1217 2009 eo
1232 1948 1269 2010 in
1282 1946 1482 2010 ministerio

246 2052 321 2117 dies
346 2054 482 2134 aliquot
507 2055 672 2135 occupati
696 2054 853 2131 fuerunt;
881 2064 916 2118 ct
936 2056 1009 2119 fere
1031 2055 1126 2118 mille
1140 2064 1175 2117 et
1194 2052 1338 2118 ducenti
1357 2054 1393 2117 in
1418 2054 1479 2116 illo

245 2160 375 2241 oppido
390 2160 469 2242 ipso
483 2160 539 2223 die
554 2159 692 2224 Natalis
715 2161 858 2225 Domini
879 2162 1198 2226 communicarunt.
1219 2161 1263 2224 Et
1277 2162 1369 2224 inter
1389 2161 1482 2224 alios

245 2284 325 2331 cum
351 2284 483 2347 magna
509 2267 754 2331 aedificatione
780 2269 889 2332 totius
912 2268 1032 2350 oppidi
1054 2268 1207 2332 confessi
1230 2280 1313 2332 suut
1335 2280 1369 2331 et
1385 2285 1479 2331 com·

244 2375 469 2439 municarunt
495 2392 619 2439 omnes
641 2376 777 2439 nobiles
792 2378 907 2456 aulae,
931 2377 1116 2457 utriusque
1141 2393 1265 2454 sexus,
1288 2384 1322 2438 et
1347 2376 1478 2455 primo·

245 2498 303 2545 res
332 2480 406 2561 ejus
431 2482 545 2560 urbiS,
573 2483 664 2547 iuter
693 2500 782 2565 quos
807 2483 873 2548 suit
899 2483 1030 2548 Comes
1056 2482 1271 2548 Ostratanus
1286 2493 1321 2546 et
1350 2482 1482 2546 Comes

245 2587 579 2668 Chulembergensis
599 2587 622 2649 ¹.
645 2589 758 2670 Maior
780 2600 899 2655 autem
922 2592 1025 2655 aulae
1046 2608 1131 2672 pars
1145 2600 1180 2654 et
1199 2606 1389 2671 procerum
1403 2587 1482 2668 ejus

245 2695 365 2776 oppidi
391 2695 428 2759 P.
459 2697 619 2761 Arnoldo
643 2698 807 2762 consessa
837 2708 902 2778 est,
933 2708 968 2762 et
997 2698 1104 2780 aliqui
1134 2715 1244 2778 usque
1274 2696 1320 2760 ad
1347 2696 1477 2760 festum

245 2801 305 2866 gu
335 2801 506 2885 Stephani
531 2813 777 2884 expectarunt,
805 2816 843 2868 ut
868 2805 984 2868 eidem
1009 2813 1158 2868 vacaret
1172 2805 1272 2885 ipsos
1291 2803 1427 2881 audire,
1444 2811 1479 2866 et

246 2928 338 2990 cum,
355 2921 496 2975 mortua
512 2911 667 2975 Domina
682 2912 886 2992 Comitissa,
899 2913 946 2976 ad
957 2913 1121 2976 diversas
1133 2913 1297 2976 civitates
1309 2909 1416 2974 aulici
1426 2926 1480 2974 se-

245 3018 515 3098 paratifuerint,
529 3036 601 3082 non
616 3020 871 3083 solumbonum
888 3020 1046 3098 odorem,
1063 3019 1127 3083 sed
1138 3029 1172 3082 et
1188 3018 1316 3082 bonam
1333 3035 1479 3081 consue·

244 3125 403 3188 tudinem
418 3124 463 3188 ad
477 3127 580 3189 varia
596 3127 675 3189 loca
691 3126 834 3189 allaturi
848 3126 1096 3206 sperabantur.

308 3231 395 3296 1846.
439 3232 634 3296 Veneratio
650 3231 724 3296 S.mi
739 3231 973 3311 Sacramenti,
991 3233 1123 3295 cumin
1147 3232 1309 3295 Ecclesia
1323 3247 1479 3311 expone·

243 3338 360 3417 batur,
376 3347 411 3402 et
426 3356 507 3403 cum
522 3339 567 3402 ad
583 3349 812 3418 aegrotantes
827 3338 1062 3417 deserebatur,
1079 3354 1297 3418 magnopere
1312 3338 1477 3402 exhorta·

244 3445 401 3509 tionibus
424 3445 462 3509 P.
490 3444 641 3509 Arnoldi
667 3456 773 3510 aucta
792 3454 857 3509 est.
882 3445 964 3510 Alia
980 3446 1087 3509 etiam
1103 3445 1254 3525 plurima
1269 3443 1477 3525 singillatim

244 3553 371 3616 referri
384 3563 542 3634 possent,
560 3571 650 3634 quae
666 3563 785 3616 tamen
801 3571 846 3617 ex
862 3553 918 3616 his
931 3553 1052 3633 colligi
1067 3561 1244 3633 poterunt.

244 4007 249 4013 ’
308 3990 396 4054 1847.
440 3991 507 4055 Die
526 3989 576 4054 7.*ι
594 3988 803 4053 Decembris
818 3991 902 4051 anni
927 3987 1111 4068 praeteriti
1132 3986 1221 4064 1555,
1237 3983 1275 4048 Ρ.
1293 3983 1418 4046 Petrus
1433 3982 1480 4045 de

244 4095 495 4180 Ribadeneyra
506 4115 587 4162 cum
602 4096 729 4160 Fratre
741 4114 784 4160 ac
796 4095 895 4159 socio
908 4093 1102 4158 Francisco
1115 4092 1262 4156 Giraldo
1275 4089 1478 4154 Lovanium

242 4205 430 4270 incolumis
455 4204 618 4285 pervenit
644 4201 667 4282 ⁵,
691 4212 726 4266 et
751 4220 772 4265 a
798 4201 917 4265 multis
941 4198 1175 4263 incommodis
1195 4208 1230 4262 et
1254 4197 1421 4279 periculis
1442 4197 1478 4258 in

239 4462 243 4474 ·
286 4449 292 4478 ⁸
322 4447 368 4492 Ms.
377 4447 449 4491 adult
459 4446 523 4500 laos:
532 4445 578 4490 sed
589 4445 734 4490 redundare
744 4443 857 4488 videtur.

284 4521 296 4552 ¹
323 4518 369 4564 lla.
381 4517 656 4572 canterma-gensis
666 4517 822 4570 Culenborg.
834 4514 901 4560 Vide
913 4515 970 4558 loca
980 4524 1061 4568 nuper
1070 4512 1161 4561 citata.

284 4589 296 4625 ³
323 4591 390 4636 Vide
401 4589 548 4642 Dntrtacn
559 4587 794 4634 L'dtablr'ssement
805 4587 838 4630 de
848 4586 875 4629 la
888 4585 1050 4641 compagum
1059 4584 1093 4628 de
1102 4582 1186 4638 jesus
1194 4582 1265 4625 dans
1284 4580 1324 4624 les
1336 4577 1481 4634 pays-Bas

245 4665 271 4708 et
282 4662 310 4706 la
322 4663 436 4708 mirsion
446 4662 483 4706 du
494 4661 523 4706 Ρ.
539 4661 731 4714 Rr'bndeneyra
745 4659 761 4704 d
775 4657 917 4702 Bruxelles
933 4669 966 4700 en
981 4655 1059 4709 1556,
1074 4655 1098 4699 ‹l’
1108 4658 1186 4710 apres
1203 4654 1249 4698 des
1265 4653 1415 4696 documento
1428 4649 1483 4694 lne-
