3642 5350
804 394 868 461 Au.
890 394 961 461 1556
1442 392 1494 462 381

271 544 501 625 monasteria,
517 545 657 614 illorum
671 564 781 626 more,
802 546 838 609 in
858 544 1028 609 Bohemia
1043 539 1238 609 discebant.
1252 532 1423 609 Homines
1437 562 1496 611 au·

264 664 335 719 tem
352 654 412 733 illi,
430 671 451 717 a
467 654 642 718 catholica
659 654 829 733 religione
845 654 963 731 alieni,
979 653 1056 717 sine
1067 654 1139 716 ulla
1150 670 1297 733 prorsus
1311 655 1495 719 voluntate

262 762 425 825 veritatis
440 760 709 843 cognoscendae
725 770 786 825 aut
800 760 1028 825 inclinatione
1040 760 1086 824 ad
1099 778 1207 841 opera
1223 761 1407 825 charitatis
1419 780 1493 826 cer·

262 868 448 933 nebantur.
466 868 510 932 Et
525 870 560 932 in
576 869 643 948 his,
661 886 751 949 quae
772 868 817 932 ad
838 868 1093 932 conscientiam
1115 868 1296 949 propriam
1317 878 1492 949 spectant,

262 974 314 1039 sic
326 975 548 1040 insensibiles
560 976 677 1039 effecti
688 985 802 1049 erant,
815 986 852 1038 ut
865 975 940 1039 sine
952 976 1023 1038 ulla
1035 975 1256 1039 confessione
1264 987 1494 1055 peccatorum

261 1082 506 1163 praecedente,
517 1083 635 1163 (quam
647 1083 754 1147 etiam
763 1082 993 1161 deridebant),
1006 1080 1051 1145 ad
1060 1100 1201 1147 sacram
1209 1084 1493 1149 communionem

261 1190 326 1253 sub
340 1200 490 1270 utraque
504 1190 622 1270 specie
638 1190 763 1254 crebro
779 1190 1002 1253 accederent.

324 1296 408 1360 1600.
451 1297 496 1361 Et
510 1308 652 1361 nostros
668 1298 811 1378 quidam
826 1315 949 1361 eorum
963 1296 1134 1360 infensius
1147 1298 1307 1375 oderant,
1322 1298 1416 1380 quod
1428 1316 1493 1364 eos

261 1405 456 1469 conductos
470 1404 578 1469 fuisse
593 1406 639 1468 ad
654 1404 905 1485 disputandum
926 1415 1052 1468 contra
1076 1405 1233 1485 ipsorum
1248 1405 1353 1469 iidem
1371 1406 1489 1471 existi·

260 1522 416 1592 marent,
443 1521 477 1576 et
503 1522 621 1576 tamen
647 1512 807 1576 comburi
837 1512 955 1592 potius
980 1529 1061 1575 cum
1092 1528 1156 1575 suo
1186 1512 1357 1591 magistro
1385 1512 1491 1595 Joan·

260 1636 303 1683 ne
325 1618 414 1698 Hus,
440 1636 547 1699 quam
572 1619 781 1699 religionem
803 1628 864 1682 aut
887 1618 1179 1683 consuetudinem
1200 1628 1350 1699 mutare,
1373 1620 1492 1701 parati

261 1735 375 1789 erant.

323 1832 411 1897 1601.
454 1833 494 1897 In
512 1844 642 1898 octava
662 1842 780 1898 autem
795 1833 1051 1915 Apostolorum
1071 1832 1166 1897 Petri
1183 1843 1216 1897 et
1230 1831 1342 1914 Pauli,
1362 1835 1492 1900 festum

200 2018 206 2028 ι
262 1937 338 2021 ejus
354 1938 374 2019 ¹,
392 1941 554 2004 accensis
568 1941 726 2005 candelis
741 1958 849 2022 supra
865 1950 1085 2021 suggestum,
1102 1941 1138 2003 in
1150 1958 1219 2021 quo
1231 1941 1288 2005 ille
1300 1944 1488 2007 conciona-

259 2056 316 2111 tus
331 2056 419 2127 erat,
435 2055 508 2111 tam
523 2048 725 2111 solemniter
741 2049 964 2112 celebrarunt
979 2048 1026 2127 (et
1047 2048 1189 2128 quidem
1203 2049 1284 2127 plus
1302 2049 1431 2133 solito),
1448 2058 1488 2115 ut

259 2154 323 2218 vix
337 2152 469 2219 Christi
483 2152 668 2235 Apostolo,
684 2155 793 2219 immo
809 2155 876 2235 ipsi
891 2154 960 2218 diei
974 2154 1147 2233 Paschae,
1163 2142 1412 2235 vix'majorem
1427 2157 1488 2221 ho·

261 2242 384 2325 norem
399 2269 544 2344 possent
558 2261 737 2341 exhibere;
753 2279 797 2325 ne
812 2262 915 2342 panis
927 2262 1070 2343 quidem
1084 2279 1126 2324 eo
1138 2262 1195 2326 die
1207 2262 1439 2342 vendebatur,
1454 2272 1488 2329 et

259 2368 333 2433 vita
347 2368 423 2449 ejus
434 2369 573 2450 publice
587 2386 650 2448 per
666 2380 738 2432 tres
750 2378 784 2432 et
797 2379 948 2449 quatuor
959 2370 1066 2432 horas
1078 2370 1114 2431 in
1126 2368 1277 2433 ecclesia
1289 2370 1487 2449 legebatur.

260 2474 453 2539 Foeminae
482 2484 600 2539 autem
628 2476 683 2539 sui
711 2476 880 2556 martyris
907 2474 1055 2557 Joannis
1087 2475 1165 2540 Hus
1197 2476 1398 2556 passionem
1432 2478 1490 2542 de·

258 2582 389 2647 flebant
403 2592 437 2646 et
455 2594 579 2663 pectus
600 2582 809 2660 tundebant,
831 2584 914 2647 dum
933 2581 1020 2662 ejus,
1044 2583 1138 2663 quod
1157 2584 1336 2647 vocabant
1356 2593 1490 2665 marty·

259 2691 362 2770 rium,
375 2692 553 2771 legeretur
569 2688 591 2750 ¹.

321 2797 409 2862 1602.
453 2795 613 2861 Orabant
634 2797 760 2861 deinde
782 2797 896 2862 Deum
918 2808 956 2862 ut
971 2798 1127 2864 similem
1141 2799 1228 2879 ipsis
1248 2799 1487 2864 constantiam

259 2905 408 2969 donaret
423 2905 469 2969 ad
483 2905 588 2968 iidem
604 2904 850 2969 confitendam.
867 2906 910 2969 Et
931 2914 1056 2969 contra
1077 2903 1262 2970 Summum
1282 2905 1488 2972 Pontificem

259 3022 294 3078 et
314 3013 503 3077 concilium
519 3014 789 3078 constantiense
808 3013 1079 3092 invehebantur,
1095 3014 1189 3093 quod
1200 3015 1325 3077 mortis
1338 3013 1488 3096 Joannis

257 3117 334 3185 Hus
354 3130 519 3184 auctores
542 3121 683 3199 fuerint3
705 3129 739 3184 et
760 3121 854 3201 quod
875 3120 988 3183 nostri
1009 3120 1214 3184 viderentur
1233 3121 1320 3201 ipsis
1341 3121 1488 3186 nimium

258 3227 389 3291 addicti
404 3226 564 3292 Pontifici
579 3228 740 3292 Romano
762 3236 796 3290 et
815 3225 898 3290 Sedi
913 3227 1153 3307 Apostolicae,
1171 3227 1426 3292 irascebantur.
1443 3229 1488 3293 Et

256 3334 364 3414 aliqui
379 3335 485 3398 etiam
501 3336 707 3399 seductores
718 3345 752 3398 et
764 3335 970 3397 idololatras
985 3335 1174 3413 vocabant;
1190 3335 1367 3399 interdum
1379 3337 1488 3400 etiam

256 3451 291 3505 et
305 3440 442 3522 lapides
455 3460 518 3522 per
532 3452 625 3505 tecta
641 3451 763 3505 nostra
780 3441 959 3519 volabant,
976 3451 1011 3503 et
1025 3439 1185 3521 picturae
1208 3442 1383 3523 quaedam
1398 3443 1487 3506 inia-

256 3565 333 3613 mes
352 3558 386 3612 et
407 3549 555 3614 dicteria
576 3550 751 3630 quaedam
766 3548 868 3627 falsa;
886 3566 977 3628 quae
992 3558 1110 3612 tamen
1130 3550 1250 3612 omnia
1268 3567 1346 3613 sese
1361 3561 1486 3630 postea

257 3655 481 3720 remiserunt.

318 3761 406 3826 1603.
450 3764 538 3828 Cum
558 3763 651 3826 enim
671 3763 732 3843 qui
752 3779 874 3826 eorum
890 3763 1087 3841 synagogis
1106 3772 1308 3844 praeerant,
1329 3763 1484 3828 edictum

256 3873 558 3952 promulgassent,
585 3881 623 3934 ut
648 3873 764 3934 nullus
789 3868 834 3931 ad
859 3869 1001 3932 scholas
1026 3877 1168 3933 nostras
1192 3870 1390 3950 accederet;
1416 3870 1486 3934 alio

256 3978 382 4057 edict0‚
398 3996 417 4042 a
430 3976 655 4041 Ferdinando
671 3975 872 4041 Archiduce
884 3976 1075 4055 impetrato
1086 3995 1108 4038 a
1119 3977 1262 4056 nostris,
1277 3978 1487 4058 conquieve-

256 4095 348 4150 runt.
366 4085 486 4166 Aliqui
501 4085 595 4149 enim
610 4103 655 4148 ex
677 4084 852 4176 nobilibus
874 4083 1001 4146 husitis
1025 4084 1261 4147 commissarii
1281 4084 1383 4149 electi
1403 4095 1487 4150 sunt

254 4183 514 4258 aFer'dinando
530 4192 743 4271 Archiduce,
761 4202 798 4254 ut
814 4201 938 4254 contra
953 4189 1038 4253 illud
1054 4189 1247 4270 decretum,
1264 4192 1309 4254 ab
1325 4192 1485 4273 ipsorum

254 4301 423 4383 praelatis
437 4299 546 4380 iacto,
562 4317 647 4363 suos
660 4301 791 4362 liberos
803 4299 848 4362 ad
861 4309 1004 4362 nostras
1015 4299 1170 4378 scholas,
1183 4299 1244 4378 qui
1257 4300 1397 4378 vellent,
1410 4301 1487 4364 mit·

296 4509 305 4542 ¹
334 4507 449 4566 Festum,
459 4511 568 4562 scillcet,
581 4509 685 4562 Joannis
696 4509 760 4554 Hus.
770 4508 808 4553 De
817 4511 864 4553 hoc
876 4509 943 4552 testo
954 4509 1010 4562 agit
1018 4507 1231 4564 Banonsoarromt,
1239 4508 1257 4551 ἱ.
1268 4519 1300 4560 ι..
1308 4513 1328 4553 t.
1339 4519 1356 4562 1,
1366 4517 1426 4564 pag.
1437 4507 1485 4563 546,

291 4591 308 4625 n
328 4587 346 4625 t.
357 4583 378 4625 1.

256 4592 324 4686 ωἲο
337 4629 491 4700 combustas
502 4655 569 4700 enim
579 4665 596 4698 a
607 4653 764 4710 magistratu
775 4653 846 4698 cirili
858 4659 906 4708 cst,
916 4651 931 4696 6
941 4651 1002 4706 Julll
1013 4652 1074 4707 itte,
1085 4651 1261 4700 Constantine.
