3642 5350
789 397 852 453 Au.
875 394 944 454 1556
1447 394 1484 452 45
1579 409 1583 417 ·

247 539 414 619 accipere
423 555 431 618 ;
449 549 482 602 et
498 557 543 602 ex
559 539 658 603 coelo
673 529 807 602 bonum
821 537 995 602 fautorem
1011 537 1140 600 adhoc
1159 537 1271 617 ipsius
1291 553 1381 617 opus
1402 555 1481 618 pro·

252 646 469 710 movendum
490 663 529 709 se
551 645 753 710 habituram
775 644 935 710 Societas
957 645 1115 724 speravit
1137 642 1157 706 ¹.
1184 643 1229 707 Et
1254 644 1481 708 observatum

248 761 304 816 est
320 753 356 816 in
371 753 438 832 his,
454 753 514 833 qui
530 751 637 816 etiam
653 751 751 816 Patri
764 751 902 832 ignatio
914 751 1055 816 fuerant
1066 748 1340 831 conjunctiores,
1354 761 1389 815 et
1401 769 1482 816 con-

249 859 462 923 solationem
481 859 703 940 spiritualem
721 858 830 922 fuisse
850 857 1020 939 majorem
1039 868 1074 922 et
1094 858 1309 938 prosectum;
1334 868 1370 922 et
1390 859 1483 923 inter

249 976 407 1046 caetera,
424 966 461 1029 in
482 966 702 1046 temporibus
721 965 946 1040 difficillimis
963 966 1108 1047 propte'r
1128 963 1309 1029 Pontificis
1326 967 1482 1030 animum

249 1090 339 1154 erga
354 1071 581 1150 Societatem,
598 1084 634 1136 et
649 1082 794 1153 propter
818 1074 947 1136 bellum
967 1089 1048 1135 cum
1065 1071 1164 1152 Rege
1183 1071 1345 1154 Phiiippo
1366 1090 1482 1138 susce·
1580 1069 1585 1076 ’

251 1191 364 1261 ptum,
387 1189 421 1242 et
440 1187 587 1260 propter
608 1188 810 1243 nostrorum
831 1178 1089 1242 multitudinem
1110 1179 1242 1243 indies
1264 1189 1482 1244 crescentem

252 1287 400 1365 Romae,
417 1303 498 1350 cum
513 1294 632 1350 tamen
647 1286 733 1349 nulli
748 1285 882 1349 reditus
897 1303 963 1349 nec
977 1284 1159 1350 Pontificis
1175 1284 1278 1349 favor
1293 1287 1339 1350 ad
1359 1305 1482 1352 eorum

249 1394 545 1458 sustentationem
560 1401 800 1473 suppeterent,
817 1393 975 1456 crevisse
993 1392 1030 1455 in
1050 1393 1152 1456 nobis
1171 1409 1389 1474 magnopere
1410 1396 1482 1458 ani·

249 1517 348 1564 mum
363 1510 398 1564 et
413 1499 660 1565 confidentiam
677 1499 713 1563 in
727 1499 879 1562 Domino
899 1499 1005 1561 sitam
1024 1498 1067 1561 de
1087 1498 1154 1562 hoc
1175 1497 1364 1563 Societatis
1382 1500 1481 1563 Insti-

248 1619 341 1684 tuto‚
358 1608 405 1671 ad
420 1608 532 1688 ipsius
546 1606 698 1686 gloriam
719 1616 754 1670 et
775 1623 961 1670 commune
980 1606 1111 1669 bonum
1130 1607 1426 1687 promovendum3
1447 1617 1482 1671 et

252 1717 320 1778 hoc
335 1715 452 1796 ipsum
467 1714 581 1778 eidem
598 1712 693 1776 Patri
708 1712 846 1793 ignatio
866 1713 1093 1776 intercessori
1114 1713 1208 1793 apud
1228 1712 1343 1777 Deum
1363 1712 1480 1778 Socie-

250 1834 308 1885 tas
322 1822 417 1884 bona
431 1839 476 1884 ex
491 1832 592 1902 parte
607 1830 791 1901 acceptum
806 1819 954 1882 ferebat:

295 2099 302 2131 Ι
332 2097 406 2143 Hunc
422 2097 529 2142 fiduciae
546 2107 649 2140 sensum
663 2098 792 2151 expressit
808 2093 981 2138 Rivadeneira
997 2095 1022 2138 in
1036 2095 1090 2138 suis
1106 2093 1335 2148 confessionibus,
1350 2108 1431 2151 agens
1449 2100 1480 2143 de

248 2173 329 2216 rebus
343 2168 496 2224 Societatis,
511 2180 587 2224 quom
604 2168 704 2212 frustra
720 2167 884 2211 introducere
905 2167 930 2209 in
948 2165 1065 2220 Belgium
1082 2167 1136 2220 ipse
1153 2173 1284 2221 tentarat,
1302 2174 1329 2212 et
1347 2169 1483 2215 demortuo

249 2242 458 2297 terraemotum
468 2240 586 2286 obtinuit:
596 2239 675 2284 “Pero
682 2249 780 2294 porque
790 2250 818 2283 se
828 2249 887 2290 vea.
897 2249 946 2292 qne
957 2249 1058 2298 nonque
1068 2237 1131 2282 Dios
1141 2249 1169 2282 se
1179 2239 1252 2293 qutso
1262 2240 1349 2284 servir
1361 2242 1392 2286 de
1401 2243 1428 2287 la
1438 2254 1481 2296 au-

250 2315 356 2360 toridad
366 2326 383 2370 y
394 2314 519 2357 devocion
529 2313 570 2356 del
581 2311 671 2365 Duqne
682 2311 713 2354 de
722 2311 809 2360 Festa.
821 2321 886 2365 para
895 2321 944 2364 que
953 2320 1025 2353 como
1036 2316 1094 2354 otro
1108 2308 1182 2360 Josue
1192 2312 1295 2365 pelease
1306 2323 1353 2356 con
1362 2314 1401 2357 los
1410 2324 1482 2359 otna-

249 2387 345 2430 iecites
355 2397 372 2440 y
382 2386 421 2430 los
429 2385 557 2438 venciese,
567 2384 593 2428 la
601 2383 712 2428 victorio
722 2393 751 2426 se
761 2381 835 2425 debis
846 2381 958 2425 attibuit
968 2385 984 2424 a
995 2380 1096 2433 Moises,
1111 2392 1160 2435 que
1174 2392 1206 2424 en
1221 2383 1246 2424 el
1260 2390 1347 2426 monte
1357 2385 1438 2428 oraha
1448 2386 1484 2429 le·

252 2459 383 2503 vantedas
393 2459 433 2502 ins
443 2467 567 2512 monum
580 2466 625 2510 por
640 2465 669 2498 su
682 2455 787 2498 oracion
801 2453 878 2507 Josue
893 2452 995 2504 veneis,
1008 2453 1104 2496 ordonn
1118 2451 1231 2496 Nuestro
1247 2452 1329 2497 Senot·
1343 2466 1390 2509 que
1408 2467 1440 2499 no
1454 2467 1483 2499 se

246 2531 405 2585 concluyese
416 2529 492 2582 aquei
503 2527 619 2582 negocio,
631 2527 654 2570 ni
666 2528 690 2569 el
701 2525 757 2579 Rey
767 2525 870 2569 firmase
881 2527 905 2568 et
914 2523 1062 2578 privilegio„
1077 2524 1103 2566 ni
1119 2525 1255 2568 stcanzase
1267 2526 1385 2578 perfecta
1398 2527 1482 2570 victo·

248 2603 291 2646 ria
301 2601 380 2644 hasta
390 2610 439 2654 que
449 2599 561 2643 Nuestro
569 2597 653 2641 Padre
665 2599 737 2641 subto
747 2599 772 2640 al
783 2604 868 2640 monte
883 2595 925 2640 del
942 2596 1042 2650 cie10.y
1054 2595 1131 2638 desde
1146 2595 1199 2646 aiii,
1209 2596 1314 2649 orando,
1327 2597 1351 2640 io
1366 2597 1481 2652 ποιητός

248 2685 348 2729 porqne
357 2675 382 2717 el
392 2671 450 2727 dejo
460 2673 483 2716 el
493 2682 555 2716 sato
564 2671 594 2714 de
605 2678 711 2716 nuestra
721 2681 799 2714 carne
811 2669 906 2713 mortni
918 2669 942 2712 el
957 2673 1075 2723 postrero
1090 2667 1122 2711 de
1133 2665 1202 2720 Jutto
1216 2667 1248 2711 de
1262 2672 1317 2712 este
1332 2671 1382 2714 aiio
1393 2669 1454 2723 1556.
1464 2684 1483 2728 y

249 2750 327 2801 tuego
340 2749 356 2789 a
368 2746 406 2789 los
417 2752 472 2787 tres
482 2743 514 2786 de
525 2744 624 2797 Agosto
635 2742 708 2786 firmo
718 2742 742 2784 el
753 2740 809 2799 Rey
819 2742 843 2784 el
853 2740 1026 2797 pris-ttegto.y
1036 2738 1113 2791 Josue
1123 2745 1187 2782 tuso
1201 2740 1331 2795 cumpiida
1346 2741 1484 2796 victorie..

247 2818 348 2862 Corios
357 2819 391 2862 de
401 2816 457 2859 Son
468 2815 584 2869 lgnacro,
594 2822 611 2859 t.
623 2826 656 2866 vt.
667 2824 727 2868 pag.
737 2814 784 2867 351,
796 2819 883 2857 annot.
894 2813 915 2866 ἀς
925 2819 950 2856 et
960 2823 1020 2867 pag.
1031 2811 1130 2855 5’5579.
