3642 5350
317 351 372 413 516
779 348 905 411 Canon.
925 346 1002 409 Soc.
1021 347 1092 422 Jns.

317 501 394 580 bat3
413 514 524 580 usque
543 496 648 573 adeo,
669 506 708 560 ut
728 496 853 577 aliqui,
874 495 935 578 qui
955 494 1126 575 adscripti
1145 495 1181 557 in
1199 495 1268 559 hoc
1287 493 1454 574 catalogo
1473 512 1547 559 non

318 607 470 682 fuerant,
485 611 796 685 conquererentur,
813 600 907 683 quod
921 600 1070 664 fuissent
1082 601 1230 680 exclusi,
1243 618 1309 666 nec
1320 602 1365 666 ab
1376 602 1439 681 εἰς,
1452 600 1548 683 quod

317 713 466 778 libenter
479 711 595 775 daturi
610 718 722 786 erant,
738 717 928 791 peteretur;
945 717 980 771 et
994 708 1044 772 ita
1058 708 1251 788 sperabant
1264 708 1321 773 vel
1331 707 1549 790 quadragin-

317 829 354 884 ta
370 837 414 883 ex
428 817 561 884 nostris
574 817 762 882 Valentiae
777 832 884 897 posse
899 815 1104 879 sustentari.

378 928 422 992 Et
437 927 525 990 haec
540 925 583 989 de
598 924 757 1004 Collegio
772 923 978 989 Valentino.

638 1296 703 1362 DE
721 1296 956 1362 COLLEGIO
974 1296 1228 1363 GANDIENSI

377 1567 468 1633 2233.
512 1567 551 1630 P.
566 1566 745 1631 Antonius
764 1564 939 1630 Cordeses
963 1570 972 1603 ¹
994 1565 1118 1646 primis
1137 1566 1318 1631 mensibus
1337 1565 1442 1647 huius
1461 1570 1546 1632 anni

317 1677 447 1742 Rector
460 1673 609 1754 Collegii
620 1672 835 1737 Gandiensis
852 1673 928 1749 fuit,
942 1673 1005 1737 sed
1022 1691 1103 1738 cum
1115 1671 1152 1735 Ρ.
1165 1671 1340 1755 Baptista,
1352 1678 1364 1710 ²
1375 1674 1543 1756 Vicepro·

317 1784 491 1860 vincialiS,
508 1780 559 1845 5.⁸
574 1781 630 1844 die
645 1779 740 1864 Junii
754 1778 955 1860 Collegium
968 1779 1037 1843 hoc
1051 1779 1244 1860 visitasset,
1261 1781 1299 1845 P.
1317 1781 1542 1862 Christopho·

315 1910 395 1957 rum
410 1889 612 1967 Rodriguez
625 1885 636 1918 ⁸
651 1886 839 1951 Rectorem
854 1887 1017 1965 instituit,
1031 1896 1069 1951 ut
1084 1888 1204 1952 multis
1217 1888 1401 1953 laboribus
1422 1889 1545 1954 defati-

316 2007 439 2078 gatum
453 1995 492 2062 P.
507 1995 701 2060 Antonium
711 1993 926 2057 sublevaret.

376 2103 466 2168 2234.
511 2101 685 2183 Quamvis
712 2111 831 2164 autem
858 2102 984 2177 nostri,
1014 2103 1120 2181 pauci
1148 2119 1296 2166 numero
1318 2113 1449 2182 essent,
1474 2121 1546 2168 non

317 2211 441 2291 paucis
455 2228 521 2274 nec
537 2208 678 2288 exiguis
692 2208 874 2273 laboribus
888 2207 1032 2272 vineam
1048 2209 1145 2273 illam
1159 2209 1307 2274 Domini
1321 2211 1545 2275 excolebant.

376 2317 466 2382 2235.
510 2315 798 2381 Concionabatur
818 2325 938 2379 autem
957 2333 1038 2379 cum
1058 2332 1189 2395 magno
1204 2334 1383 2381 concursu
1397 2327 1432 2382 et
1446 2319 1549 2382 satis·

316 2425 471 2490 factione
487 2423 686 2488 auditorum
712 2421 746 2486 P.
768 2421 922 2486 Michael
943 2421 1125 2486 Govierno
1139 2421 1162 2504 ⁴,
1184 2433 1219 2487 et
1239 2424 1382 2505 quidem
1395 2424 1433 2488 in
1458 2424 1551 2506 Qua·

317 2532 531 2612 dragesima‚
552 2529 740 2594 dominicis
759 2547 802 2592 ac
827 2528 927 2592 sestis
946 2529 1069 2592 diebus
1089 2531 1126 2593 in
1145 2547 1284 2595 summo
1306 2533 1449 2612 templo,
1470 2532 1551 2595 aliis

317 2650 435 2706 autem
450 2638 611 2703 omnibus
627 2635 792 2719 profestis
807 2635 843 2699 in
858 2635 1013 2717 quodam
1028 2640 1244 2702 monasterio
1258 2636 1341 2703 8.sse
1356 2638 1496 2717 Clarae;
1514 2648 1547 2702 et

316 2757 390 2812 tam
407 2745 641 2811 ecclesiastici
664 2762 770 2825 quam
791 2745 996 2807 saeculares
1018 2761 1098 2808 cum
1117 2744 1235 2809 fructu
1252 2755 1287 2809 et
1301 2748 1547 2811 consolatione

316 2855 491 2937 spirituali
504 2854 707 2934 frequentes
722 2852 790 2931 ipsi
806 2852 956 2915 aderant
965 2867 986 2931 ;.
994 2860 1028 2915 et
1048 2853 1100 2915 sic
1115 2850 1190 2931 eius
1205 2853 1450 2919 afficiebantur
1464 2872 1545 2919 con·

316 2962 487 3038 cionibus,
504 2969 553 3039 ut,
571 2976 651 3023 cum
666 2960 854 3039 theologus
869 2958 1030 3039 quidam,
1052 2957 1157 3023 valde
1172 2961 1318 3039 doctus,
1334 2963 1548 3045 insequenti

316 3068 492 3133 Paschate
506 3065 791 3130 Resurrectionis
810 3064 922 3128 tribus
942 3064 1043 3129 sestis
1062 3067 1237 3146 quasdam
1251 3066 1479 3149 Apostolicas
1492 3070 1547 3133 lit·

317 3186 413 3239 teras
438 3174 728 3255 promulgaturus
747 3180 842 3235 esset
855 3170 1036 3246 Gandiae,
1062 3172 1181 3236 statim
1202 3184 1283 3253 post
1302 3175 1454 3255 primam
1472 3174 1549 3256 ejus
1623 3197 1631 3215 ·

222 3356 226 3369 Ι
317 3282 525 3347 concionem
539 3280 771 3359 magistratus
786 3296 867 3342 cum
883 3278 962 3341 aliis
976 3280 1096 3343 multis
1111 3296 1192 3343 eum
1208 3280 1396 3359 adeuntes,
1418 3283 1549 3347 obnixe

315 3397 501 3469 rogarunt,
517 3397 555 3451 ut
570 3387 707 3451 duobus
722 3385 949 3467 sequentibus
964 3385 1125 3450 Paschae
1136 3387 1259 3452 diebus
1270 3388 1309 3452 P.
1326 3389 1546 3453 Goviernum

316 3496 523 3562 concionari
537 3494 767 3576 permitteret.

375 3602 467 3669 2236.
508 3600 1546 3682 Praecedentiautemdiemercurii,insanctahebdomada,

297 3718 520 3793 praesentes
535 3708 658 3772 habuit
673 3717 745 3772 tres
760 3710 976 3787 meretrices,
994 3727 1038 3773 ex
1053 3709 1179 3788 quibus
1195 3709 1285 3773 duae
1296 3710 1342 3773 ad
1354 3708 1546 3774 Dominum

315 3834 511 3884 conversae
532 3816 694 3893 fueruntj
716 3815 821 3879 tertia
841 3834 928 3879 vero
944 3813 1051 3897 [cum]
1073 3816 1108 3878 in
1124 3814 1294 3879 Passione
1309 3816 1465 3896 Domini,
1488 3817 1546 3880 die

315 3925 457 3990 veneris
475 3930 655 4005 sequente,
676 3923 721 3985 ab
741 3922 865 3986 eodem
884 3921 1094 4003 praedicare
1115 3922 1269 4002 audiret,
1292 3932 1326 3986 et
1344 3924 1423 4003 ipsa
1438 3924 1546 3987 etiam

316 4032 423 4097 corde
442 4039 671 4111 compuncta,
692 4029 853 4093 clamans
873 4029 920 4093 ad
934 4028 1067 4108 Deum,
1084 4047 1127 4093 ac
1146 4030 1400 4110 poenitentiam
1422 4047 1545 4110 pecca·

356 4308 365 4341 ¹
395 4306 460 4351 Vide
470 4316 557 4361 supra,
568 4312 587 4349 t.
598 4317 623 4359 v,
634 4317 694 4360 pag.
705 4304 754 4359 stu,
763 4317 787 4349 n.
798 4306 847 4350 996.

355 4378 367 4409 ¹
393 4378 423 4421 P.
434 4376 545 4430 Joanneo
555 4376 583 4420 Β.
593 4375 624 4420 de
634 4376 740 4420 Borma.

354 4450 366 4483 ⁸
393 4450 459 4493 Vide
470 4460 557 4503 supra,
569 4456 587 4493 t.
599 4460 625 4502 v,
635 4460 695 4503 pag.
705 4449 753 4503 ³7⁶,
765 4460 789 4492 n.
801 4448 862 4493 loli.

354 4522 367 4555 ⁴
395 4520 460 4565 Vide
470 4532 557 4575 supra,
568 4527 590 4564 t.
603 4532 629 4569 v.
639 4532 700 4575 pap.
710 4521 757 4571 363.
767 4532 792 4565 n.
803 4520 851 4573 981,
863 4526 889 4565 et
899 4531 960 4575 pag.
969 4520 1020 4575 att,
1035 4532 1059 4566 n.
1075 4521 1123 4574 ⁹8&
1133 4528 1161 4567 et
1176 4521 1299 4567 Litterae
1312 4522 1548 4576 Quadrimestres,

314 4597 333 4637 t.
343 4604 381 4650 tv,
390 4602 450 4647 pat.
462 4592 560 4643 176·179,
571 4592 663 4647 qulbus
673 4591 801 4637 Polnneuo
811 4592 844 4637 nd
854 4592 922 4637 hune
932 4594 1018 4639 locum
1027 4599 1067 4638 ent
1076 4605 1147 4641 usus.
