3642 5350
357 422 411 484 686
813 417 942 477 Canon.
963 417 1042 478 Soc.
1062 418 1130 492 Jns.

417 565 508 629 2963.
551 564 642 630 Cum
663 563 776 646 prima
797 562 975 626 dominica
990 561 1294 642 Quadragesimae
1310 562 1520 626 concionem
1540 562 1586 626 ad

357 675 525 754 populum
539 672 697 750 baberet,
714 680 751 734 ut
766 669 963 751 spiritualia
984 678 1108 734 nostra
1127 671 1297 734 exercitia
1313 670 1345 734 ei
1365 668 1587 734 commenda·

358 792 423 859 ret,
441 781 540 844 dixit:
555 779 613 843 Ad
626 780 711 860 quid
721 777 935 842 existimatis
946 776 1126 841 Christum
1138 777 1174 840 in
1185 777 1364 842 desertum
1376 777 1505 841 exiisse
1517 777 1586 841 uisi

359 888 404 952 ad
419 888 582 952 facienda
596 887 782 952 exercitia?
797 885 876 950 Non
894 885 1036 967 quidem
1051 885 1120 949 illis
1131 884 1294 950 Christus
1309 885 1502 966 indigebat,
1523 883 1586 949 sed

358 997 460 1060 nobis
474 996 571 1059 adse
586 995 794 1059 imitandum
809 993 1011 1072 exemplum
1026 992 1182 1072 reliquit;
1203 992 1374 1056 exercitia
1389 991 1483 1056 enim
1498 992 1587 1056 haec

359 1120 491 1168 novum
507 1104 692 1166 inventum
705 1120 776 1165 nou
792 1111 884 1166 sunt.
898 1099 943 1162 Et
955 1118 1061 1181 quam
1073 1101 1276 1164 necessaria
1287 1107 1417 1180 essent,
1430 1099 1588 1181 pluribus

359 1211 479 1275 verbis
489 1211 653 1275 ostendit:
667 1226 774 1290 quam
786 1207 899 1292 [vero]
912 1209 1043 1274 utiliter
1054 1208 1091 1272 id
1101 1207 1147 1272 sit
1160 1208 1304 1296 dictum,
1315 1206 1461 1272 effectus
1473 1216 1587 1272 osten·

361 1318 427 1382 dit:
444 1319 643 1399 complures
663 1319 757 1381 enim
776 1317 947 1380 exercitia
962 1316 1083 1381 statim
1097 1315 1320 1396 postularunt
1335 1324 1369 1379 et
1385 1315 1420 1379 iu
1435 1313 1587 1379 Societa·
1653 1349 1657 1356 ·

360 1437 433 1490 tem
446 1434 606 1490 nostram
621 1425 681 1488 alii
696 1424 834 1488 admitti
849 1425 1026 1505 petierunt
1043 1423 1064 1486 ¹.

420 1532 511 1598 2964.
555 1532 644 1597 Cum
658 1531 753 1596 idem
767 1531 834 1595 hoc
849 1531 927 1612 ipso
943 1549 1027 1614 vere
1046 1531 1098 1594 sic
1119 1538 1341 1611 aegrotaret,
1362 1541 1401 1595 ut
1416 1531 1459 1595 de
1479 1530 1589 1612 ipsius

362 1650 476 1706 morte
506 1640 712 1718 timeretur,
749 1637 847 1702 Patri
874 1636 1090 1703 Provinciali
1118 1638 1348 1703 Bustamante
1375 1637 1589 1719 generaliter

362 1747 546 1813 coufessus
561 1756 633 1826 est;
648 1757 683 1811 et
697 1755 840 1827 praeter
853 1747 1115 1826 eleemosynas,
1132 1763 1222 1827 quas
1236 1763 1301 1827 pro
1317 1763 1382 1810 suo
1404 1762 1501 1810 more
1521 1744 1587 1810 fre·

362 1864 509 1938 quenter
537 1854 794 1934 elargiebatur,
824 1863 908 1918 tunc
937 1854 1086 1918 multum
1113 1853 1345 1934 pecuniarum
1374 1851 1587 1935 pauperibus

363 1963 511 2042 aliisque
526 1961 686 2043 plurimis
696 1958 801 2041 jussit
815 1961 990 2041 distribui,
1008 1971 1046 2025 ut
1059 1961 1136 2026 sine
1152 1961 1286 2026 divitiis
1297 1969 1505 2025 moreretur.

420 2069 511 2134 2965.
553 2069 796 2133 Ecclesiastici
811 2079 929 2133 autem
943 2069 980 2132 iu
995 2069 1261 2134 benevolentiae
1273 2068 1405 2134 affectu
1419 2085 1499 2132 eum
1514 2069 1587 2132 imi·

362 2179 546 2256 tabantur,
571 2193 639 2240 nec
664 2177 807 2251 mirum,
834 2194 915 2241 cum
940 2193 1042 2241 suum
1068 2176 1387 2258 Arebiepiscopum
1413 2175 1587 2254 doctrina,

362 2283 550 2348 sanctitate
571 2293 606 2347 et
625 2282 813 2365 prudentia
830 2284 1006 2364 insignem
1022 2286 1074 2349 sic
1090 2282 1254 2348 allectum
1275 2300 1362 2363 erga
1377 2281 1589 2348 Societatem

362 2393 535 2472 viderent,
551 2402 590 2456 ut
604 2409 661 2455 res
676 2401 818 2456 nostras
832 2402 1015 2473 tamquam
1029 2409 1113 2457 suas
1128 2392 1291 2473 proprias
1304 2389 1460 2456 duceret.
1479 2389 1589 2455 Recu-

362 2500 503 2582 peravit
522 2507 640 2563 autem
661 2496 900 2564 valetudinem
920 2515 999 2564 cum
1020 2516 1151 2580 magno
1171 2500 1290 2581 populi
1309 2499 1439 2577 fructu,
1456 2498 1500 2563 de
1519 2514 1589 2580 quo

363 2608 496 2689 optime
509 2606 659 2687 insignis
673 2607 731 2669 ille
745 2606 927 2688 praelatus
941 2608 1154 2690 merebatur.

422 2713 513 2779 2966.
557 2714 724 2793 Agebant
742 2714 857 2779 nostri
875 2714 920 2778 de
940 2715 1043 2779 domo
1064 2715 1235 2794 quadam,
1253 2734 1343 2797 quae
1359 2717 1520 2797 Collegio
1540 2717 1589 2780 vi·

364 2825 442 2887 cina
458 2832 547 2901 erat,
563 2821 723 2901 emenda,
740 2838 831 2901 quae
846 2831 999 2903 quatuor
1014 2823 1167 2886 millibus
1181 2823 1393 2888 ducatorum
1409 2822 1588 2904 judicaba-

363 2940 433 3010 tur,
450 2939 487 2994 ut
502 2931 550 3011 hi,
563 2930 624 3012 qui
638 2928 682 2992 ad
694 2928 893 3009 spiritualia
906 2930 1076 2994 exercitia
1090 2929 1279 2994 veniebant
1291 2940 1326 2995 et
1336 2940 1375 2996 ut
1386 2942 1589 2996 nostrorum

364 3054 474 3119 opera
488 3037 567 3101 aliis
580 3037 617 3101 in
632 3036 739 3100 rebus
752 3044 947 3115 uterentur,
969 3036 1086 3117 excipi
1099 3046 1255 3117 possent.
1271 3038 1417 3104 Praeter
1436 3050 1589 3119 nostros,

365 3145 474 3226 quiin
489 3144 634 3208 minimo
649 3143 809 3222 Collegio
824 3143 1092 3224 quatuordecim
1106 3153 1167 3208 aut
1186 3146 1388 3226 quindecim
1402 3164 1480 3211 esse
1491 3146 1591 3211 debe·

366 3270 405 3315 re
424 3269 445 3315 a
465 3250 503 3316 P.
526 3250 664 3331 ignatio
684 3250 722 3313 in
742 3249 1144 3333 Hispaniamscriptum
1165 3262 1254 3332 erat,
1277 3251 1590 3336 ArchiepiscopuS‚

366 3359 427 3441 qui
447 3357 692 3439 operariorum
711 3374 897 3422 numerum
916 3360 1040 3439 augeri
1062 3360 1188 3424 merito
1203 3361 1361 3441 optabat,
1383 3361 1429 3425 ad
1449 3360 1593 3426 domum

366 3466 552 3531 emendam
566 3476 600 3530 et
615 3483 677 3530 eos
691 3466 838 3529 alendos
858 3466 1029 3530 auxilium
1051 3484 1089 3530 se
1108 3467 1299 3532 allaturum
1313 3467 1542 3549 promiserat;
1558 3477 1593 3533 et

366 3574 466 3639 initio
481 3574 622 3655 quidem
636 3575 732 3637 mille
746 3573 895 3638 ducatos
909 3574 1132 3654 promiserat,
1149 3575 1213 3639 sed
1227 3584 1370 3655 praeter
1388 3576 1467 3640 illos
1486 3575 1592 3658 majo·

367 3699 443 3747 rem
462 3698 637 3746 summam
652 3690 778 3762 postea
798 3680 905 3746 dedit.
929 3680 999 3745 Sed
1020 3680 1164 3747 domum
1178 3683 1222 3747 de
1241 3700 1311 3765 qua
1331 3683 1503 3763 agebatur
1522 3701 1593 3748 non

264 3876 267 3881 .
367 3797 540 3868 emerunt,
557 3789 651 3869 quod
665 3789 776 3853 libera
797 3807 869 3853 non
888 3798 982 3853 esset
1001 3798 1036 3853 et
1057 3790 1136 3853 lites
1157 3790 1332 3855 timerent:
1355 3790 1463 3856 aliam
1483 3793 1593 3856 multo

368 3894 539 3976 maiorem
554 3904 588 3959 et
608 3896 716 3974 duplo
737 3892 881 3975 majoris
903 3895 1007 3975 pretii
1026 3893 1190 3961 idoneam
1207 3896 1285 3961 fore
1299 3900 1507 3978 censebant:
1532 3898 1602 3981 sed,

371 4002 511 4067 interim
532 4002 615 4066 dum
633 4002 694 4066 illa
709 4004 779 4066 emi
799 4011 955 4083 poterat,
976 4001 1014 4066 P.
1037 4002 1270 4067 Provincialis
1290 4005 1398 4068 aliam
1413 4006 1593 4085 conduxit,

370 4127 436 4174 nec
451 4109 612 4175 Grauata
626 4108 774 4173 recessit
788 4109 901 4173 donec
916 4110 953 4174 in
968 4110 1065 4174 illam
1079 4111 1192 4174 nostri
1203 4112 1413 4191 migrarunt.

431 4216 522 4281 2967.
566 4216 649 4281 Fuit
662 4225 781 4281 autem
795 4216 863 4281 hoc
882 4216 1155 4298 Archiepiscopi
1175 4219 1361 4283 consilium
1379 4229 1418 4283 ut
1437 4220 1496 4285 illa
1516 4238 1595 4285 con·

411 4457 419 4491 1
449 4456 573 4502 Perlodua
583 4468 650 4512 quae
659 4457 759 4512 lnclplt:
769 4456 818 4502 “Er
828 4468 909 4513 quarn
926 4459 1096 4513 necessaria„
1113 4469 1170 4503 cum
1185 4458 1217 4503 lle
1232 4470 1298 4514 quae
1313 4466 1456 4515 sequuntur
1469 4472 1550 4516 nsque
1564 4461 1597 4506 ad

370 4524 446 4571 fluent
455 4526 561 4582 balmae
571 4527 680 4581 numeri,
690 4527 781 4572 addite
790 4533 850 4572 eunt
860 4530 893 4571 ab
903 4528 1013 4583 ipsomet
1024 4528 1137 4573 Polnnco
1153 4529 1186 4573 ad
1201 4539 1275 4573 oram
1289 4530 1419 4584 pagellae.
1426 4529 1597 4575 -Caeterum

370 4598 429 4643 vide
439 4596 562 4643 Litterae
570 4598 802 4652 Quadrlmestres,
810 4605 828 4643 t.
839 4610 875 4650 rv,
886 4610 947 4654 pag.
958 4599 1006 4644 226.
1017 4598 1142 4645 Narratio
1148 4600 1227 4651 enlm.
1235 4611 1300 4655 quae
1311 4598 1353 4645 bic
1364 4601 1509 4653 exhibetur,
1516 4602 1597 4647 ferme

371 4676 428 4713 tota
438 4669 558 4714 conlecta
568 4674 608 4714 ert
618 4680 651 4712 ex
660 4671 766 4725 litteris,
776 4680 841 4725 quas
851 4670 877 4715 lu
888 4672 931 4715 cit.
943 4673 994 4715 vol.
1005 4672 1128 4721 invenies.
1140 4670 1313 4727 111223,ῠῆ
1325 4672 1373 4717 621.
