3642 5350
372 459 428 522 652
575 525 581 535 ,
828 459 955 522 Cuaou.
977 459 1054 522 Soc.
1076 462 1146 536 Jus.

374 616 463 682 sent,
480 604 689 670 confirmata
703 607 917 670 haberentur
930 625 936 686 ;
958 607 1020 672 sed
1034 607 1262 672 nihilominus
1274 607 1495 672 confirmatio
1508 617 1600 689 pete·

373 714 478 778 batur
498 731 561 794 per
580 714 735 779 tribunal
755 713 1052 779 Poenitentiariae
1071 732 1152 780 cum
1172 715 1426 796 approbatione
1442 713 1597 795 ejusdem

373 819 411 885 P.
427 819 572 901 Ignatii,
593 821 723 901 partim
745 823 791 885 ad
811 823 1090 886 consolationem
1112 822 1223 903 ipsius
1247 821 1458 902 fundatoris,
1481 823 1541 903 qui
1562 822 1597 886 id

372 929 515 992 omnino
539 928 744 1008 expetebat,
770 929 899 1008 partim
924 930 1008 1010 quia
1030 928 1073 992 de
1097 929 1220 992 uxoris
1241 929 1477 993 inconstantia
1501 929 1594 994 idem

372 1034 558 1100 Moschera
566 1035 722 1113 timebat,
730 1037 762 1100 si
772 1045 912 1116 tempus
923 1037 998 1100 sine
1011 1037 1277 1101 confirmatione
1289 1035 1410 1100 luisset
1421 1037 1594 1117 elapsum,

372 1142 474 1206 etita
500 1142 722 1221 affligebatur
746 1142 823 1224 ejus
847 1144 987 1207 animus
1012 1144 1058 1206 ob
1082 1143 1288 1208 dilationem
1304 1143 1594 1222 confirmationis

371 1250 535 1330 quamvis
561 1249 636 1330 ejus
657 1251 770 1314 virtus
790 1262 826 1314 et
846 1250 992 1332 spiritus
1015 1250 1147 1315 indies
1173 1267 1253 1314 cum
1276 1250 1510 1314 admiratione
1535 1269 1593 1315 cu·

370 1358 445 1422 riae
465 1368 683 1436 crescerent,
704 1368 738 1421 et
762 1357 888 1422 indies
914 1358 1046 1439 aliquid
1067 1358 1213 1422 adderet
1233 1359 1290 1420 vel
1312 1359 1543 1422 concinnaret
1558 1358 1595 1422 in

370 1463 532 1528 aedificio
547 1464 672 1529 domus
683 1466 814 1529 nostris
829 1465 994 1530 donatae.

428 1569 520 1636 2802.
564 1570 985 1637 CuravitP.Franciscus
996 1586 1033 1636 ut
1043 1572 1439 1653 NunciusApostolicus
1450 1571 1594 1636 Summo

371 1677 533 1744 Pontifici
543 1680 726 1759 scriberet,
735 1697 842 1763 quam
854 1681 1011 1744 studiose
1019 1677 1292 1761 Societas,quae
1305 1680 1351 1744 ad
1362 1679 1487 1744 Sedem
1499 1679 1593 1760 Apo·

369 1787 531 1851 stolicam
551 1788 785 1869 pertinebant,
802 1788 838 1852 in
853 1787 952 1852 curia
967 1787 1161 1869 Hispaniae
1178 1787 1305 1868 juvare
1324 1805 1366 1852 ac
1381 1805 1592 1869 promovere

368 1904 529 1973 curaret;
545 1904 580 1958 et
595 1891 699 1975 [sicut
714 1893 860 1958 dederat
874 1893 1033 1976 operam]
1049 1905 1088 1959 ut
1102 1894 1179 1959 Rex
1195 1894 1434 1975 Portugalliae
1448 1893 1592 1960 Summo

369 1999 531 2065 Pontifici
545 2001 588 2064 de
602 2000 790 2066 Societatis
805 1999 962 2081 ejusdem
975 2003 1222 2083 progressibus
1234 2011 1269 2065 et
1280 2001 1396 2066 fructu
1407 2002 1590 2083 scriberet,

367 2109 461 2173 idem
474 2107 636 2173 facturus
650 2107 752 2191 [erat]
772 2110 866 2190 apud
885 2109 1020 2190 Regem
1039 2109 1255 2191 Philippum,
1277 2110 1308 2174 si
1326 2111 1363 2173 in
1384 2109 1591 2190 Hispaniam

368 2216 539 2296 venissen
556 2234 639 2281 nam
654 2217 747 2299 apud
762 2215 967 2281 Pontificem
988 2215 1136 2282 Paulum
1151 2215 1201 2280 lv
1215 2215 1417 2297 huiusmodi
1437 2219 1589 2282 testimo·

367 2322 427 2386 nia
443 2333 643 2403 opportuna
657 2323 734 2388 fore
749 2324 972 2389 videbantur.

424 2428 516 2494 2803.
559 2431 654 2495 Idem
666 2443 836 2497 executus
847 2442 901 2496 est
913 2433 1007 2515 quod
1018 2432 1057 2496 P.
1070 2433 1229 2512 ignatius
1245 2431 1458 2512 injunxerat,
1476 2445 1513 2497 ut
1525 2451 1590 2514 pro

365 2536 624 2603 Marchionissa
638 2538 682 2602 de
697 2539 819 2620 Pliego
831 2539 840 2571 ¹
857 2551 929 2604 tres
943 2540 1075 2606 Missae
1086 2559 1107 2604 a
1120 2541 1269 2620 singulis
1282 2539 1526 2604 sacerdotibus
1540 2541 1588 2604 di·

364 2656 540 2728 cerentur,
557 2656 595 2712 ut
610 2665 675 2729 pro
695 2647 894 2713 fundatrice
914 2649 1063 2730 Collegii
1079 2647 1335 2729 Cordubensis,
1357 2649 1463 2713 etiam
1482 2649 1513 2713 si
1532 2666 1589 2713 ne·

363 2772 464 2819 cesse
474 2764 568 2819 esset
579 2757 647 2820 boc
661 2756 776 2837 ipsum
788 2756 926 2821 deferre
936 2756 981 2820 D.
993 2757 1121 2839 Joanni
1137 2756 1180 2820 de
1195 2756 1371 2834 Cordoba,
1387 2765 1423 2819 et
1437 2756 1485 2820 ita
1500 2756 1588 2821 duos

362 2861 569 2927 fundatores
587 2875 813 2944 agnosceret,
835 2866 930 2944 quod
948 2865 1054 2928 etiam
1075 2863 1150 2928 fieri
1165 2881 1269 2944 posse
1289 2864 1401 2927 Roma
1416 2865 1588 2945 scriptum

363 2969 444 3049 suit,
459 2972 626 3050 quamvis
636 2982 759 3051 postea
770 2971 1028 3035 Marchionissa
1041 2983 1154 3035 totum
1166 2973 1259 3035 hunc
1272 2971 1470 3036 fundatoris
1482 2974 1587 3035 hono·

364 3094 439 3141 rem
454 3077 498 3141 D.
515 3077 644 3160 Joanni
659 3078 702 3142 de
717 3077 880 3143 Cordoba
895 3079 1025 3143 deferri
1037 3080 1160 3143 voluit.

423 3183 515 3248 2804.
557 3182 678 3249 Mense
699 3185 793 3267 Majo
817 3185 855 3250 P.
882 3186 1096 3251 Franciscus
1112 3195 1268 3251 veterem
1285 3187 1471 3267 quemdam
1486 3203 1587 3252 suum

363 3292 526 3357 morbum
539 3309 667 3357 curare
682 3294 821 3371 volenS,
839 3303 873 3356 et
894 3293 940 3356 ad
954 3294 989 3357 id
1005 3310 1085 3357 cum
1101 3294 1225 3356 medici
1243 3294 1389 3357 consilio
1406 3293 1589 3374 cujusdam

362 3399 449 3479 ligni
463 3417 603 3480 aquam,
620 3400 758 3463 salsam
769 3400 972 3480 parigliam
988 3410 1137 3479 vocant,
1154 3400 1273 3465 bibere
1288 3401 1475 3481 incipienS,
1497 3419 1588 3482 quae

361 3508 528 3571 sudorem
552 3509 734 3588 exigebat,
766 3508 818 3571 bis
843 3509 889 3572 ad
903 3508 1099 3588 periculum
1122 3506 1365 3573 suffocationis
1390 3509 1454 3572 suit
1483 3508 1587 3572 addu-

361 3626 450 3695 ctuS,
477 3634 559 3680 cum
584 3635 673 3698 pene
699 3616 844 3697 spiritus
870 3615 947 3696 ejus
966 3617 1277 3696 intercluderetur;
1304 3626 1339 3679 et
1364 3617 1413 3680 ita
1435 3617 1586 3682 curatio·

361 3742 441 3789 nem
460 3724 661 3805 relinquere
676 3724 777 3805 juxta
798 3726 984 3789 consilium
1002 3724 1130 3787 medici
1150 3734 1296 3787 coactus
1314 3724 1396 3802 suit,
1418 3734 1456 3788 ut
1473 3722 1485 3753 '
1505 3742 1585 3789 cum

361 3834 473 3896 veteri
487 3832 546 3896 illo
560 3832 695 3911 morbo,
712 3832 807 3913 quod
822 3833 995 3912 reliquum
1011 3840 1104 3894 esset
1119 3831 1225 3908 vitae,
1243 3831 1467 3911 transigeret.

418 3938 510 4003 2805.
553 3938 642 4004 Cum
656 3941 833 4003 retulisset
848 3938 1004 4019 Principi
1024 3938 1184 4021 joannae
1205 3938 1338 4002 Romae
1360 3948 1487 4019 coepta
1507 3955 1585 4003 esse

359 4047 542 4111 decantari
557 4046 672 4111 officia
687 4045 769 4111 ΞΝ
786 4045 1046 4126 hebdomadae,
1068 4064 1199 4125 magna
1219 4046 1352 4110 laetitia
1373 4044 1500 4109 affecta
1519 4055 1584 4117 est:

358 4155 524 4218 namhoc
540 4154 654 4234 ipsum
670 4154 730 4218 illa
744 4153 985 4230 desiderabat,
1003 4153 1094 4217 sicut
1109 4164 1143 4217 et
1158 4152 1306 4216 Praeses
1327 4152 1473 4217 Consilii
1495 4154 1586 4231 regii

358 4273 392 4326 et
408 4262 468 4326 alii
482 4272 669 4343 magnates
683 4261 890 4342 Hispaniae,
906 4262 967 4343 qui
982 4261 1050 4324 hoc
1065 4262 1178 4324 solum
1192 4258 1261 4341 [ad]
1278 4271 1439 4325 nostrum
1450 4260 1585 4324 institu-

400 4562 408 4593 ¹
436 4558 475 4605 De
485 4560 535 4604 bac
545 4558 740 4613 religlosissima
751 4549 857 4613 femina,
868 4559 1013 4603 catharina
1025 4556 1175 4603 Fernandez
1191 4558 1222 4602 de
1234 4557 1362 4609 cordoba,
1376 4567 1455 4612 saepe
1473 4558 1498 4601 in
1511 4567 1584 4611 supe·

356 4632 469 4677 rioribus
478 4633 531 4676 vol.
542 4632 640 4676 dictum
650 4638 698 4677 est.

394 4702 407 4734 ¹
433 4701 479 4747 Ms.
490 4707 522 4746 et.
