3642 5350
793 442 857 507 Au.
883 444 953 508 1556
1435 439 1489 504 am

259 578 478 672 comparent,
504 608 576 656 non
602 583 748 673 habent3
774 586 938 674 quamvis
959 602 1078 658 autem
1097 588 1161 674 per
1180 600 1291 656 totum
1318 590 1486 669 Galliam,

258 696 465 765 Flandriam
483 706 518 763 et
537 691 676 765 italiam
695 700 814 765 multis
832 700 866 765 in
888 702 977 765 locis
991 714 1155 766 versatus
1177 708 1288 779 esset,
1310 714 1487 780 nusquam

258 806 407 871 similem
421 815 667 888 paupertatem
676 824 716 871 se
730 808 863 875 vidisse
877 806 916 873 P.
930 808 1154 874 Eleutherius
1165 805 1362 872 affirmabat
1377 805 1399 871 ¹.
1416 805 1487 871 Do·

259 914 445 978 manculas
458 913 678 996 habitabant,
701 918 737 980 in
762 915 889 997 quibus
913 916 1018 980 unica
1043 924 1181 979 tantum
1204 922 1282 978 erat
1301 912 1486 992 habitatio,

259 1020 335 1085 sine
348 1020 420 1085 ulla
435 1012 590 1087 fenestra
604 1023 663 1087 vel
677 1023 829 1104 camino,
855 1033 997 1105 praeter
1010 1023 1095 1088 tecti
1119 1022 1241 1102 rimas3
1262 1032 1297 1087 et
1322 1022 1385 1103 ita,
1406 1036 1488 1085 cum

259 1128 378 1209 ignem
403 1127 610 1212 conficiunt,
638 1138 750 1195 totam
774 1130 919 1196 domum
942 1131 1063 1196 statim
1086 1130 1204 1195 fumus
1225 1130 1364 1213 implet,
1391 1136 1427 1193 et
1450 1126 1488 1191 in

258 1234 382 1299 eadem
406 1236 624 1302 habitatione
643 1246 679 1302 et
697 1237 859 1304 homines
876 1237 1037 1303 habitant
1061 1246 1097 1303 et
1115 1238 1294 1316 animalia,
1315 1253 1406 1318 quae
1425 1234 1487 1299 ha·

258 1343 353 1423 bent;
368 1350 403 1407 et
417 1334 454 1408 in
467 1360 538 1409 uno
552 1345 645 1410 lecto
659 1354 735 1411 tota
749 1345 879 1410 dormit
889 1345 1035 1425 familia;
1047 1344 1208 1425 masculi,
1220 1344 1407 1423 foeminae,
1423 1359 1485 1424 pa·

257 1459 376 1515 rentes
391 1460 424 1515 et
440 1450 500 1517 filii
515 1459 551 1517 et
564 1453 661 1517 servi
675 1452 864 1533 dormiunt,
879 1452 974 1534 quod
989 1452 1179 1517 verisimile
1194 1460 1333 1516 estnon
1346 1448 1487 1530 magnis

244 1556 493 1623 'incommodis
506 1561 530 1639 ¹,
546 1559 655 1623 etiam
669 1559 921 1641 spiritualibus,
938 1576 1074 1625 carere.

320 1662 407 1730 1242.
450 1664 565 1747 Major
578 1683 662 1747 pars
676 1666 908 1731 foeminarum
927 1676 1071 1748 propter
1090 1674 1334 1748 paupertatem
1352 1672 1484 1742 vesteS,

258 1770 384 1854 quibus
398 1780 576 1853 tegantur,
592 1789 664 1838 non
679 1774 821 1855 habent,
838 1784 872 1839 et
892 1772 971 1839 ideo
993 1783 1067 1839 toto
1087 1789 1181 1838 anno
1201 1773 1248 1838 ad
1266 1771 1413 1838 Missam
1427 1788 1486 1835 au·

258 1878 423 1943 diendam
448 1897 520 1945 non
544 1881 730 1961 accedunt;
757 1891 791 1945 et
814 1890 913 1947 tanta
930 1868 1139 1963 premuntur
1163 1887 1339 1961 egestate,
1360 1888 1398 1943 ut
1417 1878 1486 1943 nisi
1545 1917 1547 1921 -

256 1985 356 2051 festis
370 1986 476 2051 etiam
487 1987 611 2053 diebus
625 1990 786 2053 laborent
797 1986 820 2067 ¹,
833 1988 1003 2053 familiam
1015 1989 1108 2053 fame
1120 1988 1314 2070 perituram
1325 1984 1484 2051 credant.

162 2180 164 2183 Ι
318 2093 404 2159 1243.
448 2094 533 2159 Inde
547 2096 731 2160 accidebat
750 2106 789 2161 ut
805 2096 851 2161 ad
870 2096 1127 2161 confessionem
1145 2103 1180 2160 et
1199 2093 1484 2159 communionem

255 2201 473 2283 frequentem
488 2202 616 2267 adduci
631 2202 773 2267 minime
787 2212 942 2286 possent,
955 2221 1012 2283 ne,
1024 2201 1107 2267 dum
1118 2202 1185 2284 ipsi
1195 2202 1233 2266 in
1243 2198 1484 2282 spiritualibus

256 2319 487 2390 occupantur,
508 2309 642 2374 familia
659 2308 789 2375 famem
808 2320 1000 2391 pateretur.
1027 2309 1202 2374 Dicebant
1224 2309 1331 2373 etiam
1353 2326 1392 2371 se
1412 2307 1483 2371 alia

254 2425 401 2498 peccata
416 2434 488 2481 non
503 2416 645 2497 habere,
663 2417 732 2481 nisi
745 2416 839 2497 quod
855 2418 1052 2483 maledictis
1062 2415 1154 2482 filios
1172 2424 1319 2497 propter
1333 2430 1483 2496 pauper·

256 2517 365 2588 tatem
380 2518 689 2606 prosequerentur.

319 2630 406 2697 1244.
449 2630 505 2697 Ex
523 2631 648 2697 eadem
666 2648 774 2697 causa
795 2634 900 2713 pauci
920 2650 965 2696 ex
985 2629 1129 2714 plebejis
1149 2630 1194 2696 ad
1214 2630 1405 2696 conciones
1424 2629 1483 2693 ad·

255 2738 336 2805 duci
350 2748 524 2820 poterant.
541 2739 586 2804 Et
601 2757 681 2804 cum
696 2757 741 2804 ex
756 2757 853 2804 more
875 2741 999 2804 concio
1019 2739 1095 2804 fieri
1114 2740 1227 2804 soleat
1244 2746 1324 2820 post
1342 2738 1484 2818 symbo-

255 2841 328 2911 lum
343 2837 597 2925 Apostolorum
613 2847 648 2910 in
663 2846 772 2910 Missa
787 2847 985 2926 recitatum,
1002 2847 1202 2927 aliquando,
1219 2862 1299 2909 cum
1314 2844 1482 2908 videbant

256 2953 544 3018 concionatorem
560 2963 768 3033 suggestum
787 2955 1050 3032 ascendentem,
1072 2953 1146 3017 fere
1161 2969 1284 3016 omnes
1300 2951 1483 3032 fugiebant

254 3069 354 3124 extra
370 3061 568 3139 ecclesiam,
585 3070 620 3124 et
635 3061 777 3142 quidem
788 3078 950 3143 propere.
963 3061 1007 3125 Et
1018 3060 1205 3125 videbatur
1220 3059 1256 3123 id
1269 3059 1313 3122 ab
1327 3059 1379 3122 eis
1393 3058 1481 3138 fieri,

254 3185 313 3246 ne,
340 3167 371 3231 si
392 3175 530 3232 tantum
549 3169 718 3249 temporis
744 3170 780 3233 in
805 3170 958 3233 ecclesia
977 3177 1161 3233 manerent
1186 3167 1270 3231 dum
1294 3167 1420 3230 concio
1448 3175 1483 3230 et

254 3273 361 3338 Missa
383 3274 638 3356 absolveretur,
661 3276 756 3339 domi
780 3275 959 3340 inventuri
983 3292 1054 3339 non
1080 3284 1196 3338 essent
1219 3271 1302 3355 quid
1323 3273 1480 3336 comede·

253 3391 341 3460 rent,
355 3390 389 3446 et
403 3382 453 3446 ita
469 3380 671 3462 infrequens
686 3383 773 3446 satis
789 3383 1002 3446 auditorium
1016 3399 1093 3446 esse
1108 3366 1255 3445 solebat.

315 3488 402 3552 1245.
446 3489 490 3553 Et
510 3489 587 3570 ipso
606 3488 663 3553 die
682 3490 921 3570 PentecosteS,
938 3505 1019 3554 curn
1033 3489 1069 3552 in
1084 3488 1272 3553 ecclesiam
1291 3487 1482 3551 conciona-

255 3604 354 3660 turus
368 3595 571 3661 advenisset
585 3598 644 3678 qui
664 3597 788 3661 solitus
803 3605 879 3661 erat
900 3596 1116 3675 concionari,
1135 3595 1311 3659 neminem
1331 3594 1479 3658 invenit.

253 3701 415 3769 Secundo
437 3713 554 3768 autem
579 3704 646 3782 die,
674 3721 754 3769 cum
779 3714 986 3785 suggestum
1009 3703 1217 3767 ascenderet
1238 3702 1304 3766 sub
1328 3701 1480 3765 mediam
1549 3791 1552 3794 ἡ

253 3809 409 3890 Missam,
433 3819 604 3893 quotquot
625 3810 698 3876 fere
723 3820 825 3875 erant
846 3813 883 3877 in
907 3811 1050 3891 templo,
1075 3809 1241 3890 fugerunt
1260 3818 1295 3872 et
1315 3817 1480 3889 coeptam

254 3915 400 3981 Missam
413 3918 640 4000 reliquerunt;
655 3919 752 3983 etita
767 3919 884 3982 rarius
899 3918 1087 3981 conciones
1102 3915 1335 3981 habebantur.

316 4023 403 4089 1246.
447 4025 492 4088 Et
506 4023 674 4089 Vicarius
688 4025 763 4107 ipse
786 4024 962 4089 fatebatur
981 4035 1120 4105 tempus
1138 4040 1265 4104 parum
1281 4022 1413 4086 utiliter
1433 4031 1481 4086 te·

253 4133 400 4196 rendum
415 4149 504 4208 esse,
521 4133 551 4196 si
566 4132 716 4212 singulis
730 4131 916 4197 dominicis
931 4132 1055 4197 diebus
1069 4148 1133 4213 pro
1151 4148 1249 4195 more
1260 4139 1404 4195 nostrae
1418 4126 1480 4192 So·

251 4240 389 4304 cietatis
405 4239 534 4304 vellent
550 4240 765 4320 concionari
782 4240 861 4304 ideo
876 4240 1005 4303 mirum
1019 4256 1090 4303 non
1105 4247 1170 4318 est,
1187 4239 1217 4301 si
1232 4252 1363 4317 magna
1381 4237 1480 4316 igno·

290 4479 300 4515 ¹
327 4479 420 4526 insulis
430 4479 519 4537 (Lille)
530 4488 606 4529 natus
619 4489 677 4528 erat
691 4485 722 4529 Ρ.
736 4481 902 4528 Eleutherius
914 4481 1055 4536 Pantanus,
1066 4485 1092 4524 et
1108 4479 1218 4526 Parisiis
1233 4477 1427 4524 insacietatem
1437 4479 1480 4524 ad·

254 4553 355 4600 mirans.
368 4551 437 4598 Vide
447 4565 535 4610 snpra,
544 4560 565 4600 t.
573 4565 601 4610 rr,
611 4567 672 4612 pag.
681 4555 717 4614 9⁴,
727 4567 750 4602 n.
760 4555 810 4601 221.

289 4622 302 4656 ί
328 4621 375 4668 lla.
385 4624 466 4669 habet
476 4627 634 4680 commodis·
643 4627 689 4672 aed
699 4638 789 4673 sensus
797 4626 956 4674 contrariam
966 4625 1094 4683 postulat.

291 4693 303 4729 ὓ
331 4693 551 4743 llafaborarent.
658 4701 659 4706 ’
