3642 5350
811 429 875 489 Art.
897 428 967 490 1556
1450 429 1504 490 669

270 574 463 640 multorum
482 592 657 641 armorum
675 575 714 640 Ρ.
736 577 913 642 Gonzalez
933 576 1084 654 fecerat,
1107 583 1141 638 et
1161 575 1197 638 in
1219 575 1294 638 dies
1313 571 1500 658 [singulos]

271 682 408 762 aliquos
418 682 462 747 de
473 682 608 747 familia
620 701 685 748 sua
698 683 977 764 superfluosase
989 681 1382 758 dimittebat,etinaliis
1392 685 1499 748 etiam

271 788 559 856 reformationem
572 809 660 874 prae
674 809 713 856 se
732 791 879 857 ferebat.

330 895 421 961 2875.
465 898 554 964 Cum
568 898 707 964 abesset
721 898 760 963 Ρ.
776 897 1011 963 Provincialis
1030 897 1211 977 Corduba,
1229 899 1346 980 coepit
1364 897 1403 962 P.
1426 898 1498 963 Ma·
1518 951 1522 958 .

270 1003 349 1069 drid
363 1004 461 1070 initio
477 1004 579 1087 hujus
597 1007 682 1071 anni
695 1005 928 1069 christianam
942 1002 1141 1068 doctrinam
1155 1007 1287 1086 populo
1302 1006 1494 1087 explicare,

269 1118 304 1174 et
318 1118 392 1176 tam
405 1113 589 1194 copiosum
604 1113 766 1194 spiritum
782 1112 889 1176 dabat
904 1112 955 1176 illi
966 1109 1152 1189 Dominus,
1165 1121 1203 1175 ut
1215 1111 1251 1176 in
1265 1129 1327 1176 ore
1339 1113 1495 1178 omnium

268 1228 363 1282 esset
377 1218 470 1301 quod
490 1221 587 1302 ipsas
607 1221 791 1285 columnas
812 1219 1088 1284 contremiscere
1106 1228 1268 1300 cogerem
1292 1229 1327 1284 et
1347 1220 1495 1286 multum

268 1324 523 1392 aedificationis
536 1328 618 1392 inde
632 1331 783 1409 populus
802 1327 1032 1409 percipiebat,
1055 1335 1089 1390 et
1110 1325 1297 1391 Rectorem
1319 1327 1428 1408 aliqui
1447 1338 1492 1392 te·

267 1432 343 1497 neri
357 1434 567 1501 dictitabant
581 1436 721 1500 adeum
735 1436 1024 1500 concionatorem
1038 1435 1168 1515 populo
1183 1434 1431 1500 exhibendum.

324 1539 415 1606 2876.
459 1542 714 1608 Commorebat
730 1543 890 1607 homines
905 1542 1134 1606 vehementer
1149 1540 1195 1605 ad
1209 1540 1344 1622 fletum;
1362 1549 1397 1606 et
1412 1558 1492 1606 cum

265 1648 373 1712 semel
392 1666 601 1728 conversas,
618 1667 709 1732 quae
729 1650 916 1732 penuriam
936 1649 1178 1730 patiebantur,
1195 1648 1490 1729 commendasset,

264 1756 385 1819 statim
397 1757 606 1822 societatem
620 1757 690 1823 viri
704 1755 847 1839 quidam
861 1757 1016 1820 inierunt
1029 1756 1076 1820 ad
1091 1771 1152 1818 eas
1166 1755 1429 1836 sustentandae,
1442 1755 1491 1821 ita

264 1871 303 1926 ut
317 1863 449 1943 singuli
462 1865 611 1946 singulis
633 1864 757 1930 diebus
774 1864 978 1928 necessaria
1000 1863 1069 1926 illis
1091 1862 1317 1943 praeberent;
1340 1879 1490 1944 quorum

263 1987 431 2035 numerus
445 1971 491 2035 ad
507 1972 742 2054 quadraginta
758 1971 983 2036 ascendebat.
996 1969 1067 2034 Sed
1081 1969 1163 2051 quia
1176 1969 1262 2050 ipse,
1276 1969 1320 2034 ob
1331 1969 1488 2034 debilita-

263 2086 349 2158 tem,
370 2079 406 2141 in
424 2080 689 2159 praedicatione
704 2079 886 2145 doctrinae
902 2079 1120 2142 christianae
1135 2088 1219 2141 tunc
1234 2069 1403 2158 p'rogredi
1418 2094 1488 2141 non

261 2185 385 2266 potuit,
402 2183 440 2248 Ρ.
455 2185 574 2267 Plaza,
589 2187 790 2268 praefectus
805 2186 1036 2263 novitiorum,
1054 2184 1090 2249 id
1103 2184 1292 2266 praestitit.
1356 2265 1360 2272 ι

320 2291 411 2358 2877.
453 2292 712 2376 Relinquebant
726 2303 846 2358 autem
860 2292 968 2374 aliqui
983 2291 1098 2356 officia
1109 2301 1171 2356 aut
1185 2291 1367 2373 beneficia,
1384 2311 1486 2374 quae,

260 2416 387 2464 secura
402 2401 632 2480 conscientia,
648 2401 801 2466 retinere
816 2409 877 2466 aut
891 2417 1060 2464 exercere
1074 2417 1146 2462 non
1160 2406 1334 2480 poterant⁴

319 2506 409 2572 2878.
454 2508 729 2574 commendatae
748 2509 890 2574 inerant
904 2506 941 2571 Ρ.
959 2507 1174 2571 Provinciali
1194 2507 1231 2570 in
1250 2505 1485 2588 Quadragesi·

259 2632 316 2680 ma
333 2615 437 2699 hujus
455 2617 541 2683 anni
559 2618 651 2684 duae
670 2617 859 2682 conciones
879 2615 1029 2697 singulis
1049 2614 1278 2679 hebdomadis
1301 2617 1336 2679 in
1359 2614 1483 2680 Cathe·

258 2723 348 2787 drali
368 2726 536 2808 ecclesia;
557 2726 620 2790 sed
645 2742 726 2791 cum
746 2725 804 2789 ille
830 2725 991 2789 Granata
1015 2722 1131 2788 redire
1156 2723 1202 2789 ad
1226 2723 1484 2805 praescriptum

257 2839 397 2911 tempus
410 2848 481 2895 non
496 2841 631 2913 posset,
648 2832 751 2914 primi
766 2832 836 2897 diei
849 2832 954 2895 lunae
970 2830 1094 2896 concio
1110 2829 1252 2895 cuidam
1267 2831 1446 2896 sacerdoti
1460 2829 1482 2911 ¹,

256 2938 317 3018 qui
330 2938 422 3002 inter
436 2939 634 3004 litterarum
647 2939 896 3005 humaniorum
910 2952 1161 3019 praeceptores
1182 2946 1274 3019 erat,
1295 2954 1338 3002 ea
1359 2938 1483 3003 concio

254 3042 468 3111 demandata
483 3056 547 3111 est.
563 3046 624 3112 llle
638 3057 758 3112 autem
771 3056 870 3112 tanto
884 3063 966 3112 cum
981 3046 1106 3127 spiritu
1122 3056 1157 3109 et
1172 3043 1315 3110 fervore
1331 3046 1367 3109 id
1383 3062 1481 3127 prae·

254 3151 353 3231 stitit,
369 3164 409 3217 ut
423 3155 529 3217 talem
543 3156 831 3221 concionatorem
846 3173 885 3219 se
899 3152 1104 3236 nunquam¹
1120 3153 1300 3217 audivisse
1312 3162 1480 3217 testaren-

253 3267 319 3322 tur.
335 3258 497 3325 Habebat
512 3278 639 3326 vocem
653 3263 711 3328 ilie
732 3280 900 3327 sonoram
921 3279 964 3325 ac
985 3263 1126 3343 plenam
1141 3270 1177 3324 et
1191 3277 1281 3342 quae
1296 3260 1480 3326 audientes

251 3376 416 3432 terreret:
433 3369 558 3433 mulier
573 3371 759 3451 quaedam,
777 3388 867 3452 quae
881 3369 1020 3451 publice
1040 3368 1223 3450 peccatrix
1244 3379 1337 3446 erat,
1359 3386 1380 3432 a
1400 3386 1479 3451 pec·

251 3484 331 3538 cato
349 3476 497 3540 recessit
511 3476 549 3542 in
566 3494 635 3557 quo
650 3478 710 3542 diu
724 3478 876 3542 vixerat.

309 3578 400 3648 2879.
443 3582 539 3648 Idem
558 3585 663 3665 paulo
685 3596 767 3649 ante
785 3588 821 3651 in
843 3585 983 3666 publica
1005 3585 1066 3648 via
1087 3600 1169 3648 cum
1192 3584 1475 3661 concionaretur,

251 3689 395 3770 quidam
407 3690 475 3772 vir,
492 3692 553 3772 qui
566 3692 689 3756 decem
707 3710 821 3759 annos
839 3692 997 3773 peccatis
1017 3692 1204 3756 immersus
1224 3689 1357 3771 fuerat,
1375 3707 1476 3755 neca

249 3797 485 3863 concubinatu
497 3798 624 3864 abduci
639 3817 850 3882 aquoquam
860 3808 1037 3880 potuerat,
1050 3808 1295 3879 compunctuS,
1308 3798 1476 3862 miserum

248 3904 346 3967 illum
360 3914 492 3970 statum
504 3908 703 3988 relinquere
717 3917 753 3971 et
767 3906 814 3970 ad
831 3907 948 3972 Deum
963 3906 1124 3971 converti
1138 3906 1308 3970 decrevit.

304 4010 396 4077 2880.
439 4012 506 4077 Die
520 4024 639 4079 autem
653 4015 820 4080 mercurii
834 4024 1014 4096 sequente,
1030 4013 1069 4077 P.
1086 4012 1193 4077 Plaza
1204 4014 1240 4077 in
1252 4014 1375 4078 endem
1390 4022 1473 4078 tem-

243 4119 302 4200 plo
322 4119 525 4185 cathedrali
546 4139 627 4187 cum
651 4123 870 4188 audientium
890 4122 1133 4186 satisfactione
1152 4130 1206 4185 est
1227 4121 1471 4186 concionatus

241 4226 336 4291 Data
350 4230 460 4293 etiam
474 4229 716 4316 eratyiacuitas
731 4249 753 4294 a
768 4229 806 4294 P.
824 4229 1040 4294 Provinciali
1055 4239 1093 4293 ut
1107 4228 1167 4293 alii
1187 4229 1257 4294 duo
1274 4228 1400 4293 Patres
1415 4246 1471 4293 cn-

281 4541 291 4576 ¹
319 4542 442 4588 Mlchoeli
456 4541 586 4589 Ramlrez.
597 4542 646 4589 Hic
657 4543 726 4589 alins
743 4550 802 4589 erat
817 4556 834 4589 a
850 4543 1019 4589 celeberrimo
1038 4541 1066 4588 Ρ.
1084 4542 1181 4597 Joanne
1198 4539 1329 4597 Ramirez,
1347 4540 1472 4596 dlcclpnlo

242 4617 372 4672 qnondam
381 4616 433 4663 Bu.
442 4614 549 4670 Jomls
559 4618 592 4661 de
602 4616 691 4661 Avila.
701 4616 768 4661 Vide
780 4617 902 4661 Litterae
911 4616 1143 4669 Quadrimestres,
1152 4622 1171 4661 t.
1182 4625 1219 4668 tv,
1229 4624 1290 4670 pag.
1299 4612 1347 4658 2³2.

282 4689 295 4722 ⁸
321 4687 367 4735 his.
379 4698 507 4745 unquam.
