3642 5350
776 475 841 536 Art.
863 477 933 538 1556
1415 478 1470 539 643

240 624 415 704 vincialis,
431 624 492 706 qui
516 624 708 705 quemdam
735 622 855 701 alium,
881 631 920 687 ut
945 624 1088 687 nomine
1109 621 1302 691 Rectorum
1318 625 1468 705 veniret,

241 749 363 797 secum
378 730 580 795 adduceret.

299 838 393 904 2764.
435 838 505 903 Pro
520 837 710 902 Provincia
726 838 932 918 Alagoniae
952 837 990 900 Ρ.
1009 837 1154 918 Suada,
1172 839 1286 903 Miron
1302 847 1336 902 et
1356 839 1473 920 Bapti-

242 955 298 1010 sta
314 947 335 1026 ¹,
351 946 412 1028 qui
426 945 578 1028 professi
593 954 711 1025 eraut,
731 945 875 1009 fuerunt
894 945 1083 1025 designati.
1104 947 1159 1010 Ex
1178 946 1368 1012 Provincia
1383 964 1471 1011 vero

241 1053 418 1118 Castaliae
436 1052 475 1116 Ρ.
502 1053 638 1130 Amor,
659 1051 911 1132 Provincialis;
935 1069 1019 1115 nam
1039 1051 1076 1116 P.
1098 1052 1330 1118 Franciscum
1345 1054 1469 1118 venire

242 1179 313 1224 non
327 1177 431 1242 posse
456 1159 608 1224 consulti
628 1159 758 1223 medici
780 1158 1050 1239 responderunt.
1067 1158 1148 1240 lpse
1165 1179 1250 1225 vero
1274 1160 1311 1224 Ρ.
1333 1160 1471 1225 Natalis

242 1284 324 1332 cum
337 1267 374 1331 P.
391 1267 577 1331 Victoria*
590 1283 629 1330 se
645 1265 690 1330 ad
705 1266 772 1330 iter
787 1283 908 1329 mense
925 1264 1123 1347 Septembri
1138 1269 1307 1348 accinxit;
1324 1279 1359 1332 et
1373 1269 1423 1332 ita
1435 1269 1472 1332 in

243 1374 383 1439 Italiam
397 1373 512 1438 rediit.

304 1483 350 1546 Et
363 1483 453 1546 haec
467 1480 511 1545 de
526 1480 564 1545 P.
581 1481 710 1545 Natali.

739 1801 804 1865 DE
833 1799 984 1866 REBUS

505 2015 543 2082 P.
570 2015 760 2080 Faauc1sc1
785 2016 958 2095 Borrama,
985 2014 1214 2082 Colrursshau

306 2234 396 2298 2765.
441 2234 531 2297 Cum
545 2232 614 2295 hoc
633 2247 727 2294 anno
745 2247 792 2294 ex
810 2228 1002 2294 Provincia
1024 2228 1200 2294 Castellae
1221 2248 1389 2311 egressus
1403 2251 1475 2298 uon

247 2343 353 2407 suerit
368 2341 406 2405 P.
420 2339 648 2414 Franciscus,
665 2337 708 2401 de
722 2337 830 2400 rebus
844 2333 1124 2417 eius-antequam
1141 2337 1185 2400 ad
1202 2339 1309 2402 aliam
1331 2337 1477 2404 Provin-

247 2451 341 2514 ciam
354 2459 591 2524 transeamuS,
605 2443 782 2526 agendum
792 2443 859 2508 erit
871 2441 893 2506 ⁸.

307 2555 409 2620 Nona
424 2555 480 2619 die
495 2553 661 2618 Octobris
672 2552 756 2615 anui
767 2551 963 2632 praeteriti,
978 2549 1164 2630 Siguutum
1176 2565 1402 2634 pervenerat,
1416 2556 1476 2619 ubi

249 2663 423 2729 adecano
440 2660 517 2743 ejus
538 2661 711 2726 ecclesiae
729 2658 1001 2742 expectabatur,
1025 2667 1062 2722 ut
1081 2658 1124 2723 de
1140 2659 1299 2741 Collegio
1316 2663 1363 2727 ibi
1379 2664 1477 2728 iusti-

249 2771 379 2835 tuendo
393 2778 561 2851 ageretur
571 2766 594 2847 ⁸;
609 2776 643 2832 et
654 2767 787 2849 placuit
800 2765 838 2830 P.
851 2764 1046 2831 Francisco
1058 2764 1133 2846 ejus
1145 2768 1301 2833 civitatis
1314 2771 1477 2851 aptitudo

249 2896 292 2942 ac
307 2878 497 2959 praecipue
520 2874 773 2942 Universitatis
798 2872 1044 2953 commoditas,
1072 2873 1131 2937 ubi
1151 2876 1265 2939 nostri
1280 2887 1353 2941 tam
1368 2877 1479 2958 philo·

248 2985 405 3068 sophicis
418 3000 525 3066 quam
539 2982 752 3062 theologicis
766 2981 892 3045 litteris
906 2998 928 3044 a
942 2980 1092 3061 publicis
1112 2980 1374 3062 professoribus
1388 2986 1477 3049 bene

250 3094 384 3158 institui
398 3101 572 3174 poterant,
595 3091 654 3172 qui
671 3089 860 3169 diligenter
874 3098 908 3152 et
928 3088 1029 3151 brevi
1049 3097 1208 3170 tempore
1228 3108 1355 3157 cursus
1375 3093 1478 3159 confi·

250 3200 402 3265 ciebant.

310 3308 402 3371 2705.
445 3306 547 3371 Multi
570 3305 678 3369 etiam
700 3304 746 3367 ad
765 3302 954 3367 Societatis
973 3302 1172 3369 institutum
1190 3306 1320 3371 ibidem
1341 3308 1482 3373 admitti

253 3421 428 3498 poterant3
441 3430 525 3477 nam
539 3412 680 3476 biennio
692 3422 798 3474 antea
807 3419 960 3490 quatuor
971 3410 1173 3491 theologiae
1187 3412 1352 3478 doctores
1365 3415 1482 3495 simul,

254 3533 316 3589 aut
329 3532 427 3589 certe
439 3522 539 3587 brevi
554 3530 724 3601 tempore,
740 3518 787 3582 ad
801 3516 1015 3583 Societatem
1040 3536 1085 3581 ex
1105 3517 1180 3599 ejus
1200 3519 1360 3602 Collegio
1379 3541 1484 3587 vene·

255 3640 347 3711 rant,
364 3630 510 3708 scilicet,
527 3625 594 3691 ΡΡ.
610 3626 761 3705 Salinas,
777 3624 895 3704 Plaza‚
913 3622 1125 3707 Rodriguez,
1141 3633 1176 3690 et
1187 3624 1347 3692 Sanchez
1359 3636 1386 3691 ⁸.
1406 3629 1484 3696 Hoc

255 3748 375 3803 tamen
390 3753 484 3801 anno
502 3735 579 3799 1556
593 3734 632 3798 P.
651 3732 812 3813 Ignatius
831 3730 945 3795 Roma
965 3731 1107 3813 scripsit
1128 3733 1234 3798 silum
1255 3734 1413 3817 Collegio
1428 3737 1485 3802 de·

257 3847 439 3927 signatum
452 3843 520 3907 sibi
533 3843 651 3905 minus
665 3848 786 3921 aptum
805 3836 936 3917 videri,
952 3856 994 3901 eo
1009 3837 1104 3920 quod
1123 3850 1226 3905 extra
1241 3858 1381 3907 murum
1401 3846 1486 3910 civi·

257 3956 342 4020 tatis
356 3961 461 4033 esset,
477 3960 512 4016 et
526 3952 619 4015 intra
635 3966 756 4013 muros
767 3947 875 4012 alium
889 3946 1133 4027 quaerendum
1148 3949 1265 4030 potius
1281 3968 1359 4016 esse
1371 3954 1487 4017 existi·

256 4062 389 4141 mabat;
412 4070 447 4125 et
471 4060 521 4125 ita
545 4075 584 4122 se
608 4064 814 4121 curaturum
847 4054 883 4117 P.
913 4054 1129 4119 Franciscus
1151 4058 1301 4139 recepit;
1327 4060 1388 4125 sed
1404 4062 1487 4142 quia

300 4304 309 4336 ¹
338 4302 495 4349 Franciucus
505 4304 536 4349 de
546 4301 670 4356 Estrada,
680 4299 793 4353 Jacobm
803 4298 894 4354 Miron,
904 4297 1018 4351 Joanues
1028 4297 1058 4342 B.
1069 4298 1101 4343 de
1110 4297 1216 4345 Borma.

298 4377 310 4410 ¹
338 4376 376 4421 De
386 4376 414 4422 Ρ.
423 4376 520 4431 joanne
530 4376 561 4419 de
572 4374 693 4418 Victoria
703 4372 745 4429 qni
757 4373 782 4416 iu
794 4370 947 4427 Hispaniam
957 4371 988 4415 ob
998 4370 1104 4424 necotla
1112 4370 1255 4418 domestica
1263 4380 1382 4433 venerat.
1392 4376 1489 4423 dlctuat

259 4454 299 4493 ost
312 4460 402 4504 supra.

300 4520 312 4554 ³
338 4520 406 4564 Vlde
416 4530 504 4576 supra,
514 4524 532 4564 c
544 4532 571 4574 v,
580 4529 642 4573 pag.
651 4515 701 4571 587,
711 4526 735 4560 o.
747 4516 800 4560 1⁴6⁹
810 4522 837 4560 et
846 4526 901 4570 req.

300 4592 314 4625 ὁ
339 4590 423 4647 Supra
433 4591 549 4636 nonnihil
559 4590 591 4634 rie
600 4590 650 4634 liae
659 4599 689 4632 re
698 4587 819 4642 diximus.
830 4594 850 4633 t.
861 4600 887 4640 v.
897 4598 960 4643 pag.
967 4586 1016 4643 ost,
1027 4598 1055 4631 n.
1068 4586 1129 4633 1527.

301 4662 313 4697 ⁸
339 4664 390 4709 PP.
402 4664 504 4710 Marcus
513 4663 546 4708 de
556 4660 667 4715 Salinas,
675 4658 787 4713 joannes
797 4662 862 4704 dela
874 4660 962 4713 Plora,
979 4658 1183 4715 christophorus
1199 4658 1344 4718 Rodrlzuez
1365 4670 1391 4711 et
1410 4666 1490 4712 Anto·

262 4737 319 4781 ulos
331 4734 455 4781 Sanchez.
466 4734 580 4787 Ibidem,
591 4744 650 4789 pag.
661 4732 710 4786 557,
721 4742 744 4775 n.
757 4732 818 4777 1527.
