3642 5350
248 857 250 860 ⁵
361 882 467 951 esset,
484 888 522 935 se
537 887 729 952 numquam
740 872 951 935 moriturum
962 888 1040 933 esse
1051 868 1260 948 affirmabat,
1273 868 1436 933 omnibus
1447 868 1587 933 interim

364 406 417 470 192
818 405 946 466 Canon.
966 402 1044 465 Soc.
1065 404 1135 478 Jas.

362 551 504 634 quidem
527 550 752 629 dominicam,
775 560 838 615 aut
858 550 1035 615 rationem
1055 566 1160 613 cruce
1179 565 1218 612 se
1238 547 1414 628 signandi,
1432 556 1467 610 et
1481 548 1589 629 impia

362 660 517 741 quadam
528 656 730 737 ignorantia
740 667 868 721 sancta
878 664 1116 733 sacramenta,
1130 655 1230 735 ritus,
1250 656 1349 735 leges
1361 664 1395 718 et
1412 670 1588 718 caeremo-

361 767 441 835 nias
451 765 634 831 Ecclesiae
644 764 845 845 spernebat,
861 771 992 828 etcum
1007 780 1028 827 a
1043 764 1234 827 multorum
1247 762 1355 826 caede
1367 762 1503 825 alienus
1516 777 1588 825 non

361 979 507 1061 flagitiis
527 978 721 1059 expositus.
743 976 849 1042 Hunc
867 976 979 1041 frater
999 978 1057 1041 ille
1078 964 1210 1056 noster,
1236 992 1316 1041 cum
1337 991 1401 1057 per
1422 974 1531 1040 otium
1550 975 1586 1038 in

361 1086 591 1166 navigatione
605 1084 642 1150 id
656 1085 789 1161 liceret,
806 1083 978 1149 articulos
991 1092 1137 1147 nostrae
1151 1082 1233 1149 fidei
1251 1082 1387 1162 edocet;
1403 1094 1437 1145 et
1457 1081 1587 1164 partim

361 1209 406 1257 ea
420 1192 664 1274 proponendo,
680 1208 771 1272 quae
785 1191 967 1255 hominem
981 1190 1162 1257 terrebant
1175 1206 1371 1270 poenarum
1385 1188 1585 1269 tormidine,

362 1299 492 1381 partim
507 1316 598 1380 quae
610 1298 657 1363 ad
666 1297 799 1363 Christi
811 1312 970 1363 amorem
985 1296 1238 1375 accendebant,
1254 1295 1322 1359 Dei
1332 1296 1450 1377 gratia
1465 1312 1588 1377 coope-

360 1416 476 1487 rante,
492 1406 538 1470 ad
552 1422 721 1485 magnum
736 1405 957 1486 propositum
971 1403 1067 1469 vitae
1082 1403 1272 1469 mutandae
1286 1402 1465 1468 hominem
1481 1402 1589 1469 addu-

360 1514 414 1593 xit
435 1513 535 1577 etad
555 1513 691 1577 scelera
712 1512 809 1577 vitae
830 1512 1045 1593 praeteritae
1065 1510 1293 1593 deploranda:
1313 1510 1398 1590 quin
1413 1511 1520 1574 etiam
1534 1527 1587 1573 sa·

359 1620 498 1687 cerdoti
512 1638 550 1685 se
560 1619 807 1684 confessurum
820 1619 993 1701 promisit,
1007 1628 1042 1683 et
1056 1636 1102 1685 ex
1116 1618 1331 1700 poenitentia
1341 1618 1379 1683 in
1389 1622 1469 1683 'eam
1480 1619 1589 1683 animi

361 1728 532 1793 laetitiam
545 1727 656 1806 venit,
670 1736 709 1791 ut
722 1726 880 1791 externis
894 1727 1002 1791 etiam
1012 1727 1126 1805 signis
1139 1742 1219 1790 earn
1230 1726 1384 1807 aperiret
1395 1742 1461 1789 nec
1472 1726 1589 1790 celare

361 1844 492 1916 posset.
507 1833 552 1898 Et
565 1833 714 1898 sollicite
725 1832 930 1899 Ferrariam
941 1834 1100 1912 veniens,
1113 1832 1261 1897 fratrem
1273 1832 1371 1896 illum
1382 1832 1418 1895 in
1429 1832 1588 1911 Collegio

358 1942 550 2024 quaesivit,
566 1942 684 2006 virum
698 1940 934 2028 apostolicum
954 1956 1036 2005 eum
1054 1956 1191 2005 vocans
1210 1948 1244 2003 et
1258 1939 1358 2003 miris
1372 1939 1487 2003 modis
1508 1956 1588 2003 eum

361 2048 544 2127 extollens,
568 2064 675 2129 quem
698 2056 820 2113 tantae
839 2047 877 2111 in
894 2065 933 2112 se
953 2047 1159 2113 mutationis
1173 2054 1367 2125 auctorem,
1391 2047 1449 2110 vel
1472 2046 1588 2127 potius

360 2156 607 2238 providentiae
620 2153 689 2219 Dei
703 2154 903 2218 ministrum
918 2154 1148 2234 agnoscebat.

420 2261 492 2327 706.
534 2262 615 2326 Duo
635 2261 781 2327 hebraei
793 2269 998 2326 nostrorum
1012 2278 1122 2341 opera
1136 2260 1183 2325 ad
1196 2260 1412 2339 baptismum
1425 2268 1589 2323 sanctum

362 2378 590 2435 accesserunt
611 2378 647 2432 et
668 2368 728 2432 alii
748 2368 849 2432 multi
867 2369 914 2432 ad
933 2368 1095 2432 eumdem
1109 2366 1374 2448 suscipiendum
1389 2383 1428 2431 se
1442 2382 1588 2449 praepa·

357 2476 498 2541 rabant.
516 2475 557 2539 ln
570 2476 627 2539 his
641 2475 776 2541 familia
790 2473 967 2555 quaedam
987 2475 1128 2553 integra
1150 2483 1239 2553 erat;
1258 2484 1372 2553 pater,
1389 2473 1536 2551 scilicet,
1553 2482 1588 2536 et

359 2590 474 2647 mater
488 2599 571 2647 cum
584 2582 739 2663 quinque
760 2581 893 2661 liberis,
916 2581 977 2662 qui
991 2598 1013 2645 a
1025 2578 1065 2645 P.
1083 2578 1269 2645 Pelletario
1292 2580 1338 2643 ad
1357 2579 1588 2644 christianam

289 2751 292 2755 ,
357 2691 568 2771 religionem
594 2689 830 2771 profitendam
857 2689 964 2752 valde
991 2687 1216 2768 inflammati,
1246 2687 1348 2752 brevi
1374 2687 1587 2768 baptismum

359 2808 461 2863 erant
474 2798 685 2879 suscepturi.
702 2796 855 2876 Magnus
868 2806 948 2860 erat
961 2796 998 2860 ld
1013 2795 1184 2876 temporis
1195 2794 1406 2874 judaeorum
1419 2811 1587 2860 numerus

356 2903 557 2983 Ferrariae,
571 2919 683 2985 usque
697 2903 798 2982 adeo,
815 2913 853 2968 ut
868 2901 1082 2968 christianos
1096 2919 1245 2968 numero
1260 2917 1431 2984 superare
1446 2902 1587 2982 quibus·

359 3011 443 3075 dam
469 3010 687 3090 viderentur,
710 3009 803 3074 inter
823 3027 913 3090 quos
935 3011 1044 3091 aliqui
1065 3009 1260 3092 praeclaris
1288 3009 1422 3088 ingenii
1447 3007 1587 3072 dotibus

355 3118 523 3182 exornati
537 3117 784 3197 cernebantur;
796 3127 831 3181 et
841 3134 886 3180 oo
896 3115 1013 3197 magis
1023 3116 1137 3180 nostri
1148 3116 1198 3181 eis
1213 3115 1532 3196 compatiebantur,
1548 3125 1586 3180 ut

354 3225 468 3305 aliqui
487 3225 525 3289 in
545 3239 607 3289 eos
626 3224 833 3304 incidentes,
861 3239 944 3288 cum
967 3223 1065 3288 roras
1089 3223 1383 3305 egrediebantur,
1408 3223 1588 3303 lacrymas

355 3331 540 3396 continere
558 3349 630 3396 non
650 3339 807 3412 possent,
829 3330 914 3395 dum
935 3339 988 3395 tot
1010 3347 1054 3394 ac
1068 3331 1159 3396 tales
1181 3347 1267 3395 oves
1286 3327 1454 3394 aChristi
1473 3343 1585 3410 grege

354 3436 566 3502 aberrantes
580 3436 761 3502 videbant.

417 3541 488 3609 707.
532 3543 600 3626 Qui
622 3555 785 3610 nostrum
799 3545 969 3626 templum
982 3544 1210 3626 frequentare
1225 3545 1319 3610 soliti
1334 3555 1448 3625 erant,
1465 3559 1584 3624 saepe·

355 3665 505 3718 numero
518 3652 684 3717 mulieres
698 3650 908 3732 impudicas,
925 3651 1051 3733 quibus
1062 3645 1229 3716 Ferraria
1246 3667 1463 3734 magnopere
1478 3651 1586 3716 abun·

353 3757 476 3835 dabat,
498 3757 545 3823 ad
564 3757 804 3822 confessionis·
816 3757 1038 3823 salutiferum
1060 3769 1323 3824 sacramentum
1338 3759 1584 3836 hortabantur,

352 3873 393 3928 et
407 3864 454 3928 ob
462 3863 499 3928 id
508 3863 651 3945 pietatis
664 3862 818 3929 officium
830 3881 851 3928 a
863 3865 1074 3946 quibusdum
1085 3866 1224 3931 civibus
1235 3868 1327 3930 male
1338 3866 1463 3947 accipi,
1477 3865 1585 3930 immo

356 3981 392 4036 et
411 3971 576 4036 convitiis
597 3971 791 4052 proscindi,
814 3987 929 4053 aequo
948 3974 1067 4038 animo
1088 3971 1260 4039 ferebant.
1282 3973 1327 4038 Et
1348 3981 1450 4037 erant
1463 3972 1525 4053 qul
1537 3969 1586 4035 nl·

353 4078 461 4143 tionis
475 4079 554 4142 loco
566 4094 635 4158 pro
650 4076 849 4144 maledictis
861 4079 1001 4159 gratis
1008 4083 1162 4160 agerent
1177 4097 1221 4144 ac
1235 4079 1421 4144 referrent.
1443 4063 1444 4068 ¹

415 4182 485 4248 70&
529 4183 714 4265 Quaedam
727 4185 893 4250 mulieres
907 4185 1200 4268 desperabundae
1211 4187 1248 4250 in
1259 4185 1418 4251 Padum*
1435 4203 1474 4250 se
1484 4201 1587 4268 prae·

350 4289 481 4372 cipites
503 4304 611 4370 agere
633 4303 669 4356 et
689 4291 801 4357 tutam
820 4293 874 4357 sic
886 4291 988 4358 finire
1008 4292 1253 4373 decreverant;
1275 4292 1338 4360 sed
1353 4289 1588 4376 quorumdum

351 4413 401 4462 ex
423 4398 556 4464 nostris
579 4416 690 4481 opera
709 4417 731 4464 a
749 4399 903 4465 nefando
923 4401 1057 4466 scelere
1078 4401 1124 4466 ad
1144 4406 1371 4466 sacramenta
1392 4407 1586 4466 revocatae

395 4633 405 4670 ¹
432 4633 811 4696 nummulatriam,
821 4637 1051 4697 quoudermlau
1061 4639 1243 4688 trutmannia.
