3642 5350
793 429 857 489 Aa.
879 412 949 491 1556
1429 427 1484 490 375

253 573 313 655 qui
326 574 474 640 Missam
486 574 729 654 decantarent,
742 592 812 641 non
824 577 939 640 solum
950 574 1127 654 catholici,
1140 564 1202 639 sed
1213 574 1352 639 husitae
1363 577 1482 653 etiam,

255 683 300 747 ad
314 681 465 748 Sacrum
483 693 519 746 et
539 685 747 747 concionem
767 681 990 747 bohemicam
1005 683 1219 747 audiendam
1241 693 1480 747 accesserunt.

164 770 168 777 ⁵
256 790 422 855 inmedio
435 800 554 853 autem
564 788 666 855 Sacri
677 792 799 855 rhetor
810 789 958 870 Collegii
970 791 1251 855 latinamhabuit
1262 791 1482 870 concionem,

257 915 337 962 cum
352 914 484 977 magna
499 898 716 962 audientium
732 898 979 977 admiratione,
996 917 1064 980 qua
1080 900 1181 962 multi
1194 899 1302 962 etiam
1316 900 1485 963 commoti

258 1005 400 1070 fuerunt
413 1015 452 1069 ut
467 1023 553 1070 suos
567 1006 656 1069 filios
671 1006 905 1070 instituendos
920 1007 1053 1069 nostris
1068 1006 1247 1069 offerrent.
1514 988 1519 999 ⁸

259 1154 263 1161 -
320 1113 407 1176 1576.
451 1114 653 1195 Antequam
672 1113 710 1176 P.
727 1112 892 1178 canisius
905 1113 1024 1192 Praga
1039 1113 1233 1191 recederet,
1249 1111 1483 1178 confirmatio·

257 1236 337 1284 nem
352 1239 379 1284 a·
389 1218 480 1283 Sede
496 1220 703 1301 Apostolica
718 1220 978 1301 applicationiS,
995 1237 1101 1305 quam
1113 1219 1189 1285 Rex
1203 1219 1348 1297 iecerat,
1364 1236 1485 1284 mona·

256 1328 354 1395 sterii
377 1327 590 1409 Oybinensis
615 1328 820 1408 postularia
841 1328 904 1391 sed
922 1328 1113 1391 bohemum
1133 1328 1241 1391 etiam
1260 1326 1486 1390 concionato-

256 1451 332 1499 rem
360 1450 578 1515 magnopere
612 1443 849 1515 0pportunum
877 1451 956 1498 esse
984 1434 1138 1509 dicebat,
1168 1435 1200 1497 si
1227 1435 1307 1516 quis
1338 1452 1385 1498 ex
1417 1433 1486 1497 illis

256 1542 497 1622 maturuisset‚
521 1542 580 1623 qui
601 1540 736 1606 Romae
756 1540 969 1605 Societatem
992 1541 1144 1621 ingressi
1165 1540 1315 1616 fuerant;
1340 1550 1376 1605 et
1397 1540 1486 1603 duos

258 1649 364 1713 etiam
379 1656 440 1713 aut
454 1657 527 1713 tres
542 1648 588 1711 ad
602 1648 742 1712 intimas
757 1649 891 1711 classes
907 1647 1083 1727 regendas
1098 1648 1254 1729 optabam
1268 1666 1351 1711 narn
1366 1648 1486 1728 pueris

259 1754 460 1822 rudioribus
473 1754 682 1819 bohemicae
700 1754 843 1835 linguae
863 1772 949 1818 usus
964 1756 1079 1835 magis
1093 1765 1170 1819 erat
1190 1756 1226 1819 in
1249 1756 1488 1837 praeceptori·

260 1863 324 1927 bus
338 1863 574 1926 necessarius.
591 1862 629 1926 Id
644 1873 763 1927 tamen
778 1871 853 1926 tam
863 1862 935 1927 cito
946 1862 1023 1926 fieri
1037 1880 1108 1926 non
1123 1863 1250 1943 potuit.
1267 1862 1487 1943 Quicumque

258 1978 376 2034 autem
390 1970 626 2048 mitterentur,
648 1986 720 2047 eos,
742 1969 986 2049 spiritualibus
1000 1970 1179 2033 exercitiis
1198 1970 1298 2051 prius
1311 1971 1485 2048 excultos,

156 2128 170 2153 ,
259 2085 293 2141 et
307 2078 438 2140 emisso
459 2084 543 2139 voto
563 2076 802 2155 confirmatos,
819 2076 906 2140 etin
924 2076 1093 2140 docendis
1108 2078 1187 2141 aliis
1201 2077 1427 2153 exercitatos
1444 2094 1487 2141 ac

258 2184 294 2247 in
309 2200 472 2247 sermone
487 2184 597 2247 latino
612 2183 797 2264 expeditos
816 2185 991 2264 cupiebat.
1008 2183 1082 2247 Nec
1095 2184 1173 2247 sine
1192 2201 1314 2262 causa;
1330 2201 1414 2248 nam
1427 2184 1487 2247 ha·

258 2308 338 2355 rum
358 2308 477 2355 rerum
497 2290 672 2355 defectum
692 2291 727 2354 in
748 2290 958 2371 quibusdam
977 2309 1022 2356 ex
1037 2292 1117 2370 illis,
1133 2292 1195 2373 qui
1215 2292 1314 2356 missi
1334 2292 1486 2369 fuerant,

259 2415 386 2479 parum
400 2396 522 2462 utilem
537 2396 695 2476 Collegio
710 2398 970 2478 experiebatur,
987 2408 1025 2461 ut
1039 2398 1186 2463 iuferius
1200 2397 1337 2463 dicetur
1354 2397 1376 2461 ¹.

320 2505 408 2568 1577.
453 2502 525 2569 Sub
539 2504 645 2568 finem
661 2513 778 2569 autem
793 2504 877 2584 Maji
893 2506 1088 2585 resignatio
1111 2507 1318 2570 monasterii
1333 2504 1394 2571 S.tl
1413 2505 1487 2570 Cle·

258 2613 386 2678 mentis
401 2612 604 2678 solemniter
625 2611 784 2693 collegio
804 2621 926 2677 nostro
945 2612 1119 2693 Pragensi
1133 2613 1229 2678 facta
1248 2623 1302 2678 est
1324 2631 1345 2677 a
1366 2612 1489 2692 Priore

259 2721 393 2785 ordinis
411 2719 713 2798 Praedicatbrum,
735 2730 769 2784 et
791 2730 873 2783 octo
892 2721 1023 2785 calices
1043 2739 1089 2784 ex
1109 2720 1303 2802 Oybinensi
1322 2719 1345 2798 ¹,
1362 2731 1397 2785 et
1419 2721 1489 2785 alia

262 2831 371 2892 allata
386 2826 593 2906 suerunt,.in
608 2845 710 2891 usum
725 2827 828 2908 hujus
843 2825 854 2858 ³
870 2829 1042 2892 ecclesiae
1057 2829 1279 2908 consignata.

266 2992 269 2998 .
324 2934 412 2998 1578.
456 2934 582 3000 Libere
604 2935 717 2999 nostri
740 2953 781 2998 eo
803 2937 882 2998 loco
904 2937 940 2998 in
958 2945 1150 3016 posterum,
1168 2946 1208 3000 ut
1223 2935 1298 3016 eJ‘us
1317 2935 1451 2999 domini
1465 2932 1488 3014 ⁴,

260 3042 507 3108 recedentibus
517 3043 713 3120 monachis,
727 3043 782 3107 usi
794 3053 886 3106 sunt.
899 3043 957 3108 Ad
968 3044 1061 3106 hanc
1072 3051 1192 3108 tamen
1203 3043 1489 3124 applicationem,

259 3168 302 3214 ac
310 3151 418 3214 etiam
428 3149 867 3230 Oybinensismonasterii,
876 3150 1076 3214 benedictio
1088 3161 1122 3214 et
1135 3150 1357 3215 confirmatio
1368 3148 1380 3181 ⁸
1392 3148 1490 3215 Sum·

260 3258 308 3322 mi
337 3257 517 3322 Pontificis
545 3257 810 3338 expectabatur.
846 3257 981 3342 Eodem
1007 3256 1082 3321 fere
1110 3268 1268 3339 tempore
1298 3256 1489 3338 jubilaeum

260 3381 383 3429 coram
398 3362 496 3443 Rege
511 3363 752 3427 Romanorum
768 3373 803 3427 et
817 3363 1020 3428 Archiduce
1034 3365 1252 3446 publicatum
1267 3374 1321 3428 est
1335 3383 1357 3428 a
1370 3364 1409 3428 P.
1425 3364 1490 3430 Ca·

260 3471 364 3550 nisio;
381 3470 444 3535 sed
458 3470 564 3552 pauci
579 3469 768 3535 admodum
783 3472 851 3535 hoc
870 3471 1040 3536 beneficio
1060 3470 1162 3537 Sedis
1176 3467 1405 3553 Apostolicae
1419 3481 1489 3537 ute·

259 3578 401 3657 bantur,
424 3587 459 3642 et
478 3577 673 3641 nauseabat
688 3579 808 3641 anima
828 3595 950 3642 eorum
970 3596 1077 3660 super
1096 3581 1175 3645 cibo
1194 3580 1275 3659 isto,
1297 3578 1420 3645 eorum
1440 3579 1489 3644 in·

261 3703 380 3767 quam,
398 3688 459 3767 qui
473 3685 641 3748 catholici
655 3685 724 3749 illis
739 3686 775 3748 in
790 3685 877 3749 locis
891 3687 1016 3750 haberi
1029 3687 1209 3750 volebant.

255 3854 259 3862 .
323 3793 410 3857 1579.
454 3792 710 3857 Monasterium
731 3792 816 3857 illud
838 3793 1051 3874 Oybinense,
1072 3792 1173 3874 cujus
1197 3795 1339 3875 saepius
1358 3796 1491 3859 mentio

260 3900 356 3965 sacta
372 3909 436 3979 est,
451 3899 586 3964 ordinis
598 3898 878 3965 coelestinorum
889 3911 968 3964 erat
978 3897 1002 3979 ⁰,
1015 3910 1050 3964 et
1061 3919 1104 3965 ea
1115 3899 1318 3965 conditione
1330 3901 1491 3982 collegio

301 4105 310 4139 ¹
337 4104 405 4149 Vide
415 4105 484 4150 inira
503 4117 528 4148 n.
540 4104 600 4158 1634,
612 4109 638 4148 et
648 4115 701 4160 aeq.

297 4176 309 4208 ¹
337 4176 379 4220 ad
389 4187 462 4220 oraru
472 4177 593 4232 paginae.
600 4187 676 4220 manu
689 4176 792 4222 Polauci
799 4178 952 4222 adnotatum
959 4177 1057 4232 legitur
1065 4177 1098 4221 ad
1108 4188 1199 4222 rocem
1208 4177 1316 4222 calices:
1322 4187 1357 4221 ex
1367 4178 1490 4222 othinen-

259 4248 465 4302 sternata-quae
475 4255 562 4293 tamen
569 4247 676 4292 Polartcl
684 4249 782 4294 additio
790 4249 876 4304 aptius
884 4250 990 4293 caderet
998 4255 1056 4304 post
1063 4252 1089 4292 et
1096 4249 1312 4304 alia,quamport
1319 4252 1376 4299 octo
1383 4249 1491 4295 calices.

299 4318 311 4352 ⁸
337 4319 371 4364 In
390 4330 470 4363 usum
485 4319 567 4375 hujus
583 4319 683 4368 addidit
698 4319 834 4374 Polancus,
845 4320 938 4366 deletis
954 4321 1114 4376 quibusdam,
1131 4333 1197 4376 quae
1207 4322 1280 4377 prius
1290 4321 1413 4366 librarltu
1427 4322 1491 4366 acri·

259 4398 358 4448 paerat.

301 4465 313 4497 ⁴
344 4463 377 4508 Ut
387 4464 447 4520 ejus
456 4466 561 4508 aornim·
571 4464 680 4510 inseruit
690 4475 738 4509 sua
747 4476 823 4509 manu
836 4465 971 4510 Polaticus.

303 4534 315 4568 ὅ
341 4535 413 4580 Haec
423 4541 554 4591 pontrema
565 4538 646 4580 verba
656 4547 673 4581 a
683 4536 793 4580 Polanco
804 4537 894 4581 addita
904 4543 972 4581 runt.

303 4603 316 4638 θ
342 4605 409 4652 Vide
420 4607 496 4662 huius
506 4607 655 4652 monasterii
671 4607 870 4662 descriptionem
880 4610 950 4662 apud
960 4608 1082 4662 Senator,
1094 4609 1166 4654 Hist.
1176 4609 1232 4654 Soc.
1241 4608 1299 4664 Jes.
1309 4609 1433 4656 Ρνουίηι.
1444 4609 1493 4655 Bo·

266 4675 383 4726 umiae.
391 4684 460 4735 part.
473 4687 489 4730 r,
498 4678 542 4724 llb.
553 4689 580 4733 ir,
591 4690 616 4723 n.
626 4677 661 4732 25,
672 4684 698 4723 et
707 4677 922 4733 Bracmanum,
931 4679 949 4722 t.
960 4687 1020 4736 r.,‚t.
1031 4689 1049 4734 r,
1060 4691 1118 4736 pag.
1129 4679 1177 4733 496,
1186 4689 1273 4726 annon
1284 4681 1306 4724 2.
