3642 5350
622 1058 626 1067 ‹
691 1028 762 1100 'oa
781 984 1019 1099 correcto
1040 1030 1274 1101 cauuausr

428 1465 500 1533 595.
544 1460 583 1531 Ρ.
609 1462 752 1551 Gaspar
772 1468 903 1533 Loarte
921 1468 992 1537 hoc
1006 1483 1103 1533 anno
1121 1467 1283 1548 collegio
1295 1466 1477 1534 Genuensi
1495 1480 1602 1551 prae«

368 1574 435 1641 iuit
450 1572 472 1656 ¹,
487 1590 553 1641 nec
566 1574 824 1654 gubernatione
836 1574 916 1657 ejus
933 1574 1189 1658 impediebatur
1205 1575 1394 1657 quominus
1413 1576 1451 1643 in
1469 1576 1599 1643 Catlies

367 1682 459 1749 drali
478 1683 611 1764 templo
629 1690 794 1764 coeptam
811 1683 849 1747 in
867 1680 935 1747 5.·
954 1683 1174 1761 lbrtthaeum
1196 1683 1385 1749 lectionem
1408 1686 1598 1766 proseque-

366 1800 477 1871 retum
493 1798 528 1855 et
540 1790 594 1855 sic
606 1790 643 1857 iu
657 1790 777 1855 italica
792 1791 915 1871 lingua
927 1788 1147 1872 proficiebat,
1159 1791 1398 1858 allectionem
1406 1790 1446 1857 in
1458 1792 1601 1857 concio,

366 1916 447 1965 nem
467 1906 703 1975 converteret,
725 1914 805 1963 cum
824 1896 1004 1962 auditores
1024 1898 1070 1961 ab
1084 1897 1202 1961 usuris
1216 1906 1251 1961 et
1265 1898 1346 1963 aliis
1367 1898 1469 1963 vitiis
1480 1900 1598 1964 deteri

364 2008 444 2074 re'r'e
457 2024 502 2073 ao
515 2010 698 2086 revocare,
714 2007 772 2071 vel
786 1998 943 2071 ad're'cte
962 2005 1105 2070 vivendi
1123 2006 1301 2071 rationem
1319 2006 1490 2087 excitare,
1506 2012 1596 2089 opus

364 2124 453 2183 erat.
468 2114 644 2197 Pergabat
657 2114 752 2179 idem
765 2112 890 2181 diebus
904 2113 1046 2178 veneris
1059 2112 1097 2177 in
1110 2114 1264 2178 ecclesia
1273 2113 1314 2179 Β.
1326 2112 1490 2195 Virginis
1504 2113 1602 2181 Grai

322 2230 331 2249 ·
365 2224 496 2291 tiarurn
511 2222 744 2289 christianam
754 2220 956 2301 doctrinam
972 2220 1166 2302 explicare,
1181 2229 1224 2285 ut
1240 2238 1313 2286 non
1327 2222 1443 2287 solnm
1457 2222 1597 2287 schola⁴

366 2331 459 2411 stici,
475 2330 539 2395 sed
551 2329 612 2395 alii
625 2328 733 2395 etiam
747 2328 893 2410 quilibet
906 2326 983 2408 ejus
996 2326 1067 2393 frui
1079 2327 1259 2393 laboribus
1272 2334 1428 2409 possent.
1443 2328 1601 2410 Quidam

365 2439 473 2505 etiam
487 2443 607 2504 noster
626 2436 826 2503 sacerdos
815 2453 853 2501 m
870 2434 1028 2517 quodam
1045 2435 1213 2517 hospitali
1230 2444 1362 2501 octavo
1382 2439 1523 2518 quoque
1536 2438 1594 2502 die

364 2545 653 2625 concionabatur,
675 2544 736 2611 ubi
756 2543 864 2609 etiam
883 2543 945 2609 aiii
968 2540 1100 2608 iratres
1119 2543 1347 2609 consolandis
1368 2544 1527 2664 aegrotis
1549 2561 1600 2609 ac

366 2652 595 2724 sublevandis
607 2650 855 2734 dareoperam
870 2649 1045 2717 uolebant.
1552 2675 1557 2681 ·
1598 2696 1601 2703 .

423 2763 494 2827 596.
537 2761 576 2826 In
594 2758 798 2826 triremibus
811 2759 927 2824 etiam
934 2759 1112 2827 interdurn
1128 2776 1250 2825 semen
1252 2760 1337 2826 Dei
1356 2698 1600 2844 spargebatur

364 2875 400 2936 ει
420 2869 532 2949 inulti,
558 2867 703 2934 stimulo
724 2866 836 2934 diuini
864 2867 996 2949 eloquii
1020 2869 1234 2950 compuncti,
1263 2868 1313 2933 ad
1333 2869 1591 2935 confessionem

364 2983 592 3060 peccatorum
606 2974 858 3042 instituendam
872 2975 1091 3041 accedebant
1109 2985 1154 3056 et,
1168 2974 1236 3041 Dei
1250 2977 1370 3058 gratia
1385 2974 1597 3058 adjurante,

365 3105 387 3150 a
400 3085 520 3150 multis
533 3083 689 3166 peccatis
704 3099 747 3148 ac
761 3081 859 3148 vitiis
877 3082 1117 3164 emergebant.
1133 3082 1365 3148 Mittebantur
1385 3094 1504 3149 autern
1517 3084 1591 3149 die·

363 3194 431 3258 bus
443 3192 546 3258 iestis
559 3189 667 3274 aliqui
681 3189 782 3272 pueri
800 3207 849 3257 ex
861 3189 933 3270 hia,
952 3190 1013 3272 qui
1033 3190 1233 3257 doctrinam
1251 3191 1490 3259 cummanum
1502 3191 1601 3269 bener

362 3298 571 3379 didicerant,
596 3305 635 3364 ut
660 3296 832 3378 quosdam
856 3297 940 3378 pios.
958 3296 1121 3362 homines
1137 3297 1317 3379 juvarent,
1340 3298 1403 3380 qui
1423 3298 1462 3364 ld
1478 3299 1592 3364 variis

361 3405 523 3473 ecclesiis
536 3405 766 3472 christianam
780 3403 982 3470 doctrinam
994 3412 1030 3468 et
1044 3404 1113 3487 ipsi
1126 3406 1258 3488 populo
1271 3407 1529 3488 proponebant.
1546 3405 1600 3471 iit·

361 3513 510 3580 libenter
524 3513 625 3595 pueri
639 3511 707 3578 hoc
721 3511 864 3593 pietatis
878 3509 1257 3592 officioiungebantar,
1272 3523 1309 3577 et
1324 3521 1479 3595 tempuS,
1493 3513 1597 3596 quod

360 3621 541 3705 pueriliter
551 3629 587 3686 et
597 3635 691 3702 vage
701 3618 915 3702 profundere
925 3619 1024 3684 soliti
1030 3627 1144 3699 erant,
1160 3619 1318 3685 studiose
1328 3629 1363 3685 et
1375 3629 1457 3687 curn
1470 3621 1599 3698 fructur

362 3729 619 3812 expendebant;
642 3735 676 3792 et
694 3727 822 3792 mirum
842 3727 878 3791 in
899 3727 1045 3792 modum
1058 3726 1147 3793 haec
1166 3745 1289 3793 eorum
1304 3729 1515 3794 exercitatio
1523 3729 1601 3793 uo·

360 3836 515 3902 minibus
532 3833 705 3919 placebat.

417 3943 489 4008 597.
532 3941 572 4008 Ιιι
591 3941 722 4008 scholis
742 3951 817 4007 tum
835 3941 872 4008 in
892 3941 1020 4007 litteris
1038 3949 1113 4020 tum
1132 3941 1286 4010 inbonis
1307 3944 1464 4026 moribus
1486 3943 1587 4034 disci·

359 4053 437 4136 puli
447 4052 591 4134 egregie
600 4049 894 4134 proficienaum
905 4045 1285 4134 mavutgar'isinejns
1296 4053 1455 4118 civitatis
1464 4053 1585 4135 pueris

359 4159 494 4226 candor
513 4168 548 4224 et
567 4159 705 4242 puritas
723 4157 982 4238 inveniebatur,
1004 4166 1040 4222 et
1052 4175 1170 4224 mores
1184 4161 1350 4243 antiquos
1364 4161 1586 4246 reprehensi·

360 4269 446 4336 biles
469 4265 574 4340 facile
599 4265 835 4344 remittebant,
860 4283 903 4330 ac
922 4283 1045 4332 eorum
1066 4275 1233 4348 parentes
1253 4277 1289 4334 et
1308 4267 1530 4337 testabantur
1548 4279 1586 4336 et

357 4375 603 4468 gloriabantur
616 4373 661 4467 de
672 4371 872 4454 huiusmodi
886 4373 1038 4439 liliorum
1053 4375 1227 4458 prosectu.

417 4481 488 4550 598.
531 4481 640 4564 Quod,
659 4481 705 4552 ad
729 4477 845 4555 studia
869 4482 1006 4564 attinet,
1033 4493 1113 4566 post
1137 4483 1395 4568 disputationes
1425 4483 1588 4556 autumni

397 4729 407 4766 Ι
435 4729 502 4775 Vide
512 4739 600 4786 supra,
611 4733 630 4773 t.
638 4739 665 4786 v,
675 4737 737 4784 pag.
749 4726 796 4784 1112,
807 4735 831 4772 ιι.
842 4725 890 4785 278,
901 4735 929 4774 et
938 4741 997 4786 pap.
1008 4729 1056 4786 110,
1066 4741 1091 4775 n.
1101 4729 1151 4776 301.
