3642 5350
364 420 420 481 532
824 419 952 480 Chaos.
972 417 1048 480 Soc.
1069 418 1139 493 Jns.

427 563 519 630 2303.
562 565 607 629 Et
617 566 756 630 litterae
768 563 971 646 hujusmodi
982 581 1046 645 per
1057 582 1181 628 omnes
1192 564 1266 628 fere
1277 564 1447 629 ecclesias
1458 565 1597 645 publice

367 677 482 738 lectae
500 673 652 737 fuerunt.
678 671 781 736 Unde
799 673 953 753 populus
978 673 1096 752 coepit
1111 673 1297 736 mitescere
1311 680 1347 736 et
1365 673 1531 753 emolliri;
1554 691 1598 738 ac

367 784 521 860 demum,
537 781 669 844 nostris
684 779 844 844 evocatis
859 797 904 843 ex
925 779 1080 860 quodam
1100 779 1180 842 loco
1202 778 1348 844 Comitis
1369 779 1413 843 de
1425 779 1597 861 Ribagor·

365 909 406 954 za
424 896 444 966 ¹,
461 889 605 954 obviam
620 887 671 952 eis
686 883 962 969 [processerunt]
979 886 1023 949 D.
1040 884 1239 966 Episcopus
1259 885 1427 950 Oscensis
1448 884 1461 917 ⁸
1480 895 1516 951 et
1535 887 1593 952 Vi·

366 998 496 1076 carius,
524 996 584 1078 qui
608 994 728 1059 Abbas
743 993 922 1058 Veruelae
935 1002 1025 1067 erat,
1042 1008 1123 1057 cum
1139 993 1408 1073 magistratibus
1426 994 1536 1072 urbis,
1562 1005 1598 1058 et

364 1104 541 1169 nobilibus
554 1101 686 1181 multis,
699 1119 743 1164 ac
757 1100 1024 1179 decurionibus,
1041 1118 1084 1163 ac
1100 1099 1232 1163 civium
1247 1109 1281 1163 et
1299 1101 1420 1181 populi
1435 1109 1597 1182 caterva,

366 1221 400 1276 et
415 1211 646 1292 perstiterunt
660 1225 725 1290 per
740 1209 874 1290 aliquot
889 1207 999 1270 horas
1014 1207 1059 1270 ad
1073 1207 1172 1270 urbis
1187 1208 1400 1287 ingressum.
1416 1208 1462 1272 Et
1476 1225 1597 1288 qnam·

366 1319 422 1382 vis
438 1316 550 1381 nostri
565 1333 637 1380 non
651 1316 834 1392 honorem,
851 1314 915 1378 sed
930 1331 1031 1393 onus,
1053 1314 1121 1378 sibi
1141 1313 1217 1377 fore
1232 1325 1545 1394 conquererentur,
1562 1325 1600 1379 et

366 1424 533 1505 privatim
559 1423 709 1503 ingredi,
736 1421 935 1503 praemisso
954 1421 1034 1484 viro
1053 1421 1208 1500 quodam
1229 1420 1349 1499 nobili,
1373 1431 1557 1486 curassent
1571 1420 1597 1501 ⁸3

364 1549 436 1595 non
451 1538 570 1594 tamen
586 1529 825 1607 obtinuerunt,
843 1537 877 1592 et
899 1527 946 1591 ad
965 1527 1110 1591 domum
1130 1545 1241 1609 usque
1261 1537 1421 1592 nostram
1436 1537 1519 1592 sunt
1539 1530 1596 1594 de·

365 1639 472 1715 ducti,
490 1637 549 1700 ubi
563 1635 647 1701 Dux
661 1635 945 1713 Francaevillae,
960 1634 1110 1698 Pro-rex
1124 1637 1147 1715 ⁴,
1165 1653 1245 1698 cum
1260 1635 1415 1715 quodam
1425 1654 1471 1700 ex
1482 1637 1597 1718 Inqui-

365 1746 533 1810 sitoribns
548 1756 582 1810 et
598 1745 677 1808 aliis
691 1744 868 1808 nobilibus
883 1761 946 1807 eos
960 1745 1185 1823 expectabat,
1200 1753 1246 1820 et,
1259 1742 1422 1806 omnibus
1433 1762 1598 1824 praesen·

364 1853 468 1931 tibus,
487 1852 656 1917 Oscensis
670 1852 868 1932 Episcopus
883 1849 1030 1915 Missam
1045 1859 1169 1914 nostro
1185 1849 1220 1912 in
1240 1851 1370 1913 sacello
1390 1851 1593 1916 celebravit.

424 1959 516 2024 2304.
559 1959 627 2023 Hic
652 1967 857 2022 nostrorum
881 1957 1016 2020 reditus
1038 1965 1250 2037 properatus
1277 1957 1374 2021 visus
1399 1968 1464 2036 est,
1492 1956 1597 2041 [plus]

364 2085 471 2149 quam
486 2067 695 2144 voluissent,
712 2065 899 2146 oppidanis
914 2063 1062 2128 Comitis
1077 2063 1120 2127 de
1135 2062 1347 2143 Ribagorza,
1362 2064 1433 2144 (qui
1447 2066 1540 2129 bona
1551 2084 1597 2131 ex

364 2183 467 2255 parte
482 2193 527 2238 ex
542 2173 725 2237 saracenis
737 2172 783 2236 ad
795 2171 977 2237 Christum
987 2172 1153 2235 conversi
1165 2169 1329 2251 fuerant),
1343 2189 1386 2234 eo
1397 2173 1492 2254 quod
1506 2172 1599 2236 lilios

365 2299 489 2346 eorum
501 2282 538 2344 in
554 2280 750 2345 christiana
764 2280 928 2344 doctrina
943 2281 995 2343 sic
1009 2278 1125 2343 nostri
1139 2277 1364 2342 instituerent
1378 2296 1459 2342 cum
1474 2298 1596 2361 paren·

364 2389 458 2454 tibus
483 2406 616 2467 eorum,
645 2387 749 2452 Patre
775 2386 976 2451 Santander
1002 2386 1173 2450 articulos
1202 2385 1284 2449 fidei
1309 2385 1529 2467 declarante,
1559 2397 1598 2451 ut

363 2513 546 2577 nunquam
574 2513 612 2559 se
640 2496 710 2560 tale
739 2494 823 2576 quid
848 2493 1031 2558 audivisse
1055 2492 1315 2573 profiterentur.
1339 2493 1384 2557 Et
1408 2511 1489 2557 cum
1512 2494 1598 2568 illud

363 2620 478 2685 genus
492 2603 675 2666 hominum
691 2618 822 2681 magna
838 2601 873 2664 vi
896 2601 978 2681 cogi
996 2601 1043 2663 ad
1063 2600 1151 2663 alios
1170 2600 1443 2664 concionatores
1457 2601 1599 2665 audien-

363 2711 428 2775 dos
443 2711 586 2775 solitum
601 2718 706 2787 esset,
724 2710 793 2791 ipsi
805 2706 880 2789 jam
894 2709 986 2772 ultro
1002 2709 1178 2789 rogabant
1192 2708 1335 2772 Patrem
1350 2706 1551 2773 Santander
1560 2720 1600 2773 ut

361 2819 449 2900 ipsis
465 2818 739 2882 concionaretur
755 2827 789 2879 et
806 2816 901 2879 viam
916 2817 1042 2880 salutis
1056 2816 1125 2879 sibi
1144 2816 1356 2880 ostenderet.

423 2924 514 2989 2305.
559 2925 613 2989 Ex
630 2922 708 2986 aliis
723 2923 831 2986 etiam
846 2922 951 3002 pagis
967 2923 1180 2986 catervatim
1192 2921 1237 2983 ad
1248 2931 1390 2986 nostros
1405 2922 1600 2987 audiendos

363 3032 566 3112 hujusmodi
591 3030 763 3111 neophyti
779 3029 1022 3107 confluebant,
1040 3048 1082 3093 ac
1102 3031 1208 3111 plane
1233 3040 1435 3093 nostrorum
1455 3031 1600 3095 exilium
1685 3039 1690 3047 '

364 3142 408 3203 ab
423 3139 509 3202 urbe
524 3137 814 3217 Caesaraugusta
835 3136 1040 3200 diuturnum
1063 3154 1101 3199 se
1121 3147 1246 3218 optare
1266 3153 1398 3215 magno
1410 3136 1538 3202 affectu
1550 3137 1598 3201 di·

365 3245 505 3309 cebant.
904 3234 905 3238 ’
1213 3237 1218 3245 ’

421 3350 512 3415 2306.
557 3350 635 3415 Non
650 3360 727 3415 erat
742 3350 1053 3432 Caesaraugustae
1068 3349 1106 3413 Ρ.
1124 3350 1339 3415 Franciscus
1351 3352 1394 3415 de
1405 3350 1526 3431 Rojas,
1538 3353 1599 3434 qui

361 3461 432 3524 alio
453 3458 503 3537 (ut
530 3476 624 3521 anno
649 3458 825 3538 superiori
851 3458 985 3521 dictum
1006 3457 1121 3521 luerat
1147 3456 1171 3537 ⁸)
1196 3459 1379 3539 profectus
1401 3469 1489 3521 erat:
1519 3476 1601 3523 cum

362 3576 481 3630 tamen
500 3583 602 3629 suam
623 3582 768 3645 operam
787 3566 910 3629 utilem
930 3564 1006 3628 sore
1027 3565 1173 3643 nostris,
1199 3564 1284 3629 dum
1304 3566 1341 3629 in
1361 3566 1490 3629 talibus
1514 3564 1597 3630 diffi-

361 3673 552 3739 cultatibus
577 3672 831 3752 versabantur,
853 3673 1078 3752 intelligeret;
1100 3692 1121 3735 a
1145 3671 1182 3734 P.
1207 3654 1403 3737 Francisco
1423 3675 1437 3709 ⁸
1456 3673 1599 3754 missus,

359 3783 508 3845 libenter
534 3780 864 3859 Caesaraugustam
888 3780 1004 3843 rediit.
1032 3778 1101 3843 Sed
1121 3777 1195 3859 jam
1212 3779 1378 3843 reductos
1396 3780 1433 3842 in
1454 3779 1599 3843 domum
1664 3868 1666 3870 ‚

363 4018 472 4065 “Edicto
483 4031 516 4065 en
526 4030 576 4074 que
586 4032 615 4064 se
626 4030 741 4065 revocan
752 4022 796 4064 los
805 4030 937 4065 censuras
948 4019 1082 4064 lanuarias
1092 4022 1185 4063 contra
1202 4022 1243 4064 los
1252 4022 1357 4066 Padrrs
1367 4021 1401 4065 de
1415 4021 1442 4064 la
1455 4020 1601 4076 Compaaia

363 4090 396 4133 dn
406 4090 489 4145 sestis
500 4102 533 4134 en
546 4090 711 4144 Zaragoaea,

404 4164 412 4195 ¹
441 4161 562 4206 Pedrola.
575 4161 643 4205 Vide
654 4172 742 4216 supra,
754 4169 772 4206 t.
788 4172 814 4215 v,
826 4174 887 4217 pag.
896 4161 947 4214 too,
958 4174 983 4206 n.
996 4161 1057 4215 1077,
1068 4160 1130 4205 1080.
1141 4162 1188 4206 Ms.
1199 4163 1279 4207 habet
1291 4166 1316 4206 et
1324 4164 1440 4207 obviam.

402 4232 414 4263 ²
442 4230 535 4277 Petrus
546 4233 659 4287 Agusrm
677 4234 796 4277 “nuestro
812 4232 874 4285 Jnez
891 4233 1091 4285 conservador.,
1101 4234 1238 4287 Arviuez,
1256 4234 1379 4278 Historia
1389 4247 1436 4279 ms.
1453 4235 1486 4277 de
1497 4235 1524 4278 la
1536 4234 1601 4277 Pro-

362 4303 455 4347 vincia
470 4304 503 4347 de
514 4304 632 4359 aragon,
641 4304 667 4347 S.
678 4303 693 4356 J
697 4338 701 4347 ,
712 4304 756 4348 lib.
767 4314 784 4356 1,
796 4314 853 4359 cap.
864 4304 899 4348 52.
910 4304 978 4348 Vide
989 4315 1077 4359 snpra,
1086 4312 1105 4349 t.
1114 4316 1141 4358 v,
1154 4317 1215 4360 pag.
1226 4306 1275 4359 395,
1286 4316 1314 4349 n.
1328 4305 1388 4357 1066,
1399 4312 1486 4350 annot.
1497 4308 1519 4349 1.

407 4376 419 4408 ³
448 4374 498 4419 Ms.
510 4379 645 4420 curasset.

403 4448 415 4479 ⁴
442 4446 556 4492 Dldacus
567 4446 686 4492 linrtado
696 4447 727 4490 de
738 4445 871 4498 Mendoza,
882 4446 995 4503 primunr
1003 4447 1096 4493 Comes
1105 4448 1130 4493 11
1141 4450 1173 4493 de
1184 4448 1281 4504 Melito,
1291 4458 1384 4506 postea
1396 4450 1454 4494 Dux
1471 4449 1503 4493 de
1518 4448 1603 4493 Fran·

363 4520 461 4563 cailla.

405 4589 416 4619 l
443 4588 510 4633 Vide
521 4599 608 4643 supra,
619 4595 638 4633 t.
649 4601 676 4642 v,
686 4598 747 4643 pag.
758 4588 806 4643 187,
819 4600 842 4633 n.
856 4588 920 4633 1018.

406 4658 418 4692 ⁸
444 4658 780 4715 AP.FranclscoBorgia.
