3642 5350
352 451 400 511 -52
828 455 956 514 Cimon.
976 453 1053 513 Soc.
1074 452 1144 526 Jss.

364 597 524 660 securius
550 595 595 660 ad
620 598 820 678 exemplum
841 598 916 661 iore
941 595 1070 678 [visum
1093 594 1158 678 est]
1180 608 1218 659 ut
1240 597 1327 660 nulli
1352 595 1507 660 Prolessi
1530 597 1591 660 fie-

363 712 453 782 rent;
470 703 532 768 sed
546 705 583 766 hi
598 704 759 767 venisent
771 703 831 785 qui
846 713 1002 784 possent,
1018 704 1182 784 quamvis
1193 721 1264 767 non
1278 712 1404 767 exacte
1420 721 1591 768 numerus

361 811 399 874 in
419 811 735 875 Constitutionibus
759 810 1000 892 praescriptus
1024 811 1146 873 venire
1167 821 1297 890 posset.
1320 810 1363 873 Et
1382 811 1432 873 ita
1452 810 1590 874 Romae

360 935 405 980 ne
418 917 483 980 Dr.
500 916 641 998 quidem
655 917 860 996 MadridiuS,
878 917 1034 998 quicum
1049 915 1252 981 Secretario
1268 917 1365 980 vices
1380 926 1414 980 et
1431 919 1590 980 auctori-

360 1033 468 1088 tatem
492 1023 530 1087 P.
547 1023 674 1104 Ignatii
694 1033 867 1103 tenuerat,
891 1023 937 1086 ad
956 1023 1212 1104 professionem
1231 1033 1285 1086 est
1304 1023 1480 1087 admissus
1502 1021 1522 1098 ¹;
1539 1041 1584 1087 ne

359 1131 492 1211 posteri
507 1131 574 1195 hoc
587 1132 678 1194 male
693 1131 927 1209 imitarentur,
944 1131 1080 1211 aliquos
1095 1131 1311 1194 admittendo
1334 1129 1379 1192 ad
1398 1129 1589 1211 professio·

358 1256 451 1317 nem,
468 1248 620 1302 vacante
636 1239 718 1302 sede
733 1237 932 1318 Praepositi
944 1236 968 1297 ¹.

421 1345 488 1408 148.
531 1346 713 1410 Admoniti
727 1356 808 1408 sunt
823 1345 930 1408 etiarn
945 1355 983 1408 ut
996 1363 1117 1409 secum
1131 1344 1311 1422 afferrent,
1334 1345 1363 1406 si
1386 1363 1455 1427 qua
1479 1363 1583 1426 expe·

357 1452 483 1515 rientia
499 1453 689 1532 docuisset,
713 1452 809 1516 circa
831 1451 1110 1516 Constitutiones
1130 1451 1187 1515 vel
1207 1450 1363 1530 Regulas
1381 1453 1587 1515 tractanda.

360 1559 598 1623 Provinciales
620 1577 662 1622 ac
677 1558 847 1622 Rectores
863 1576 906 1622 ac
920 1557 1147 1638 Praepositos
1160 1557 1346 1622 inferiores
1357 1559 1499 1622 minime
1510 1576 1584 1622 mu-

357 1666 425 1730 tari
440 1677 603 1746 oportere
619 1666 788 1745 scripturn
804 1673 857 1728 est
872 1662 895 1723 ³.

421 1771 487 1835 149.
531 1773 630 1836 Adiit
644 1770 826 1835 Summum
842 1770 1058 1848 Pontificem,
1075 1781 1262 1850 postquam
1278 1771 1515 1834 valetudinem
1529 1788 1585 1834 re·

355 1879 549 1958 cuperavit,
567 1877 604 1941 P.
623 1878 799 1956 Vicarius,
820 1887 854 1941 et
874 1876 1061 1942 Societatis
1077 1878 1301 1941 devotionern
1316 1893 1403 1956 erga
1419 1876 1580 1940 eumdem

355 1985 569 2064 Pontificem,
592 1984 724 2048 Christi
738 1985 933 2063 Vicarium,
950 1985 1114 2048 ostendit.
1137 1985 1197 2048 Ille
1219 1985 1327 2048 etiam
1346 1984 1517 2064 peculiari
1531 1983 1582 2046 al-

353 2092 448 2155 lectu
463 2108 501 2156 se
516 2102 675 2154 nostram
690 2088 905 2155 Societatem
921 2091 1087 2171 amplecti
1101 2091 1309 2166 affirmabat,
1332 2100 1366 2154 et
1381 2108 1467 2154 suae
1478 2091 1578 2154 bene·

353 2198 529 2261 volentiae
543 2198 707 2278 operibus
722 2198 973 2277 comprobatae
994 2207 1102 2262 testes
1117 2198 1250 2279 aliquot
1264 2217 1310 2262 ex
1324 2200 1475 2279 ipsamet
1495 2199 1584 2262 civi-

352 2315 424 2368 tate
438 2303 451 2334 *
465 2305 608 2382 citabat;
625 2314 660 2368 et
674 2304 741 2368 hoc
757 2321 793 2368 se
807 2305 935 2368 iecisse
953 2306 990 2368 in
1009 2307 1136 2386 quovis
1151 2315 1257 2385 statu,
1277 2305 1352 2386 jam
1367 2304 1447 2369 inde
1468 2306 1513 2368 ab
1537 2323 1582 2368 eo

353 2420 510 2492 tempore
522 2411 613 2493 quod
629 2411 772 2493 quidam
787 2412 897 2492 ipsius
912 2413 1156 2491 consobrinuS,
1173 2411 1282 2476 Paulo
1297 2412 1402 2476 illex
1417 2413 1512 2477 Urbe
1526 2430 1578 2475 re·

352 2521 510 2599 cedente,
527 2518 662 2583 Rornae
676 2520 815 2600 legatus
830 2521 974 2584 relictus
988 2529 1066 2584 erat
1080 2517 1103 2580 ⁸.

413 2626 480 2691 150.
524 2625 661 2691 Deinde
673 2635 795 2691 tonum
806 2628 907 2691 vocis
918 2627 1099 2692 mutando:
1118 2627 1333 2707 “Advertite,
1347 2628 1470 2708 inquit,
1483 2625 1579 2709 quod

351 2735 482 2797 nullam
498 2734 642 2798 vivendi
656 2736 831 2799 rationem
845 2746 906 2799 aut
922 2734 1065 2798 modum
1079 2735 1260 2816 suscipere
1282 2734 1426 2813 debetis,
1448 2736 1516 2799 nisi
1531 2736 1581 2798 ab

351 2842 416 2905 hac
431 2840 562 2905 Sancta
578 2840 680 2905 Sede.
698 2840 800 2921 Quod
814 2842 844 2904 si
860 2842 1079 2905 contrarium
1098 2842 1292 2916 tentaretis
1314 2859 1386 2905 non
1406 2843 1495 2905 bene
1513 2859 1576 2904 vo·

349 2948 401 3011 bis
416 2948 611 3027 succedet„;
627 2966 693 3011 nec
708 2949 780 3011 ulla
795 2947 967 3027 rescripta
982 2948 1132 3011 aliorum
1148 2948 1355 3013 Pontificum
1367 2951 1481 3028 ligare
1496 2965 1579 3011 suc-

345 3071 508 3117 cessores
533 3054 633 3128 dixit,
660 3055 744 3135 quin
770 3054 905 3134 possint
925 3054 1131 3117 examinare
1157 3055 1263 3118 etita
1288 3055 1501 3119 confirmare
1516 3056 1573 3117 vel

347 3160 542 3223 dissolvere
557 3178 647 3240 quae
662 3161 710 3224 illi
725 3162 1002 3225 constituissent.
1019 3159 1249 3241 Significabat
1270 3161 1388 3242 itaque
1408 3161 1576 3225 Pontifex·

347 3266 441 3348 quod
467 3267 511 3329 ab
534 3268 610 3347 ipso
633 3268 689 3329 vel
714 3264 788 3346 ejus
813 3266 903 3331 Sede
924 3266 969 3329 ad
991 3268 1087 3330 vitae
1113 3268 1286 3331 rationem
1311 3266 1575 3348 suscipiendam

386 3542 394 3575 Ι
423 3542 489 3587 Eam
500 3542 528 3585 P.
537 3541 739 3598 christophorus
750 3542 781 3586 de
791 3541 892 3587 Madrid
902 3542 963 3587 lecit
973 3544 1078 3588 tandem
1092 3542 1188 3587 Romae
1200 3543 1353 3587 inmanibus
1364 3542 1572 3602 RJaeonlLay-

343 3625 390 3658 nez
400 3614 413 3657 6
422 3614 479 3667 Jan.
491 3614 551 3657 1559.

382 3685 394 3718 ¹
421 3687 445 3730 A
457 3685 663 3740 Congregatione
678 3690 765 3729 tamen
775 3684 897 3729 Generali
913 3684 970 3738 ΧΠ.
985 3685 1098 3731 Decreto
1113 3686 1144 3738 10,
1155 3688 1255 3732 tributa
1271 3695 1311 3733 est
1325 3688 1433 3733 Vicarlo
1449 3689 1575 3734 Generall

342 3758 455 3802 facultas
465 3758 529 3801 haec
540 3758 634 3811 “eoque
645 3756 714 3800 omni
725 3757 807 3809 modo,
826 3768 875 3811 quo
892 3758 964 3801 illam
977 3758 1056 3802 hahet
1069 3758 1238 3813 Praepositae
1249 3759 1384 3805 Generalis
1401 3762 1462 3805 dum
1480 3761 1575 3815 vivis,

344 3828 383 3874 Ci.
394 3828 555 3873 institutum
568 3828 623 3872 Soc.
633 3826 690 3883 Jes.
700 3827 868 3883 (Florentiae,
879 3828 985 3884 tusa-93),
995 3836 1016 3874 t.
1023 3840 1052 3885 u,
1062 3841 1123 3885 pag.
1133 3830 1182 3875 390.

380 3898 392 3931 ⁸
420 3898 508 3945 Etiam
519 3899 588 3944 circa
597 3904 754 3954 postremam
768 3900 845 3955 hujus
861 3900 961 3944 numeri
970 3907 1071 3955 partem
1083 3903 1180 3946 statuit
1194 3903 1285 3948 eadem
1300 3902 1475 3957 Congregatin
1489 3902 1575 3946 Gene-

341 3970 405 4015 ralis
412 3970 469 4023 xn,
477 3970 555 4015 Decr.
564 3970 599 4023 ³0,
610 3981 694 4025 casus,
703 3970 729 4014 in
739 3972 831 4025 quibus
838 3971 983 4026 huiusmodi
991 3970 1157 4025 Superiorum
1167 3976 1276 4019 mutatio
1286 3975 1370 4019 valide
1382 3975 1503 4029 liciteque
1516 3984 1575 4029 pos«

342 4042 377 4086 sit
387 4040 451 4086 lieri.
461 4040 492 4085 L.
503 4052 534 4091 c..
544 4052 605 4096 pag.
615 4040 664 4085 897.

378 4112 391 4145 ⁴
417 4113 541 4167 Quamvis
551 4114 589 4157 ita
598 4114 633 4157 slt
644 4114 778 4168 perspicue
792 4113 931 4158 admodum
945 4112 971 4157 ln
983 4124 1029 4159 ms.
1040 4120 1075 4169 et,
1090 4120 1167 4168 prout
1183 4126 1216 4158 ex
1226 4113 1314 4158 verbis
1329 4113 1397 4159 inira
1412 4115 1502 4159 statim
1518 4126 1571 4159 me·

339 4184 595 4239 morandisapparet,
607 4185 644 4228 lta
654 4184 813 4229 intellexisse
822 4182 965 4229 Sacchinns
973 4185 1102 4238 videatur,
1110 4186 1270 4240 suspicamur
1279 4191 1366 4228 tamen
1374 4186 1451 4229 valde
1460 4186 1494 4238 ld,
1503 4184 1572 4239 quod

339 4255 477 4309 aliquoties
485 4256 540 4310 lam
551 4255 655 4301 Polancl
665 4256 884 4309 librarloaccldit,
895 4262 923 4300 et
932 4258 976 4301 hic
984 4256 1064 4301 etlam
1071 4258 1205 4310 accidisse,
1214 4268 1305 4312 nempe
1313 4257 1448 4310 scripsisse
1460 4257 1575 4301 civitate

340 4327 382 4371 uhi
394 4326 557 4370 scribendum
567 4333 626 4371 erat
638 4327 777 4371 Societate.

378 4397 390 4431 ὓ
417 4397 647 4442 “Commemoravit
662 4398 749 4451 initio,
763 4398 860 4443 Paulus
875 4397 913 4442 lv
927 4400 1015 4444 “snum
1031 4406 1184 4455 perpetuum
1200 4410 1264 4454 erga
1278 4398 1436 4443 Societatem
1453 4400 1568 4443 studium

338 4469 406 4513 satis
415 4476 580 4524 perspectum
588 4470 646 4513 inde
656 4480 736 4525 usque
747 4472 779 4513 ab
790 4481 820 4514 eo
836 4478 961 4526 tempore,
976 4482 1025 4525 quo
1036 4473 1092 4526 ejus
1101 4458 1276 4525 consobrinus,
1287 4470 1441 4514 Vincentius
1452 4469 1568 4523 careda,

338 4541 485 4585 cardinalis
496 4539 690 4595 Neapolitanus,
701 4552 747 4596 per
757 4542 902 4586 absentiam
914 4542 985 4588 Pauli
994 4542 1031 4587 111
1043 4543 1174 4587 Pontihcls
1188 4544 1274 4587 fuerat
1290 4542 1316 4586 ln
1326 4539 1398 4586 Urbe
1411 4541 1516 4595 legatus
1529 4553 1573 4585 re-

336 4612 421 4656 lictus:
431 4622 462 4655 ac
473 4616 554 4656 testes
564 4612 639 4667 hujus
647 4611 684 4655 rel
695 4612 820 4667 quostiam
829 4624 861 4657 ex
876 4612 948 4657 Urbe
961 4615 1134 4669 nominabat,
1145 4615 1297 4663 succursus.
1312 4613 1415 4658 Hister.
1428 4611 1492 4667 Soc„
1503 4625 1528 4668 p.
1539 4623 1571 4668 tr,

337 4685 381 4729 llb.
393 4694 410 4739 r,
421 4695 445 4727 n.
455 4682 491 4727 ³0.
