3642 5350
765 441 770 451 '
790 437 947 499 An'lbbd
1429 437 1482 500 251

236 593 412 653 mensam
426 585 571 651 Domini
589 586 645 655 sui
665 586 927 665 admitteretur;
950 588 1058 651 immo
1079 584 1174 669 quod
1194 585 1383 667 aliquando
1406 586 1483 667 ipse

254 694 428 761 Dominus
441 696 476 759 ei
498 696 534 759 iu
554 712 676 759 mensa
691 695 891 759 inserviret.
903 694 949 759 Et
963 711 1044 759 cum
1059 694 1158 776 prius
1172 712 1217 759 ne
1231 693 1268 759 in
1283 692 1484 759 cubiculum

255 802 397 885 quidem
410 802 487 884 ejns
501 801 642 883 ingredi
655 802 819 883 auderet,
840 801 1102 883 quodammodo
1123 800 1307 883 aequalem
1328 818 1370 867 ac
1386 802 1484 866 velut

255 911 403 975 fratrem
419 911 486 993 ipsi
501 928 540 976 se
555 910 690 975 sactum
705 926 784 975 esse
797 910 954 975 videbat.

315 1016 388 1083 961.
430 1016 584 1099 Adjutus
597 1004 684 1101 erg'o
699 1019 768 1083 hoc
782 1020 944 1099 exemplo
959 1015 1104 1083 Domini
1121 1018 1271 1101 Joannis
1284 1025 1319 1082 et
1333 1016 1484 1085 allorum

255 1125 422 1205 fratrum,
439 1126 632 1190 instructus
654 1126 762 1191 etiam
780 1126 824 1190 de
843 1126 1059 1190 christianae
1079 1125 1261 1205 religionis
1285 1124 1483 1206 mysteriis,

256 1233 302 1298 ad
315 1231 396 1297 fidei
410 1235 529 1297 lumen
544 1251 565 1297 a
579 1232 733 1297 Domino
743 1232 990 1313 excipiendum
1002 1250 1039 1297 se
1052 1233 1235 1315 disposuit,
1249 1240 1283 1297 et
1294 1232 1435 1299 demum
1446 1248 1484 1297 se

256 1340 487 1405 christianum
505 1340 581 1404 lieri
600 1340 782 1422 protessus
800 1350 865 1420 est,
887 1350 922 1404 et
946 1358 991 1405 ex
1017 1340 1187 1405 Gallilero
1211 1356 1348 1405 nornen,
1364 1338 1401 1405 in
1425 1340 1484 1416 ba:

256 1448 384 1529 ptismo
398 1464 479 1511 cum
493 1446 590 1512 Petri
602 1448 745 1515 nomine
756 1450 921 1513 mutavit.

308 1554 379 1619 962.
417 1554 487 1620 Alii
501 1556 645 1636 plurimi
656 1556 702 1619 ad
713 1556 912 1620 saecularia
923 1554 1153 1637 relinquenda
1165 1555 1328 1636 exemplo
1340 1552 1484 1621 Domini

255 1662 405 1745 Joannis
416 1662 582 1727 commoti
591 1662 746 1742 luerunt;
758 1672 835 1728 erat
847 1664 942 1728 enim
953 1663 1157 1727 notissimus
1168 1672 1202 1727 et
1215 1660 1439 1741 magnatibus
1450 1670 1485 1727 et

256 1769 401 1849 populo,
416 1786 498 1834 cum
512 1788 534 1833 a
549 1769 703 1833 Domino
719 1768 825 1834 Petro
839 1770 883 1834 de
898 1770 1038 1849 Toleto,
1050 1769 1221 1849 Pro-rege
1232 1768 1399 1851 Neapolis
1412 1766 1434 1849 ¹,
1445 1778 1484 1833 ut

257 1876 349 1941 lilius
363 1875 534 1942 educatus
545 1877 681 1957 luisset,
694 1886 728 1941 et
742 1877 836 1949 illius
850 1878 946 1941 arcis
960 1877 1200 1942 nobilissimae
1215 1874 1432 1955 Praefectus
1449 1886 1484 1941 et

258 1986 293 2049 in
307 1995 435 2050 ornatu
449 1984 755 2067 splendidissimus
769 1995 875 2066 atque
890 1984 968 2049 aliis
983 1986 1020 2049 in
1042 1984 1147 2049 rebus
1167 1982 1326 2049 externis
1346 1982 1481 2049 luisset.

316 2093 387 2158 963.
431 2090 604 2174 Cupiebat
618 2101 737 2157 autem
752 2093 809 2157 ille
828 2092 852 2173 ⁸,
869 2092 1094 2174 simulatque
1114 2110 1135 2155 a
1151 2092 1250 2157 curia
1266 2091 1374 2174 Regis
1393 2092 1405 2125 ⁸
1426 2111 1484 2159 ex·

258 2208 421 2280 pectatae
435 2201 574 2265 litterae
587 2201 780 2279 venissent,
794 2200 944 2265 Romam
956 2200 1078 2264 venire
1088 2216 1096 2277 ;
1108 2209 1144 2264 et
1156 2201 1206 2264 ita
1218 2216 1299 2264 cum
1310 2200 1484 2283 vigesima

256 2323 352 2371 nona
364 2306 483 2373 Martii
495 2306 570 2387 jam
583 2307 800 2373 constitisset
815 2306 952 2389 Regem
966 2304 1166 2388 Philippum
1178 2306 1332 2371 Domino
1347 2306 1484 2375 Alvaro

257 2413 301 2478 de
322 2413 507 2493 Mendoza,
528 2414 639 2494 ipsius
658 2414 776 2493 fratri,
798 2414 893 2479 arcis
911 2413 1172 2495 praefecturam
1193 2413 1396 2494 contulisse,
1417 2412 1483 2479 Ro·

256 2538 364 2600 marn,
379 2530 417 2586 ut
432 2531 633 2603 optaverat,
645 2521 820 2586 Dominus
832 2522 989 2605 Joannes
1001 2520 1183 2603 profectus
1196 2530 1262 2585 est.
1351 2576 1355 2587 .

317 2628 388 2694 964.
431 2627 517 2710 Ejus
530 2630 647 2695 locum
661 2629 818 2714 Joannes
836 2628 880 2695 de
899 2626 1007 2708 Rosa,
1028 2627 1176 2712 Neapoli
1197 2628 1385 2709 admissus
1406 2644 1485 2711 sup·

257 2737 377 2820 plevit.
952 2787 955 2794 .
1475 2797 1479 2804 .

148 2837 153 2844 ’
317 2845 389 2909 965.
431 2845 516 2910 Post
529 2863 710 2911 recessum
721 2855 839 2910 autem
851 2845 1024 2928 praedicti
1038 2846 1196 2929 Joannis,
1213 2846 1388 2911 Dominus
1406 2846 1486 2912 Hie·

257 2970 430 3034 ronyurus
457 2953 597 3034 Vignes
624 2955 660 3017 in
683 2955 938 3034 gravissimum
957 2955 1118 3019 morbum
1137 2953 1271 3033 incidit,
1297 2963 1336 3018 ut
1360 2973 1488 3037 parum

261 3061 453 3125 admodum
468 3062 513 3126 de
527 3061 603 3142 ejus
622 3060 698 3124 vita
717 3061 843 3126 medici
863 3071 1064 3142 sperarent;
1088 3071 1122 3126 et
1143 3073 1261 3125 tamen
1285 3077 1330 3126 ex
1351 3079 1405 3143 eo,
1426 3061 1487 3126 ltu·

258 3168 414 3233 manitus
429 3165 453 3248 ⁴,
468 3170 593 3234 saltem
608 3185 741 3248 magna
755 3187 801 3233 ex
814 3178 916 3250 parte
936 3168 1085 3250 Collegii
1106 3168 1332 3251 Neapolitani
1351 3165 1487 3238 susten·

257 3276 345 3340 tatio
365 3277 541 3358 pendebat
560 3274 588 3357 ⁸;
609 3276 671 3340 sed
691 3277 834 3341 tandem
854 3277 988 3359 placuit
1012 3277 1089 3342 Deo
1114 3293 1195 3341 eum
1219 3277 1364 3343 sanitati
1388 3279 1487 3344 resti·

257 3392 368 3450 tuere.

319 3490 392 3556 966.
435 3491 596 3557 Venerat
610 3491 771 3574 Romam,
787 3494 892 3558 simul
906 3510 988 3558 cum
1009 3493 1192 3575 praedicto
1211 3493 1365 3559 Domino
1379 3494 1487 3579 Joan·

258 3616 314 3677 ne,
330 3596 427 3681 Mag.
443 3597 651 3665 Theodorus
671 3599 849 3681 Peltanus,
865 3603 925 3683 qui
941 3601 1077 3683 primae
1096 3601 1203 3666 classi
1222 3610 1401 3683 praeerat;
1423 3601 1488 3667 luit

258 3706 364 3770 etiam
378 3716 564 3785 evocatus,
580 3709 671 3772 utin
685 3705 839 3773 Galliam
854 3708 1149 3789 proficisceretur,
1171 3706 1209 3772 P.
1233 3708 1403 3775 Nicolaus
1423 3707 1487 3802 Pa·

258 3813 428 3879 redensis.
445 3813 489 3880 Et
510 3816 559 3880 ita
581 3816 727 3880 scholae
741 3815 989 3897 neapolitanae
1008 3833 1080 3882 non
1100 3815 1278 3882 mediocre
1297 3815 1486 3888 detrimen,-

258 3929 332 3984 tum
346 3922 495 3987 subiisse
509 3923 735 3989 videbantur.

316 4028 388 4092 967.
429 4029 500 4095 Sed
525 4031 655 4095 missus
680 4029 775 4111 Mag.
801 4032 933 4116 Joseph
959 4031 1143 4096 Fabricius
1164 4049 1206 4097 ac
1228 4032 1372 4113 quidam
1394 4031 1485 4096 alius

298 4345 307 4379 ¹
335 4345 375 4391 De
384 4347 434 4392 boc
443 4347 549 4401 saepius
558 4357 643 4391 sermo
651 4346 738 4391 lactus
748 4353 788 4391 ert
798 4347 824 4391 ln
832 4345 1047 4402 praecedentibus
1058 4346 1135 4403 hujus
1146 4345 1268 4391 chronici
1278 4345 1460 4393 voluminibus.

301 4419 314 4451 ¹
339 4416 633 4470 Joaonerdetlenuon.

297 4487 313 4521 ⁸
337 4488 491 4545 Philipplli,
500 4488 687 4544 Hispaniarum
698 4488 786 4544 Regis.

253 4604 256 4610 ,
297 4562 311 4594 ⁴
336 4559 563 4606 linbumantlar.

296 4632 309 4666 Ι
334 4631 400 4678 vide
410 4644 499 4688 snpra,
509 4639 528 4678 t.
538 4643 578 4690 nr,
585 4643 614 4676 rr
624 4639 651 4678 et
661 4647 687 4689 v,
698 4634 758 4680 dum
768 4634 799 4679 de
810 4634 859 4682 boc
868 4635 1042 4693 Neapolitano
1053 4635 1167 4692 Colleglo
1177 4648 1262 4684 sermo
1271 4642 1319 4693 est,
1328 4637 1483 4695 praesertim

257 4714 276 4752 t.
287 4719 313 4761 r,
324 4717 384 4764 pag.
399 4705 447 4763 ltu,
457 4715 499 4752 nn.
509 4705 550 4752 ott
560 4712 586 4753 et
595 4705 648 4752 uta.
