3642 5350
377 412 433 473 438
836 414 964 474 Canon.
983 412 1063 473 Soc.
1082 412 1151 486 Jas.

380 576 450 623 non
474 558 650 623 Bruxellis
674 569 759 624 tunc
782 559 1027 638 tractandum,
1053 559 1117 622 sed
1142 558 1259 639 potius
1283 556 1514 636 Antuerpiae,
1538 572 1610 635 quo

380 666 457 729 Rex
469 666 571 729 brevi
585 666 699 730 iturus
713 677 801 743 erat,
818 668 889 743 ubi,
906 667 952 729 ab
967 666 1047 730 aliis
1060 665 1215 745 negotiis
1229 664 1347 744 magis
1361 678 1513 741 vacuuS,
1529 661 1613 728 huic

380 790 511 837 vacare
531 790 636 854 posse
657 774 783 838 melius
800 774 1006 852 videbatur,
1027 783 1063 837 et
1086 774 1346 836 intellecturum
1369 786 1409 832 se
1430 770 1566 850 recepit
1589 786 1611 841 a

381 880 492 961 Rege,
510 880 569 944 ubi
584 882 690 945 vellet
705 882 773 946 hac
787 882 831 945 de
846 899 885 945 re
899 890 1043 944 nostros
1057 880 1195 944 audire.

443 986 531 1050 1877.
575 986 677 1066 Quod
693 1008 773 1055 cum
788 990 947 1067 fecisset,
963 989 1084 1053 statim
1102 987 1235 1052 nostris
1254 986 1453 1068 respondit,
1470 986 1611 1064 placere

380 1098 471 1179 Regi
485 1105 523 1162 ut
537 1099 772 1180 Antuerpiam
787 1100 900 1163 nostri
922 1118 961 1165 se
982 1099 1203 1175 conferrent,
1218 1098 1279 1161 ubi
1293 1117 1336 1162 ea
1351 1098 1394 1161 de
1413 1113 1452 1160 re
1472 1098 1532 1177 agi
1551 1114 1609 1177 po·

380 1216 483 1284 terat,
499 1214 535 1269 et
549 1215 750 1287 opportune
765 1206 958 1273 admodum
976 1208 1163 1272 videbatur
1177 1208 1214 1271 in
1229 1207 1392 1271 absentia
1405 1214 1441 1267 et
1459 1204 1613 1285 Impera

380 1312 469 1376 toris
484 1322 519 1377 et
533 1312 692 1393 Reginae
707 1331 788 1378 cum
807 1332 903 1379 novo
924 1313 1023 1396 Rege
1042 1316 1269 1379 tractandum
1288 1330 1384 1392 esse;
1406 1323 1440 1376 et
1456 1314 1505 1375 ita
1519 1309 1614 1374 Gon.

380 1421 502 1483 salvus
515 1418 636 1500 Perez,
654 1419 886 1500 SecretariuS,
903 1424 964 1503 qui
978 1423 1161 1502 negotium
1175 1422 1244 1485 hoc
1259 1422 1407 1485 libenter
1426 1436 1610 1500 promove·

381 1528 452 1603 bat,
469 1528 643 1591 rationem
658 1526 761 1608 hujus
776 1530 1002 1593 tractationis
1014 1528 1192 1610 probavit.
1207 1528 1337 1592 Comes
1351 1528 1458 1591 etiam
1472 1524 1612 1603 Feriae,

383 1634 444 1713 qui
458 1635 757 1699 contradictiones
771 1652 860 1717 erga
873 1635 1089 1700 Societatem
1105 1646 1311 1717 perspectas
1326 1634 1491 1711 habebat,
1507 1633 1614 1696 valdo

383 1739 548 1820 probavit
574 1750 611 1804 ut
631 1740 852 1824 Antuerpiae
877 1742 945 1806 hoc
965 1741 1148 1822 negotium
1168 1752 1398 1821 tractaretur,
1418 1759 1494 1827 nec
1507 1742 1614 1805 aliam

384 1843 583 1928 [rationem]
600 1866 707 1929 quam
722 1849 871 1914 Comitis
885 1848 1082 1929 Ruigomez
1096 1866 1175 1913 esse
1195 1849 1402 1913 tenendam:
1418 1859 1454 1912 et
1472 1859 1616 1914 nostros

383 1952 514 2016 habere
529 1954 672 2017 omniuo
687 1953 784 2019 domi
798 1972 884 2019 suae
899 1956 1023 2020 voluit.

445 2058 532 2123 1878.
577 2059 630 2123 De
646 2064 790 2142 negotio
805 2064 913 2126 etiam
929 2061 975 2127 D.
990 2062 1139 2144 Joannis
1158 2064 1202 2127 de
1222 2063 1394 2127 Mendoza
1413 2064 1533 2143 aliqua
1551 2062 1615 2125 ibn

382 2164 473 2243 dem,
491 2183 582 2247 quae
597 2168 818 2247 petebantur,
836 2170 979 2233 obtenta
994 2170 1148 2234 luerunt.

445 2270 532 2335 1879.
576 2272 658 2352 Egit
673 2276 781 2339 etiam
801 2292 883 2339 cum
902 2274 1041 2356 Joanne
1062 2276 1191 2341 Osorio
1210 2277 1254 2341 de
1273 2276 1385 2358 Sylva
1407 2276 1451 2340 de
1469 2276 1615 2355 negotio

383 2379 531 2459 Collegii
552 2379 806 2461 MessanensiS,
823 2381 1017 2463 Abbatiae,
1034 2385 1185 2463 scilicet,
1206 2385 1250 2449 de
1269 2383 1519 2447 Rocbamador
1543 2383 1563 2459 ¹,
1579 2394 1616 2455 et

383 2486 555 2551 intellexit
573 2488 670 2568 quod
688 2486 910 2554 Secretarius
933 2491 1087 2555 Erassus
1105 2492 1318 2572 promiserat
1341 2490 1417 2571 ejus
1438 2491 1616 2555 Abbatiae

381 2594 564 2673 negotium
579 2596 614 2658 in
630 2596 746 2676 prima
761 2599 1021 2662 consultatione
1035 2616 1073 2661 se
1089 2599 1343 2663 confecturum.

448 2699 536 2764 1880.
580 2703 792 2785 Alloquutus
803 2715 858 2770 est
873 2707 1036 2771 eumdem
1050 2708 1221 2771 Erassum
1236 2707 1274 2770 Ρ.
1290 2705 1539 2788 Ribadeneyra
1554 2723 1613 2770 no·

383 2807 476 2870 mine
493 2807 529 2871 P.
547 2807 686 2890 Ignatii,
704 2829 775 2875 non
786 2812 830 2876 de
841 2813 909 2877 hoc
921 2815 1076 2894 negotio,
1090 2814 1152 2877 sed
1163 2814 1201 2878 in
1210 2830 1342 2895 genere
1354 2831 1412 2877 res
1426 2812 1616 2878 Societatis

383 2915 451 2994 ipsi
467 2917 732 2996 commendans,
749 2929 783 2982 et
799 2920 966 3001 obsequia
991 2920 1158 3000 offerens3
1179 2932 1214 2984 et
1233 2939 1335 2985 suam
1357 2922 1415 2984 ille
1435 2919 1615 3008 [Erassus]

383 3037 530 3100 operam
546 3022 702 3088 officiose
718 3026 853 3106 obtulit,
870 3046 1093 3110 quacumque
1108 3029 1144 3092 in
1159 3047 1209 3107 re,
1225 3029 1378 3108 quae'ad
1399 3026 1616 3100 Societatem

383 3137 543 3192 nostram
558 3131 766 3213 pertineret;
780 3142 815 3197 et
829 3136 881 3198 sic
896 3137 1003 3199 scribi
1018 3137 1056 3200 P.
1073 3136 1212 3216 Ignatio
1222 3136 1338 3217 jussit.

447 3232 536 3298 1881.
579 3237 754 3303 Intellexit
769 3242 876 3304 etiam
892 3245 986 3324 quod
1001 3244 1127 3308 nobilis
1139 3243 1284 3325 quidam
1297 3244 1455 3326 Joannes
1464 3242 1508 3305 de
1519 3241 1615 3304 Men

383 3339 485 3419 doza,
512 3345 615 3422 palus
639 3345 724 3424 (sic)
749 3347 945 3420 dicebatur.
972 3349 1261 3414 informationem
1282 3350 1326 3414 de
1345 3351 1452 3413 rebus
1470 3358 1617 3412 nostrae

385 3443 591 3530 Societatis,
624 3469 730 3532 quam
755 3454 889 3519 Romae
918 3467 1122 3538 acceperat,
1159 3457 1370 3537 Imperatori
1397 3458 1549 3537 legerat,
1578 3467 1615 3522 et

383 3556 490 3619 ctiam
515 3557 648 3637 Regem
676 3559 876 3642 Philippum
901 3564 946 3627 de
970 3565 1104 3629 eisdem
1122 3564 1229 3627 rebus
1254 3565 1441 3629 certiorem
1465 3563 1613 3640 fecerat;

384 3665 549 3741 quamvis
563 3676 708 3746 propter
723 3670 937 3734 mutationes
952 3688 1162 3750 regnorum,
1178 3673 1222 3735 de
1240 3672 1366 3752 quibus
1381 3680 1464 3734 tuuc
1486 3671 1615 3750 agebaae

382 3781 451 3846 tur,
469 3770 556 3834 nihil
571 3772 617 3836 ad
631 3773 795 3838 effectum
814 3775 1006 3841 deductum
1020 3788 1085 3842 est.

447 3875 534 3940 1882.
579 3878 729 3944 Curavit
748 3882 854 3946 etiarn
875 3884 968 3948 idem
987 3885 1027 3949 Ρ.
1052 3885 1180 3949 Petrus
1194 3903 1274 3950 cum
1292 3885 1331 3950 P.
1352 3885 1553 3964 Bernardo,
1575 3895 1613 3956 ut

383 3983 613 4066 inquisitores
627 3988 767 4051 illarum
783 3991 968 4069 regionum
984 3993 1093 4069 (inter
1112 4011 1201 4075 quos
1216 4003 1293 4057 erat
1312 3993 1456 4076 quidam
1476 3993 1519 4056 D.
1538 3991 1612 4056 Pol·

383 4093 486 4172 letuS,
503 4090 673 4158 Societati
687 4097 793 4160 valde
807 4098 985 4178 addictus)
1000 4099 1039 4162 P.
1056 4100 1196 4181 ignatio
1211 4102 1419 4180 scriberent,
1436 4112 1471 4164 et
1492 4117 1614 4182 opera·

383 4198 458 4262 rios
472 4208 615 4264 nostrae
636 4199 823 4267 Societatis
839 4205 885 4268 ad
900 4207 1125 4286 provinciam
1139 4208 1236 4271 illam
1255 4209 1347 4272 mitti
1362 4209 1616 4290 supplicarent,

384 4305 478 4383 quod
493 4309 631 4386 experti
646 4320 765 4374 essent
777 4313 965 4392 perutilem
980 4331 1104 4378 eorum
1119 4332 1265 4395 operam
1279 4315 1326 4379 ad
1341 4317 1523 4395 negotium
1536 4316 1615 4380 reli-

382 4411 512 4492 gionis,
529 4415 590 4494 qui
605 4416 648 4480 de
663 4414 843 4481 Societate
857 4429 981 4483 nostra
997 4421 1126 4485 ibidem
1147 4425 1395 4487 versabantur.
1418 4425 1461 4488 Et
1482 4424 1617 4492 similes

388 4575 392 4578 -
429 4575 587 4584 —-—-

423 4654 431 4685 ¹
461 4653 528 4699 Vlde
539 4667 626 4710 supra,
636 4669 696 4713 pag.
707 4657 755 4712 269,
767 4671 790 4703 n.
803 4659 862 4713 1011,
873 4671 934 4714 pag.
944 4661 993 4715 818,
1003 4673 1032 4706 n.
1043 4663 1103 4718 12⁹8,
1115 4670 1141 4708 et
1152 4665 1228 4719 inira,
1239 4677 1263 4708 n.
1275 4665 1335 4719 1907,
1346 4674 1373 4708 et
1385 4667 1445 4711 lm
