3642 5350
759 463 823 521 Aa.
846 460 917 521 1556
1402 462 1451 522 151

223 608 341 673 animo
356 618 392 673 et
405 619 513 690 grato
529 609 676 673 audivit.
692 610 834 691 thuia
849 609 1050 673 admonitus
1068 608 1184 673 iuerat
1203 608 1247 673 de
1265 609 1342 689 his,
1362 628 1453 692 quae

224 734 245 781 a
259 717 359 781 Duce
375 717 470 781 dicta
486 716 637 796 inerant,
654 717 879 781 occasionem
893 717 1031 797 accepit
1052 716 1192 781 dicendi
1210 717 1305 797 quod
1325 718 1452 800 ubique

223 832 426 889 nostrorum
451 825 576 888 domus
601 832 636 887 et
664 824 814 905 collegia
843 823 1117 905 expetebantur,
1148 824 1313 905 quodque
1339 826 1453 889 nostri

224 932 367 995 divitias
391 933 606 1013 temporales
630 949 702 994 non
727 941 899 1010 amarent,
926 929 1020 1011 quod
1043 930 1148 995 facile
1173 933 1272 996 cerni
1295 940 1449 1013 poterat,

223 1057 303 1103 cum
319 1049 392 1103 tres
407 1047 469 1102 aut
483 1047 636 1119 quatuor
649 1058 694 1102 ex
708 1040 840 1119 nostris
859 1038 1095 1119 Episcopatus
1111 1039 1139 1116 ¹,
1155 1037 1225 1102 duo
1240 1039 1347 1103 etiarn
1367 1038 1451 1105 Car·

222 1146 417 1210 dinalatum
431 1141 443 1174 ¹
457 1146 642 1211 admittere
656 1147 863 1224 noluissent,
879 1163 961 1209 cum
975 1147 1027 1209 eis
1046 1145 1269 1209 offerrentur.
1285 1146 1330 1210 Et
1343 1149 1375 1211 si
1389 1148 1449 1212 aii·

221 1271 371 1334 quorum
386 1254 610 1334 patrimonia,
623 1254 683 1334 qui
693 1251 909 1317 Societatem
924 1261 1025 1316 erant
1039 1253 1204 1333 ingressi,
1218 1252 1450 1319 admitteban-

223 1369 293 1438 tur,
313 1358 349 1423 id
363 1369 501 1424 tantum
517 1361 562 1424 ad
581 1360 873 1423 sustentationem
891 1368 1112 1438 nostrorum,
1134 1360 1194 1441 qui
1213 1362 1313 1425 multi
1333 1371 1447 1443 erant,

219 1468 318 1545 fieri,
345 1478 384 1531 ut
413 1458 570 1548 tempore
599 1466 853 1548 Apostolorum
880 1476 915 1530 et
938 1466 1038 1531 initio
1063 1468 1213 1532 aliarum
1237 1470 1448 1550 religionum

220 1576 354 1639 sactum
368 1586 456 1639 erat.
473 1576 647 1639 intellexit
663 1586 782 1639 autem
802 1574 955 1639 Ducissa
977 1575 1065 1639 haec
1087 1576 1132 1639 ab
1151 1594 1193 1641 eo
1213 1577 1283 1641 dici
1300 1586 1446 1658 propter

219 1664 330 1746 verba
349 1681 472 1755 Ducis,
494 1693 529 1746 et
549 1683 638 1747 dixit
662 1684 805 1765 probari
830 1683 897 1757 sibi
917 1684 1010 1763 quod
1029 1683 1066 1748 P.
1087 1683 1272 1749 Salmeron
1293 1686 1443 1765 dicebat,

219 1791 382 1871 quamvis
396 1790 488 1853 Duci
503 1790 604 1853 aliter
619 1790 735 1853 visum
750 1800 858 1870 esset;
875 1791 1021 1854 addens:
1047 1791 1190 1855 “meiius
1209 1800 1263 1855 est
1283 1801 1323 1856 ut
1343 1792 1446 1856 vobis

218 1898 369 1961 donetur
389 1915 495 1979 quarn
516 1897 617 1977 mihi,
640 1914 729 1978 quae
748 1896 832 1960 ludo
856 1898 977 1961 omnia
1001 1914 1276 1977 consumerem,.
1297 1900 1342 1963 Et
1363 1917 1445 1964 cum

217 2006 420 2085 exegissent
448 2022 527 2069 cum
555 2004 709 2069 Ducissa
737 2006 816 2085 pius
844 2022 951 2086 quam
980 2005 1068 2069 duas
1097 2007 1205 2069 horas
1228 2024 1271 2069 ac
1299 2005 1442 2071 domum

217 2111 416 2191 rediissent,
433 2113 579 2194 quidam
594 2131 614 2175 a
630 2110 783 2175 Ducissa
796 2113 925 2177 missus
938 2112 1147 2176 subsecutus
1162 2122 1226 2192 est,
1239 2114 1299 2194 qui
1315 2115 1442 2195 viginti

217 2236 346 2283 aureos
359 2218 397 2283 P.
414 2218 611 2283 Salmeroni
633 2220 749 2283 attulit
768 2220 813 2283 ad
833 2220 988 2301 aliquam
1007 2222 1272 2301 necessitatem,
1295 2238 1386 2302 quae
1406 2222 1442 2285 in

216 2326 342 2390 itinere
357 2327 389 2389 ei
404 2327 567 2391 accidere
581 2335 731 2407 poterat:
749 2325 811 2389 sed
825 2328 894 2406 ilie,
917 2343 996 2391 cum
1016 2329 1153 2392 videret
1167 2337 1370 2392 nostrorum
1383 2346 1442 2409 pe·

216 2434 355 2498 nuriam
369 2452 411 2497 eo
425 2435 461 2497 in
475 2433 647 2513 Collegio,
663 2434 729 2497 hos
743 2450 871 2497 aureos
886 2435 955 2498 iilis
968 2435 1127 2515 reliquit,
1143 2436 1288 2499 unicum
1303 2444 1442 2501 tantum

214 2542 371 2605 retinens
385 2550 425 2605 ut
438 2542 569 2621 aliquid
585 2543 629 2606 de
642 2542 801 2622 pecuniis
816 2540 990 2605 Ducissae
1005 2544 1232 2621 expenderet.

273 2648 344 2713 562.
388 2649 478 2714 Cum
492 2660 610 2714 autem
629 2647 666 2712 P.
687 2649 845 2730 ignatius
859 2650 1090 2716 intellexisset
1108 2669 1168 2729 ea,
1185 2668 1276 2733 quae
1287 2670 1317 2730 ,a
1339 2652 1440 2720 Duce

216 2758 311 2822 dicta
325 2758 479 2835 suerunt,
495 2759 646 2839 injunxit
661 2767 699 2822 ut
717 2759 835 2839 aliqua
853 2760 991 2822 ratione
1010 2761 1134 2824 melius
1156 2761 1347 2826 informare
1367 2763 1438 2828 Du·

216 2883 292 2930 cem
308 2864 490 2930 studeret³
506 2866 548 2929 de
562 2865 629 2944 hiS,
646 2883 737 2947 quae
756 2866 801 2928 ad
817 2865 1006 2930 Societatis
1027 2869 1202 2946 pertinent
1225 2868 1437 2950 institutum,

215 2991 258 3036 ac
284 2973 504 3052 nominatim,
530 2973 626 3054 quod
651 2973 775 3038 attinet
800 2974 844 3036 ad
870 2973 1078 3038 Moscherae
1103 2976 1341 3056 dotationem,
1367 2997 1440 3043 non

213 3082 309 3144 illam
324 3081 483 3144 sufficere
497 3081 543 3143 ad
558 3082 699 3144 tertiam
713 3089 916 3144 nostrorum
929 3090 1066 3160 partem
1082 3086 1361 3165 sustentandam,
1379 3089 1439 3168 qui

212 3185 387 3252 Simancis
401 3189 648 3252 versabantur.
669 3189 713 3252 Et
732 3189 782 3250 ita
802 3189 998 3253 instructus
1020 3199 1074 3253 est
1098 3207 1207 3270 eques
1225 3194 1284 3256 ille
1303 3194 1439 3258 amicus

211 3307 250 3359 ut
265 3295 404 3360 Ducem
419 3297 636 3360 admoneret.

269 3403 341 3467 563.
385 3401 454 3467 Sed
480 3421 561 3468 cum
585 3405 691 3484 paulo
717 3415 798 3486 post
819 3407 854 3469 in
875 3406 1008 3486 palatio
1022 3407 1213 3470 Ducissam
1228 3409 1341 3472 nostri
1354 3411 1436 3474 allo-

211 3519 415 3592 querentur,
443 3521 477 3574 et
501 3510 583 3574 Dux
609 3511 654 3574 ad
682 3530 761 3576 eam
787 3515 959 3592 venisset,
981 3515 1048 3577 hac
1069 3516 1258 3578 occasione
1278 3527 1437 3598 accepta,

211 3619 249 3682 P.
265 3620 471 3683 Ludovicus
486 3621 697 3683 eum·oravit
712 3630 750 3683 ut
765 3621 807 3683 de
829 3620 1018 3685 Societatis
1036 3631 1181 3685 nostrae
1196 3623 1358 3686 Instituto
1379 3627 1439 3687 ali·

210 3726 294 3806 quid
320 3727 441 3789 audire
465 3727 582 3789 vellet.
611 3726 749 3789 Tacens
775 3729 1031 3808 aliquantulum
1057 3727 1162 3808 Dua,
1188 3739 1311 3809 postea
1337 3731 1437 3795 dixit:

213 3835 399 3913 “quorsum
420 3833 519 3910 hici,
546 3833 669 3912 “Quia,
692 3834 803 3913 inquit
823 3833 860 3897 P.
882 3834 1101 3914 Ludovicus,
1123 3837 1245 3900 audivi
1264 3838 1373 3902 multa
1396 3839 1439 3902 de

210 3941 342 4004 nostris
370 3940 654 4020 hispaniensibus
682 3940 776 4003 dicta
803 3942 865 4004 tibi
889 3942 999 4005 fuisse
1024 3944 1135 4023 quod,
1161 3945 1317 4025 scilicet,
1345 3947 1437 4011 bona

248 4219 257 4253 ¹
288 4219 405 4264 Duorum
413 4226 513 4264 tantum
524 4221 555 4264 ad
568 4222 616 4264 hoc
627 4232 707 4274 usque
718 4227 819 4275 tempus
829 4221 968 4265 meminere
979 4221 1114 4273 historiae,
1129 4233 1219 4278 nempe
1235 4223 1322 4267 Patria
1337 4222 1437 4269 Claudii

206 4291 265 4346 lali,
277 4293 321 4347 qni
333 4291 517 4346 Trigestinum.
531 4299 557 4336 et
568 4293 656 4336 Patris
668 4293 738 4336 Petri
750 4291 855 4346 canisii,
867 4293 908 4347 qui
920 4293 1092 4337 Viennensem
1105 4295 1299 4349 Episcopaturn,
1308 4295 1357 4340 sibi
1369 4297 1438 4341 obla·

206 4375 262 4408 rum
273 4372 438 4408 recusarunt.
452 4365 483 4408 Ni
495 4365 561 4408 iorte
579 4366 611 4408 iis
626 4365 813 4408 annumerandi
822 4365 873 4408 sint
890 4365 942 4408 ΡΡ.
954 4364 1066 4418 Joannea
1076 4365 1163 4409 Nunc:
1178 4366 1303 4419 Barreto‚
1315 4365 1437 4413 lielclrior

207 4433 334 4478 Carnciro
345 4441 371 4478 et
383 4436 503 4480 Andreas
514 4436 544 4479 de
556 4434 663 4488 Oviedo,
675 4435 718 4491 qui
730 4447 793 4478 vere
804 4438 925 4480 nolentes
939 4442 965 4480 et
985 4438 1084 4481 nonnisi
1105 4435 1201 4481 Summi
1218 4437 1350 4482 Pontificis
1364 4450 1438 4494 prae·

206 4513 283 4561 cepto
294 4508 419 4561 compulsi
429 4507 603 4562 Episcopatus
613 4519 750 4561 accepere.

246 4579 257 4610 ²
286 4576 401 4633 Scilicet,
412 4579 463 4623 PP.
474 4579 585 4632 Jacobus
595 4579 700 4636 Laynez
712 4585 737 4622 et
748 4579 904 4624 Franclacus
914 4579 1022 4633 Borgia.

244 4647 258 4682 ὅ
286 4649 366 4694 Pater
378 4649 501 4694 videlicet
512 4649 658 4694 Ludovicus
667 4652 697 4694 de
709 4650 847 4707 Condreto,
858 4653 898 4696 cni
907 4652 937 4694 de
946 4653 995 4696 hac
1004 4663 1031 4696 re
1039 4658 1065 4697 et
1073 4653 1164 4698 iisdem
1172 4654 1321 4704 iereverbia
1330 4661 1435 4708 litterae

208 4723 286 4768 datae
297 4721 395 4766 11111180
404 4721 477 4779 Maii.
