3642 5350
774 414 840 474 Art·
862 415 934 478 1556
1414 416 1471 477 627
1577 455 1580 460 ,

222 556 468 636 auctoritatis,
485 566 732 638 contraquam
747 559 927 626 obstitisse
941 560 1128 626 Vicarium
1143 560 1365 642 praedictum
1386 577 1470 625 con·

224 664 363 727 stabat.

291 769 382 836 2699.
425 769 465 835 Id
484 781 603 836 autem
623 773 776 851 innotuit
796 774 866 838 hac
887 775 1036 840 ratione.
1062 774 1244 841 Evocatus
1263 775 1330 840 suit
1344 775 1383 841 P.
1401 775 1469 840 Ta·

229 878 365 958 blares,
390 896 433 943 eo
458 887 617 960 ternpore
638 897 708 961 quo
733 883 847 944 nostri
867 880 1157 962 Caesaraugusta
1183 891 1424 962 recesserant,
1448 901 1468 948 a

228 983 426 1050 ·Comitissa
438 983 666 1066 Rivagorzae
679 987 687 1016 ¹
701 1003 783 1052 cum
802 1005 872 1068 qua
887 988 1034 1069 quidam
1048 988 1220 1054 sacerdos
1235 998 1330 1069 erat,
1347 989 1408 1070 qui
1420 989 1468 1053 di·

230 1093 289 1156 xit
302 1109 341 1156 se
352 1092 486 1173 aliquot
498 1093 662 1158 noctibus
673 1094 830 1158 dormire
841 1105 902 1159 aut
914 1098 1167 1178 conquiescere
1179 1096 1322 1161 minime
1335 1098 1468 1178 potuis·

228 1216 285 1274 se,
302 1199 415 1262 donec
430 1199 581 1264 referret
597 1200 682 1280 quid
701 1210 824 1265 nostro
843 1202 879 1265 in
898 1203 1043 1283 negotio
1064 1213 1248 1283 ageretur:
1271 1221 1310 1268 se
1329 1204 1471 1285 quidem

228 1305 467 1369 secretarium
481 1322 560 1369 esse
575 1305 858 1388 Archiepiscopi,
881 1319 917 1373 et
938 1319 1061 1373 omnes
1081 1310 1327 1390 expeditiones
1345 1317 1471 1375 contra

230 1409 447 1476 Societatem
473 1431 537 1493 per
562 1412 638 1493 ejus
662 1431 789 1478 manus
815 1416 1012 1495 transiisse;
1039 1426 1074 1481 et
1099 1417 1257 1480 omnium
1282 1419 1469 1496 malorum,

226 1537 325 1601 quae
340 1529 466 1583 contra
481 1519 697 1586 Societatem
712 1531 849 1586 tentata
865 1524 1017 1603 fuerant,
1030 1523 1208 1588 Abbatem
1220 1524 1398 1590 Veruelae
1410 1542 1470 1588 au·

230 1636 370 1691 ctorem
385 1643 475 1707 esse,
491 1644 598 1708 aquo
613 1627 915 1710 Archiepiscopus
929 1648 968 1694 se
983 1629 1061 1711 regi
1076 1631 1225 1694 sinebat.

293 1733 386 1797 2700.
429 1733 519 1798 Cum
534 1744 654 1799 autem
668 1735 759 1799 haec
773 1735 887 1800 lusius
902 1737 941 1800 P.
957 1736 1130 1800 Tablares
1145 1737 1389 1818 intellexisset,
1412 1755 1470 1802 cu·

230 1843 332 1905 ravit
344 1834 388 1905 ut'
398 1841 560 1921 Proregi
575 1842 694 1906 omnia
709 1842 798 1906 haec
813 1851 952 1907 secreto
966 1843 1112 1923 diceret,
1129 1844 1226 1925 quod
1241 1853 1274 1908 et
1289 1845 1385 1908 fecit.
1404 1844 1468 1910 Pa·

235 1960 291 2012 ter
306 1957 425 2012 autem
438 1948 611 2013 Tablares
626 1949 757 2024 omnia,
771 1966 862 2030 quae
873 1951 1073 2031 oportebat,
1086 1951 1220 2032 scripto
1232 1951 1468 2032 concipiebat,

229 2065 271 2119 et
286 2056 411 2119 eadem
426 2053 494 2118 Pro
509 2073 575 2120 rex
589 2055 834 2119 subscribebat
855 2066 889 2120 et
907 2057 954 2122 ad
974 2058 1111 2122 curiam
1133 2058 1311 2138 mittebat;
1334 2066 1369 2122 et
1389 2076 1470 2124 cum

236 2161 406 2242 Princeps
419 2161 559 2245 Joanna
573 2161 697 2242 fusius,
714 2162 891 2243 quomodo
906 2181 985 2228 sese
1001 2182 1059 2227 res
1072 2164 1281 2230 habuissent
1296 2165 1343 2229 ad
1357 2183 1397 2229 se
1417 2183 1468 2230 re·

231 2267 321 2333 ferri
332 2267 506 2349 jussisset,
523 2278 557 2332 et
572 2286 643 2332 non
659 2285 764 2350 posse
779 2270 922 2350 scriptis
942 2271 1116 2334 committi
1138 2271 1384 2351 intellexisset,
1406 2271 1470 2336 Pa·

235 2387 328 2440 trem
345 2376 519 2440 Tablares
537 2376 596 2438 illa
616 2377 819 2455 accersivit,
843 2394 864 2439 a
886 2395 955 2458 quo
970 2377 1153 2464 ¹intellexit
1174 2397 1245 2442 non
1272 2380 1388 2443 solum
1413 2396 1469 2458 ea,

229 2501 327 2564 quae
342 2482 387 2546 ad
402 2464 627 2561 Societatem,
644 2483 708 2547 sed
722 2484 766 2547 de
780 2484 836 2548 his
851 2477 970 2565 etiam‘,
984 2461 1075 2566 quae
1091 2483 1137 2548 ad
1152 2483 1221 2550 Dei
1233 2486 1420 2550 servitium
1435 2497 1470 2549 et

235 2590 361 2670 regiae
375 2589 574 2669 Majestatis
588 2591 824 2670 pertinebant.

295 2696 385 2761 2701.
430 2697 531 2761 Tunc
546 2697 715 2778 Princeps
726 2697 830 2778 jussit
845 2708 1023 2764 utcontra
1045 2700 1366 2781 Archiepiscopum
1387 2717 1468 2781 pro-

237 2806 436 2881 cederetur,
456 2806 549 2869 bona
570 2806 777 2885 temporalia
797 2808 842 2870 ab
862 2826 904 2871 eo
926 2808 1134 2885 auferend0,
1155 2818 1190 2872 et
1210 2808 1385 2872 Abbatem
1408 2824 1469 2871 vo·

231 2912 370 2989 cando,
401 2921 439 2975 ut
467 2913 532 2976 sub
559 2913 732 2992 gravibus
765 2915 890 2993 poenis
925 2933 963 2978 se
997 2925 1222 2996 praesentem
1258 2915 1400 2978 sisteret
1434 2914 1470 2977 in

234 3020 351 3082 curia.

296 3125 389 3189 2702.
433 3125 561 3190 Statim
576 3127 685 3207 aliqui
702 3144 870 3206 proceres
884 3126 930 3190 ad
953 3126 1154 3209 Principem
1168 3138 1413 3209 accurrerunt,
1437 3137 1472 3193 et

231 3250 301 3314 pro
315 3233 596 3314 Archiepiscopo
610 3243 646 3297 et
657 3232 733 3314 ejus
748 3234 895 3298 Vicario
910 3236 1171 3315 supplicarunt;
1188 3237 1251 3300 sed
1266 3235 1470 3301 advocabat

232 3350 376 3405 secreto
402 3340 545 3404 Patrem
568 3341 740 3405 Tablares
765 3340 946 3422 Princeps
973 3351 1113 3407 etcum
1139 3344 1287 3408 referret
1313 3343 1472 3425 Principi

233 3465 328 3528 quae
343 3466 388 3511 ex
403 3449 529 3512 litteris
548 3449 733 3511 secretarii
752 3448 925 3529 praedicti
941 3449 987 3512 ad
1003 3466 1041 3513 se
1061 3450 1179 3515 missis
1195 3459 1402 3531 acceperat,
1423 3451 1471 3514 in·

236 3566 455 3618 tercessores
470 3555 531 3633 illi,
544 3555 638 3636 quod
654 3556 832 3633 volebant,
849 3556 992 3620 minime
1009 3557 1257 3637 impetrarunt.

298 3661 388 3725 2703.
432 3662 531 3726 Haec
546 3662 743 3741 indignatio
766 3661 939 3742 Principis
958 3662 1075 3727 effecit
1096 3673 1134 3727 ut
1155 3666 1287 3743 nostri,
1308 3672 1348 3727 ut
1366 3680 1469 3745 prae·

234 3769 406 3847 diximus,
423 3769 616 3833 honorifice
630 3779 899 3849 revocarentur;
917 3788 982 3834 nec
997 3781 1116 3834 tamen
1131 3772 1239 3835 etiam
1254 3780 1338 3836 tunc
1354 3773 1473 3852 placa·

237 3878 272 3941 ri
286 3878 399 3958 potuit
414 3876 583 3957 Princeps
598 3885 724 3940 contra
738 3876 927 3956 Abbatem,
945 3878 988 3941 de
1003 3897 1072 3959 quo
1084 3880 1308 3943 intellexerat
1321 3896 1342 3942 a
1353 3878 1393 3942 P.
1406 3877 1473 3941 Ta·

239 3984 360 4047 blares
379 3983 484 4065 quod,
501 3983 585 4047 dum
607 3994 701 4047 esset
723 3983 1044 4064 Caesaraugustae,
1062 4003 1134 4049 non
1154 3996 1295 4067 poterat
1315 3983 1476 4050 Societas

236 4099 344 4154 notra
359 4090 395 4154 in
410 4090 596 4169 Aragonia
612 4090 752 4154 radices
767 4107 888 4171 agere.

299 4196 391 4260 2704.
434 4198 662 4278 Imperatoris
681 4197 789 4262 etiam
809 4198 957 4262 servitio
978 4200 1170 4264 convenire
1192 4197 1376 4281 [Princeps
1397 4218 1472 4264 sen·

237 4302 362 4387 tiebat]
382 4315 420 4369 ut
440 4306 486 4368 ad
507 4322 610 4368 suum
630 4306 885 4369 monasterium
903 4306 962 4368 ille
983 4305 1126 4371 rediret.
1149 4305 1201 4371 Ne
1221 4315 1340 4371 autem
1363 4309 1476 4372 nostri

284 4582 293 4616 ¹
321 4582 457 4628 Ludovlca
466 4583 497 4627 de
508 4582 596 4638 Borja,
606 4594 683 4638 quae,
691 4587 721 4626 ut
736 4558 825 4627 notum
839 4590 887 4635 eet,
900 4582 949 4627 Sti.
964 4582 1100 4629 Francisci
1114 4596 1189 4629 soror
1204 4566 1330 4641 germana
1345 4590 1412 4637 erat,
1429 4596 1480 4629 non

241 4654 327 4700 minua
336 4656 434 4711 pietate
443 4666 476 4700 ac
487 4654 600 4699 moribus
611 4665 689 4711 qnam
699 4656 832 4709 sunnine.
