3642 5350
356 400 417 483 s'tu
820 419 949 482 Cunna.
967 417 1046 481 Soc.
1065 416 1140 496 Jrs.

421 566 511 633 1262.
552 566 664 633 Multa
687 568 794 634 etlam
818 568 912 633 mala
930 568 1091 649 exempla
1110 556 1262 632 domiin
1279 566 1355 631 suis
1379 566 1586 647 parentibus

358 673 526 741 videbant
539 684 575 741 et
589 674 830 742 addiscebant.
844 674 1044 757 Sperabam
1053 675 1282 740 nihilominus
1295 674 1410 740 nostri
1422 674 1518 737 hanc
1531 692 1588 739 ra·

358 782 491 848 tionem
508 783 745 849 instituendae
756 782 964 865 juventutis,
971 799 1051 846 non
1063 791 1202 846 tantum
1215 782 1262 847 ad
1276 781 1584 860 scholasticorum,

358 887 422 954 sed
436 890 544 956 etiarn
557 890 603 955 ad
616 900 803 972 parentum
817 908 860 955 ac
874 890 982 955 totius
993 888 1091 954 urbis
1104 890 1237 954 bonum
1247 888 1536 968 redundaturum
1549 896 1584 952 et

358 995 438 1061 ideo
453 995 490 1061 P.
506 996 730 1063 Eleutherins
742 996 933 1078 quamdam
946 1014 991 1061 ex
1004 995 1134 1061 infimis
1147 995 1290 1075 scholis,
1306 996 1389 1059 licet
1403 994 1534 1059 Rector
1548 1004 1584 1059 et

358 1104 588 1170 concionator
601 1115 707 1185 esset,
723 1105 790 1168 sibi
803 1102 947 1184 delegit,
962 1112 1002 1167 ut
1015 1120 1146 1185 pueros
1156 1103 1308 1183 legendo
1320 1111 1356 1167 et
1369 1102 1584 1167 scholastica

359 1211 612 1277 exercitatione
632 1214 821 1277 excoleret.

421 1318 510 1383 1263.
551 1319 597 1383 Et
620 1318 770 1383 affirmat
795 1319 978 1383 auditores
996 1336 1119 1383 omnes
1140 1335 1220 1383 eam
1239 1319 1336 1383 vitae
1355 1319 1586 1383 mutationem

358 1425 497 1505 secisse,
512 1433 636 1490 utnon
651 1426 700 1489 illi
714 1427 831 1505 iidem,
847 1428 909 1491 sed
925 1426 985 1490 alii
999 1425 1221 1506 videreutnr;
1237 1428 1404 1507 quamvis
1418 1425 1511 1489 inter
1526 1442 1588 1490 eos

298 1596 304 1610 ,
358 1532 466 1614 aliqui
480 1540 597 1614 erant,
614 1550 703 1615 quos
718 1536 727 1571 ¹
742 1551 808 1597 nec
823 1543 989 1615 parentes
1003 1535 1159 1614 ipsorum
1180 1551 1247 1598 nec
1262 1534 1411 1615 ipsemet
1429 1534 1466 1596 in
1485 1532 1588 1597 initio

358 1657 420 1703 eos
444 1637 456 1671 ⁸
480 1656 595 1721 aequo
614 1641 732 1705 animo
753 1642 957 1705 tolerarent.
982 1641 1120 1705 Placuit
1140 1650 1261 1705 tamen
1283 1640 1440 1705 Domino
1465 1656 1588 1705 comm

359 1747 471 1812 corda
481 1757 516 1812 et
527 1764 644 1812 mores
655 1749 692 1811 in
703 1748 827 1813 melius
840 1749 1039 1828 immutare,
1052 1749 1198 1813 etmulti
1210 1746 1285 1828 jam
1297 1766 1343 1811 ex
1353 1747 1459 1812 eisad
1470 1746 1586 1813 Socie-

358 1864 468 1920 tatem
481 1854 698 1937 aspirabant,
714 1856 806 1920 inter
820 1873 909 1936 quos
924 1855 992 1920 duo
1007 1873 1053 1920 ex
1067 1856 1285 1920 doctioribus
1301 1864 1336 1919 et
1350 1857 1468 1937 magis
1490 1856 1587 1936 inge·

358 1960 469 2027 niosis
483 1962 558 2045 ejus
572 1961 728 2042 scholae,
741 1971 776 2027 et
787 1963 912 2026 tertius
923 1980 968 2026 ex
979 1964 1050 2027 alia
1061 1962 1215 2044 quadarn
1230 1961 1366 2042 schola,
1382 1962 1541 2027 moribus
1552 1972 1587 2026 et

359 2068 520 2133 doctrina
534 2072 687 2135 caeteris
701 2070 953 2151 praestantior,
969 2070 1062 2134 idem
1076 2071 1230 2151 petebat.

421 2176 509 2241 1264.
553 2176 794 2242 Addiscebant
810 2188 929 2242 autem
944 2179 1033 2242 satis
1047 2178 1197 2241 feliciter
1207 2177 1413 2241 scholastici
1426 2177 1586 2241 christia·

357 2300 442 2349 nam
461 2282 671 2365 doctrinam,
687 2294 723 2349 et
743 2302 806 2367 per
825 2286 905 2349 vias
920 2285 1082 2366 publicas
1095 2300 1176 2348 cum
1196 2284 1413 2349 audientium
1427 2286 1585 2349 consola·

358 2391 454 2455 tione
479 2408 558 2456 eam
583 2391 838 2472 decantabant;
864 2400 898 2456 et
922 2392 997 2456 sere
1021 2391 1072 2456 illi
1095 2409 1229 2470 omneS,
1255 2392 1316 2473 qui
1340 2392 1387 2456 ad
1411 2390 1587 2456 decimum

320 2576 325 2585 ,
357 2508 524 2581 quartum
545 2517 677 2564 annum
696 2510 756 2564 aut
776 2500 951 2564 decimum
971 2500 1132 2582 quintum
1148 2500 1382 2577 accedebant,
1403 2509 1485 2581 post
1507 2517 1587 2562 con·

356 2605 545 2671 sessionem
559 2608 822 2672 sanctissimum
834 2608 967 2672 Christi
981 2625 1111 2690 corpus
1126 2608 1254 2671 devote
1268 2606 1503 2688 accipiebant.

420 2715 506 2780 1265.
550 2714 640 2780 Cur‘n
654 2724 772 2780 autem
787 2717 895 2797 aliqui
909 2717 1210 2797 percontabantur
1229 2715 1294 2780 hos
1314 2731 1444 2797 pueros
1463 2733 1509 2778 an
1526 2714 1588 2779 ali·

358 2841 428 2904 qua
441 2831 601 2903 peccata,
614 2820 756 2901 jurandi
770 2832 806 2887 et
818 2824 888 2886 alia
900 2824 1008 2887 etiam
1019 2823 1155 2904 pej0ra,
1167 2831 1426 2904 perpetrarent,
1439 2840 1478 2886 se
1491 2831 1588 2904 post·

357 2947 464 3011 quam
478 2930 524 2994 ad
541 2931 683 2994 scholas
703 2940 844 2994 nostras
863 2931 1061 3016 venissent,
1085 2929 1229 2994 omnino
1250 2930 1425 2994 immunes
1440 2929 1588 2994 affirma·

358 3038 455 3104 bant.

420 3144 507 3210 1266.
550 3144 689 3210 Auctus
712 3157 831 3210 autem
850 3146 973 3210 fuisset
994 3162 1164 3209 numerus
1187 3144 1234 3209 ad
1257 3145 1428 3209 ducentos
1453 3155 1488 3208 et
1512 3161 1588 3208 am·

272 3246 277 3259 '
359 3253 470 3334 pliuS,
487 3253 555 3317 nisi
569 3270 689 3317 rumor
704 3253 847 3334 quidam
860 3253 972 3317 falsus
982 3252 1019 3316 id
1034 3252 1263 3333 impediisset.
1284 3251 1354 3316 Hic
1373 3261 1491 3317 autem
1512 3261 1590 3316 erat

359 3376 506 3441 sparsus
521 3376 542 3423 a
559 3359 767 3441 quibusdam
781 3360 1039 3440 ludimagistris
1059 3369 1094 3424 et
1108 3359 1373 3438 sacerdotibus,
1394 3359 1506 3441 quod,
1522 3360 1588 3424 sci·

358 3467 452 3544 licet,
479 3467 610 3546 nostri,
636 3476 716 3547 post
734 3483 892 3531 mensem
918 3465 1123 3547 Augustum
1141 3484 1163 3529 a
1189 3466 1340 3546 singulis
1365 3467 1588 3531 scholasticis

359 3591 479 3653 unum,
495 3573 601 3652 du05,
623 3583 683 3637 aut
698 3583 771 3638 tres
785 3574 924 3638 modios
937 3573 1121 3652 frumenti,
1137 3583 1173 3637 et
1192 3589 1301 3637 unum
1323 3575 1380 3637 vel
1402 3574 1473 3638 dua
1493 3574 1588 3639 dolia

359 3679 449 3760 vini,
478 3681 653 3762 quaedam
677 3682 785 3744 etiam
808 3682 975 3745 animalia
1000 3679 1012 3711 ⁸
1033 3679 1136 3761 J'uxta
1166 3689 1352 3762 parentum
1381 3681 1587 3746 facultatem

359 3795 478 3852 essent
493 3789 690 3870 accepturi,
706 3797 758 3868 et,
774 3789 805 3852 si
819 3790 899 3868 quis
911 3789 1206 3852 scholasticorum
1220 3801 1431 3868 moreretur,
1443 3789 1585 3854 tertiam

358 3904 497 3977 partem
511 3894 685 3960 bonorum
700 3895 850 3975 Collegii
863 3895 985 3959 usibus
1000 3894 1248 3978 applicandam
1264 3912 1354 3959 esse.

421 4002 509 4067 1267.
552 4001 596 4067 Et
615 4002 704 4066 haec
719 4001 825 4082 laima,
842 4018 914 4067 non
933 4003 1098 4066 salumin
1118 4002 1248 4066 animis
1261 4002 1514 4067 Bibonensium
1536 4003 1587 4066 in·

358 4109 430 4174 lixa
446 4119 539 4188 erat,
555 4110 619 4174 sed
633 4110 679 4174 ad
693 4111 772 4174 loca
793 4109 1082 4192 circumJacentia
1105 4127 1183 4174 sese
1205 4109 1430 4185 extenderat3
1448 4120 1483 4174 et
1505 4109 1586 4175 ideo

357 4217 499 4300 plurimi
514 4235 597 4280 suos
611 4217 701 4281 filios
716 4217 761 4281 ad
776 4218 921 4283 scholas
935 4218 1074 4282 mittere
1088 4234 1160 4281 non
1174 4215 1363 4282 audebant.
1386 4215 1465 4281 Non
1480 4217 1585 4298 pauci

399 4461 408 4495 ¹
434 4461 572 4517 Ma.quod.

396 4532 408 4566 ¹
436 4531 487 4585 slot
498 4543 542 4578 eos
553 4538 641 4577 tamen
650 4532 797 4579 redundare
807 4533 924 4579 rldetnr.

398 4605 410 4638 ⁸
436 4605 528 4661 ignota
536 4604 662 4660 quaedam
670 4615 768 4658 manns,
776 4605 821 4649 aed
829 4611 901 4650 certo
911 4605 1028 4660 antiqua,
1035 4607 1125 4651 subter
1133 4618 1210 4652 voces
1218 4606 1352 4665 quaedam
1361 4607 1444 4655 elt'attt
1452 4605 1586 4653 animalia

358 4677 453 4730 ltaeun
462 4677 536 4724 duxlt
543 4681 570 4719 et
580 4676 762 4738 superscrlpslt
774 4675 847 4737 haec,
859 4677 929 4724 duas
939 4679 1029 4725 tresve
1039 4687 1111 4727 oues.
