3642 5350
328 382 382 446 tet
785 382 913 445 Canon.
933 381 1011 444 Soc.
1030 382 1102 456 Jas.

383 528 455 593 671.
499 528 610 593 Filius
638 538 768 609 autem,
795 529 907 611 largis
935 525 1247 609 pollicitationibus
1271 533 1391 605 utens,
1417 535 1454 592 et
1481 524 1557 606 ejus

324 635 431 700 etiam
446 624 713 715 consanguinei,
730 636 837 699 immo
853 644 888 699 et
902 644 977 701 tota
993 634 1122 700 civitas
1132 633 1281 697 multum
1295 631 1556 699 aedificationis

325 743 476 824 accepit,
493 742 598 823 quod,
616 758 697 806 cum
711 742 808 806 fama
829 751 924 807 esset
942 749 1084 807 nostros
1102 739 1225 804 fovere
1244 739 1336 804 inter
1356 748 1505 803 matrem
1520 749 1556 804 et

288 854 293 867 '
325 849 434 915 filium
445 849 672 928 discordiam,
686 852 744 913 vel
754 849 831 930 ejus
842 866 923 915 esse
934 864 1094 925 causam,
1104 847 1244 914 othone
1255 846 1367 927 ipsius
1375 845 1555 912 Violantis

326 957 536 1037 obtinerent,
551 973 632 1021 cum
648 956 947 1035 animadvertunt,
963 954 1058 1037 quod
1072 973 1118 1019 ne
1130 952 1275 1019 bbolum
1286 952 1429 1034 quidem
1442 952 1555 1020 Colle·

324 1064 385 1143 gio
398 1063 591 1144 reliquerit,
607 1078 665 1127 res
679 1079 828 1145 prorsus
843 1062 1008 1128 miranda
1022 1070 1057 1126 et
1077 1060 1334 1127 aedificationis
1351 1061 1454 1140 plena
1468 1059 1557 1141 ipsis

325 1171 405 1234 visa
419 1177 484 1249 est,
505 1179 540 1235 et
560 1186 642 1235 cum
663 1171 789 1235 melius
808 1170 853 1234 sit
874 1171 1007 1235 honum
1027 1186 1157 1235 nomen
1177 1185 1285 1250 quam
1304 1167 1451 1233 divitiae
1470 1167 1555 1231 mul-

325 1287 382 1341 tae
398 1274 421 1355 ¹,
437 1292 630 1356 numquam
644 1276 730 1341 facti
744 1276 849 1357 hujus
863 1276 1036 1355 poenituit
1049 1276 1090 1341 P.
1106 1276 1290 1352 Palmium,
1307 1284 1344 1339 et
1357 1274 1394 1337 in
1411 1274 1486 1337 dies
1500 1272 1556 1337 sui

324 1384 474 1463 Collegii
489 1382 732 1447 fundationem
746 1383 816 1447 alia
832 1384 993 1448 suaviori
1003 1384 1142 1448 ratione
1153 1390 1426 1447 consecuturam
1437 1396 1557 1461 spera·

325 1491 397 1569 bat,
414 1500 450 1555 et
464 1490 557 1554 bona
572 1491 712 1555 interim
726 1492 987 1557 existimatione
1008 1500 1043 1554 et
1059 1490 1169 1555 odore
1183 1506 1227 1553 ea
1240 1488 1284 1553 de
1299 1504 1410 1553 causa
1428 1502 1558 1568 sparso

322 1596 517 1661 fruebatur.

362 1701 435 1765 672.
476 1701 636 1767 Venerat
660 1713 779 1767 autem
798 1703 844 1767 ad
867 1704 1091 1784 praedictum
1111 1702 1244 1785 Julium
1269 1701 1462 1767 Caesarem
1486 1700 1555 1765 Go-

278 1824 282 1834 ·
324 1810 488 1873 zadiuum
517 1810 667 1873 ecclesia
695 1807 779 1873 83⁸⁰
806 1810 940 1875 Luciae
963 1828 1030 1891 per
1055 1818 1206 1876 mortem
1233 1808 1406 1892 praedicti
1431 1807 1554 1871 Hiero·

323 1917 423 1997 nymi
436 1917 458 1994 ¹,
476 1925 510 1979 et
527 1934 599 1979 non
614 1919 728 1982 solum
748 1916 823 1997 ejus
845 1934 951 1983 usum
970 1916 1130 1997 Collegio
1149 1918 1302 1999 reliquit,
1324 1923 1429 1997 prout
1444 1914 1555 1979 Colle·

323 2023 423 2103 glum
438 2022 537 2103 prius
551 2022 736 2101 habuerat,
752 2020 816 2088 s'ed
829 2032 869 2088 ut
883 2034 1131 2104 perseveraret
1146 2023 1185 2088 Ρ.
1198 2022 1388 2087 Rectorem
1398 2021 1556 2102 rogavit,

327 2138 362 2193 et
379 2129 614 2209 eleemosynis
629 2130 737 2194 etiam
751 2147 832 2195 eum
853 2129 1005 2210 adjuvit,
1029 2131 1192 2212 quamvis
1211 2131 1247 2195 in
1267 2129 1411 2210 reliquis
1429 2128 1559 2193 matris

324 2235 502 2299 voluntati
517 2252 588 2299 non
603 2252 821 2318 magnopere
835 2237 1021 2302 satisfecit.

380 2342 453 2407 673.
496 2341 668 2422 Quamvis
683 2352 892 2425 paupertate
905 2344 1133 2425 premebatur
1144 2342 1344 2423 Collegium
1358 2342 1556 2407 Bononien-

323 2466 374 2529 se,
390 2449 549 2531 hospites
564 2450 791 2515 nihilominus
803 2450 1005 2531 Societatis,
1021 2452 1083 2533 qui
1101 2453 1195 2517 ultro
1215 2451 1375 2531 citroque
1393 2448 1558 2530 frequen-

321 2566 376 2620 ter
392 2564 428 2621 et
442 2556 543 2620 multi
557 2556 640 2621 illac
654 2558 870 2638 transibant,
888 2559 1088 2623 humaniter
1106 2574 1246 2639 semper
1267 2557 1409 2638 excepit
1428 2566 1463 2624 et
1484 2565 1554 2621 tra·

321 2663 445 2728 ctavit.

379 2769 452 2834 674.
495 2769 535 2834 In
549 2769 640 2834 festo
656 2769 821 2836 Omnium
844 2770 1056 2838 Sanctorum
1073 2774 1235 2839 sexcenti
1252 2773 1327 2838 fere
1342 2774 1379 2837 in
1401 2771 1553 2839 ecclesia

324 2875 407 2942 ΒΨ
429 2877 562 2944 Luciae
576 2877 671 2957 apud
686 2887 828 2942 nostros
842 2879 1160 2946 communicarunt.

380 2983 451 3046 675.
495 2983 606 3048 Facta
621 2993 674 3048 est
688 2985 796 3049 etiam
810 2985 1008 3050 studiorum
1023 2986 1221 3067 renovatio,
1237 2987 1360 3067 inqua
1373 2985 1554 3053 Sebastia-

320 3107 388 3156 nus
398 3089 832 3172 praedictus³orationem
842 3093 966 3158 hahuit
976 3093 1207 3173 praefationis
1217 3094 1341 3160 locoin
1352 3093 1555 3162 orationem

320 3197 514 3278 quamdam
530 3196 724 3278 Ciceronis,
741 3216 848 3280 quam
862 3200 1104 3282 explicaturus
1119 3211 1207 3280 erat3
1223 3210 1260 3266 et
1274 3210 1348 3266 tam
1356 3199 1483 3277 docte,
1500 3214 1555 3263 ar·

321 3313 419 3384 gute,
445 3312 480 3368 et
506 3305 660 3386 copiose,
682 3315 716 3370 et
735 3315 836 3372 tanta
856 3323 937 3371 cum
955 3307 1169 3373 auctoritate
1187 3325 1252 3372 suo
1271 3306 1386 3372 officio
1411 3306 1559 3372 functus

321 3421 389 3490 est,
406 3421 444 3476 ut
460 3410 639 3476 auditores
659 3429 877 3494 magnopere
892 3414 1170 3489 admirarentur;
1193 3424 1229 3480 et
1247 3431 1327 3480 cum
1347 3413 1555 3479 recessisset

247 3533 250 3542 ’
321 3517 418 3598 Mag.
436 3517 652 3584 Franciscus
665 3518 785 3600 Scipio
800 3531 838 3584 ut
852 3520 937 3585 alibi
957 3520 1058 3586 daret
1071 3522 1200 3586 litteris
1214 3537 1372 3603 operam,
1389 3527 1464 3584 tota
1478 3518 1553 3584 fere

321 3625 523 3691 litterarum
537 3625 777 3692 docendarum
792 3628 1008 3692 existimatio
1022 3645 1069 3693 ex
1082 3629 1180 3708 Mag.
1202 3626 1412 3694 Sebastiano
1425 3625 1555 3707 pende·

323 3731 395 3812 bat,
411 3731 507 3814 quod
522 3732 568 3797 ad
583 3731 781 3812 Collegium
800 3733 1024 3800 Bononiense
1042 3736 1180 3800 attinet.
1201 3733 1415 3800 Scholastici
1435 3745 1556 3799 tamen

323 3840 415 3904 ultra
435 3839 661 3921 septuaginta
683 3839 837 3923 quinque
855 3841 1044 3923 posthanc
1058 3843 1329 3909 renovationem
1343 3857 1415 3908 non
1430 3856 1551 3904 ascen·

323 3945 463 4012 derunt.
1382 4004 1385 4011 .
1430 4012 1434 4018 ,

380 4051 453 4117 676.
496 4052 717 4120 Duodecima
730 4053 938 4120 Decembris
955 4053 1067 4137 [obiit]
1081 4055 1254 4120 Dominus
1269 4056 1427 4139 Joanues
1438 4052 1559 4133 Bapti-

320 4169 377 4224 sta
393 4160 516 4240 Lilius,
538 4161 599 4242 qui
620 4178 666 4226 ex
680 4161 883 4243 praecipuis
903 4163 1029 4227 amicis
1042 4172 1077 4227 et
1090 4163 1372 4228 benefactoribus
1384 4168 1461 4226 erat
1475 4157 1559 4236 (Do-

329 4343 541 4356 —.-..—

362 4469 370 4502 ¹
399 4469 476 4515 Prov.
487 4483 550 4526 xxu,
559 4474 578 4516 1.

361 4539 374 4574 ¹
400 4541 659 4598 vicesimanus.

360 4611 372 4644 ⁸
402 4611 498 4669 Supra,
509 4623 535 4658 n.
544 4613 594 4660 667.
