3642 5350
774 445 838 502 aa.
859 444 930 503 mv>
1010 525 1012 532 Α
1411 443 1467 504 ors

234 597 530 670 proponerentur,
543 605 615 652 non
627 587 742 651 solum
753 605 815 650 eas
830 587 995 668 discipuli
1005 588 1255 668 observabant,
1269 588 1331 652 sed
1342 605 1466 654 eorum

235 703 404 776 parentes
418 711 587 776 magnam
607 711 714 758 exeo
735 692 1017 758 aedificationem
1037 694 1237 775 capiebant.
1257 693 1302 759 Et
1319 695 1386 760 sub
1403 695 1466 760 ini-

237 805 326 867 tium
340 801 426 882 Maji
440 802 647 866 scholastici
662 799 823 863 confiteri
842 801 1044 881 voluerunt,
1054 811 1096 864 ¹et
1110 801 1251 883 ipsimet
1265 802 1300 865 id
1314 803 1467 884 postula·

237 919 333 988 runt;
345 926 416 990 qua
428 925 467 973 re
479 908 567 972 nihil
581 907 697 988 magis
710 907 918 970 inusitatum
930 925 972 972 ea
984 908 1020 971 in
1032 909 1178 986 regione
1190 908 1304 973 audiri
1315 918 1467 990 poterat;

237 1027 273 1080 et
294 1016 344 1080 ita
364 1015 524 1080 nonnulli
547 1014 801 1078 existimabant
820 1013 857 1077 in
876 1013 1022 1078 Gallitia
1045 1032 1125 1078 earn
1144 1016 1304 1095 regulam
1325 1034 1345 1079 a
1366 1015 1468 1080 scho-

238 1123 374 1188 lasticis
386 1140 458 1186 non
477 1139 556 1186 esse
571 1121 847 1185 observandam.

296 1229 390 1294 2653.
438 1230 606 1294 Accessit
621 1227 748 1291 deinde
761 1227 941 1292 secundus
958 1229 1082 1308 lector,
1098 1237 1132 1292 et
1147 1244 1316 1294 numerus
1334 1229 1470 1294 schola·
1497 1269 1500 1278 -

237 1339 410 1404 sticorum
425 1336 471 1400 ad
492 1336 679 1416 octoginta
699 1335 800 1399 initio
819 1335 916 1419 Junii
933 1336 1179 1417 perveniebat,
1202 1337 1264 1417 qui
1284 1353 1408 1402 omnes
1425 1336 1470 1400 ad

237 1462 400 1526 unguem
412 1444 558 1524 regulas
573 1459 697 1507 omnes
717 1442 970 1507 observabant.
987 1443 1129 1508 Tertius
1143 1443 1269 1509 deinde
1284 1445 1394 1509 lector
1414 1462 1469 1508 ac·

238 1553 360 1629 cessit,
374 1569 456 1617 cum
468 1567 637 1615 numerus
648 1550 945 1614 scholasticorum
957 1559 1145 1630 cresceret,
1160 1551 1271 1632 quiin
1282 1551 1472 1616 virtutibus

239 1661 327 1725 etin
342 1660 544 1724 eruditione
558 1674 710 1738 magnos
724 1673 939 1738 progressus
951 1655 1142 1738 faciebant,
1159 1667 1194 1722 et
1207 1658 1284 1739 ipso
1301 1659 1358 1722 die
1375 1657 1472 1722 Nati·

238 1767 362 1833 vitatis
375 1765 437 1831 S.²¹
456 1766 607 1850 Joannis
619 1765 803 1846 Baptistae
823 1773 897 1828 tres
916 1765 1096 1829 orationes
1114 1764 1257 1829 habitae
1274 1765 1416 1830 fuerunt
1435 1766 1471 1828 in

239 1874 423 1955 Baptistae
442 1883 477 1938 et
494 1872 748 1954 Evangelistae
767 1871 921 1950 laudem,
942 1889 1033 1950 quae
1050 1873 1170 1937 multis
1188 1872 1277 1936 viris
1296 1873 1418 1953 peritis
1438 1880 1472 1936 et
1542 1937 1550 1954 ,

246 1982 443 2060 monachis,
460 1979 718 2044 aedificationis
731 1966 879 2043 multum
894 1981 1143 2060 praebuerant.

301 2088 395 2152 2654.
439 2086 671 2179 Scholasticis
691 2103 852 2149 seorsum
872 2086 1035 2149 doctrina
1057 2085 1252 2151 christiana
1268 2088 1474 2168 explicaba-

240 2207 310 2275 tur,
327 2204 363 2260 et
386 2211 556 2259 coronam
575 2194 652 2258 sive
671 2191 849 2256 rosarium
865 2191 905 2256 B.
923 2192 1086 2272 Virginis
1105 2210 1228 2258 omnes
1246 2192 1422 2274 serebant,
1439 2204 1474 2258 et

240 2303 396 2384 quotidie
419 2301 653 2383 perorabant,
676 2300 736 2381 qui
754 2317 799 2362 ne
818 2316 926 2363 manu
945 2299 1102 2379 quidem,
1119 2300 1274 2381 quandiu
1295 2302 1473 2380 vixerant,

240 2421 322 2475 ante
347 2409 585 2488 contigerant.
608 2405 721 2470 Erant
741 2416 775 2469 et
794 2406 902 2486 aliqui
922 2424 967 2470 ex
991 2407 1047 2469 his
1068 2407 1220 2472 orationi
1239 2407 1363 2486 dediti,
1384 2426 1475 2490 quae

240 2535 298 2582 res
317 2518 353 2580 in
368 2515 515 2581 Gallitia
536 2533 631 2579 nova
651 2531 799 2595 prorsus
815 2524 903 2577 erat.
921 2511 1128 2595 juramenta
1150 2515 1267 2593 etiarn,
1291 2515 1327 2578 in
1349 2516 1476 2596 quibus

249 2639 403 2704 magnus
427 2623 574 2704 vigebat
598 2621 745 2696 abusus,
762 2620 969 2699 cessabant;
989 2638 1072 2685 nam
1097 2620 1158 2685 filii
1182 2632 1349 2703 parentes
1372 2637 1475 2703 roga·

241 2733 346 2810 bant,
362 2749 407 2795 ne
419 2730 590 2810 J'urarent.

307 2837 399 2901 2655.
442 2837 704 2917 Prodpiscopus
718 2835 794 2916 ejus
815 2834 1003 2916 dioecesis,
1019 2836 1154 2900 scilicet
1175 2834 1379 2915 Auriensis,
1399 2846 1474 2902 tan·

247 2954 370 3026 topere
382 2961 470 3024 erga
482 2942 697 3008 Societatem
710 2941 859 3006 affectus
871 2952 961 3021 erat,
974 2952 1008 3006 et
1021 2954 1093 3007 tam
1105 2942 1264 3023 impense
1275 2946 1308 3008 ei
1318 2943 1473 3021 favebat,

242 3062 364 3116 utnon
378 3050 521 3116 aliunde
535 3067 639 3130 quam
656 3068 677 3113 a
692 3048 770 3112 Deo
785 3065 865 3113 eam
884 3048 1047 3113 hausisse
1068 3050 1278 3115 charitatem
1295 3050 1399 3115 facile
1415 3068 1475 3133 ap·

241 3169 385 3241 pareret
403 3158 424 3220 ¹.
443 3158 565 3222 Zelum
580 3156 690 3237 ipsius
706 3156 751 3219 ad
767 3172 826 3218 res
844 3165 987 3220 nostras
1001 3157 1263 3237 promovendas
1276 3168 1476 3239 temperare

250 3266 450 3347 oportebat3
466 3265 633 3328 monachi
646 3263 753 3327 etiam
769 3262 903 3327 ordinis
914 3261 976 3327 Si*
990 3262 1187 3343 Francisci,
1199 3274 1274 3329 tam
1284 3266 1477 3331 benevolos

247 3391 286 3438 se
301 3372 530 3451 exhibebant,
547 3381 585 3435 ut
601 3390 621 3434 a
637 3369 774 3434 Comite
789 3369 1014 3452 Montisregii
1034 3382 1209 3451 peterent,
1226 3381 1265 3436 ut
1279 3372 1385 3438 situm
1400 3372 1477 3437 Col·

242 3483 336 3561 legio
351 3489 474 3543 nostro
491 3496 602 3561 prope
616 3480 773 3559 ipsorum
789 3478 1045 3542 monasterium
1057 3479 1271 3559 designaret,
1285 3490 1323 3543 ut
1334 3481 1402 3561 ipsi
1417 3498 1477 3543 no·

243 3590 329 3653 stris
349 3588 543 3651 viciniores
558 3597 688 3650 essent.
703 3584 812 3649 Suam
827 3594 945 3649 autem
960 3586 1147 3650 ecclesiam
1162 3596 1196 3650 et
1211 3597 1420 3666 suggestum
1432 3587 1478 3651 ad

245 3695 529 3760 concionandum
545 3694 678 3757 nostris
693 3692 903 3773 offerebant,
924 3694 1089 3773 quamvis
1103 3694 1235 3757 bonum
1251 3694 1381 3774 alioqui
1396 3712 1478 3757 con-

245 3804 466 3867 cionatorem
484 3801 553 3881 ipsi
567 3800 750 3863 haberent.
766 3798 835 3863 Sed
850 3808 886 3863 et
897 3800 1142 3863 sacerdotibus
1156 3801 1399 3865 saecularibus
1417 3818 1476 3863 no-

243 3910 309 3974 stri
327 3908 429 3972 valde
444 3907 539 3988 grati
553 3914 666 3970 erant.

309 4014 402 4079 2656.
445 4014 575 4079 Comes
595 4023 714 4077 autem
733 4022 768 4075 et
787 4012 936 4093 populus
958 4013 1197 4093 Montisregii,
1218 4014 1325 4077 immo
1347 4024 1381 4077 et
1403 4024 1479 4079 tota

242 4140 286 4186 ea
301 4124 420 4202 regio,
437 4130 473 4185 et
493 4114 748 4185 consolationis
770 4130 804 4183 et
823 4119 1080 4184 aedificationis
1100 4120 1203 4201 signa
1223 4139 1293 4185 non
1313 4122 1479 4203 vulgaria

247 4248 293 4294 ex
309 4230 465 4294 adventu
480 4238 605 4292 nostro
625 4227 868 4291 ostendebant.
885 4225 976 4290 Cum
991 4226 1132 4307 quidam
1149 4246 1192 4291 ex
1208 4229 1339 4292 nostris
1354 4246 1477 4309 aegro·

242 4346 353 4415 taret,
369 4354 435 4400 nec
451 4334 535 4416 quid
555 4333 675 4397 statim
695 4333 823 4398 Comiti
844 4334 1090 4397 renunciatum
1111 4346 1220 4415 esset,
1241 4336 1336 4399 misit
1359 4354 1477 4417 quem·

288 4541 298 4574 Ι
328 4540 374 4584 “El
383 4540 508 4585 Provisor
517 4540 594 4584 desta
603 4540 708 4593 diocesi,
718 4550 767 4595 que
778 4550 806 4583 es
816 4538 957 4587 Oreusem
964 4540 1099 4583 necesarto
1109 4541 1166 4594 yrle
1174 4542 1347 4597 alemano...„
1356 4542 1478 4588 Litterae

246 4610 484 4664 Quadrimestres,
494 4612 545 4663 ibi,
555 4622 615 4666 pag.
626 4610 677 4655 265.
689 4610 736 4655 “El
747 4610 890 4655 licenclado
899 4610 1023 4663 Elgueta,
1034 4608 1167 4667 Canonlgo
1177 4624 1194 4669 y
1210 4612 1356 4667 Provisor.„
1365 4612 1481 4661 torrem.

246 4689 337 4728 annot.
350 4686 368 4727 l,
