3642 5350
381 446 436 519 blo
841 444 968 519 Canon.
989 444 1106 532 soal
1148 498 1155 516 .

381 605 446 685 tio,
470 604 587 670 nullus
605 602 717 670 dolus.
740 602 991 671 Gloriabantur
1013 606 1049 669 in
1071 604 1290 669 orationibus
1309 600 1383 670 suis
1404 612 1440 671 et
1462 596 1609 671 rosariis

380 712 575 794 gestandis,
602 712 708 777 etiam
733 713 764 777 si
789 714 834 777 ob
855 712 891 776 id
914 732 935 776 a
956 713 1141 778 malevolis
1155 722 1189 777 et
1204 728 1290 793 erga
1310 712 1518 793 religionem
1536 730 1608 778 non

379 821 469 885 bene
487 819 623 885 affectis
638 820 732 884 domi
747 828 782 885 et
797 820 885 885 foris
901 820 1145 885 irriderentur.
1195 855 1199 864 =

441 926 528 993 1395.
572 926 828 1010 Praeceptores
843 944 915 992 una
927 945 1008 992 eum
1020 928 1145 992 litteris
1159 927 1328 1009 pietatem
1342 936 1377 991 et
1392 927 1606 993 christianos

378 1052 496 1099 mores
511 1035 748 1116 inculcabant;
765 1037 1008 1116 curabantque
1024 1035 1060 1098 in
1080 1034 1203 1116 primis
1217 1044 1254 1099 ut
1276 1034 1391 1099 Deum
1411 1036 1552 1115 precari
1571 1046 1607 1100 et

377 1152 520 1207 sanctos
535 1140 610 1223 ejus
625 1151 882 1207 assuescerent.
899 1141 978 1222 Quo
993 1151 1112 1207 autem
1126 1141 1266 1207 facilius
1281 1142 1479 1206 orationem
1497 1143 1605 1207 dorni·

374 1250 504 1327 nicam,
514 1260 549 1314 et
556 1250 805 1315 salutationem
815 1252 1026 1330 angelicam,
1037 1250 1277 1331 symbolumet
1287 1250 1444 1329 ldgenus
1457 1250 1526 1314 alia
1537 1250 1607 1315 edi·

376 1367 527 1438 scatent,
541 1358 708 1440 quotidie,
722 1369 856 1423 statuto
868 1368 1038 1439 tempore,
1054 1374 1144 1422 unus
1154 1374 1278 1421 eorum
1290 1357 1407 1421 altiori
1420 1358 1606 1422 vocehuee

375 1465 493 1529 omnia
508 1466 693 1547 recitabat,
711 1483 814 1547 quem
829 1465 954 1546 reliqui
970 1482 1108 1544 omnes,
1125 1465 1249 1529 eadem
1269 1464 1378 1528 verba
1400 1466 1603 1546 repetendo,

375 1574 628 1655 sequebantur;
649 1582 683 1637 et
702 1572 984 1654 promptissimos
1005 1571 1142 1637 animos
1163 1572 1208 1636 ad
1234 1572 1452 1653 capessenda
1479 1574 1604 1637 salutis

374 1678 588 1745 documenta
617 1679 822 1744 afferebant.
850 1679 940 1745 Cum
968 1697 1100 1760 magna
1127 1679 1299 1743 aviditate
1327 1688 1362 1742 et
1387 1680 1603 1744 adstantium

375 1786 618 1852 aedificatione
643 1785 790 1851 Missam
815 1787 971 1869 quotidie
997 1788 1199 1866 audiebant;
1227 1796 1272 1865 et,
1298 1786 1426 1850 libellis
1445 1797 1603 1867 precato·

374 1892 437 1958 riis
460 1901 617 1974 utentes,
644 1912 725 1959 eum
749 1910 880 1975 magna
901 1894 1131 1958 veneratione
1146 1893 1326 1975 mysteriis
1346 1894 1479 1957 sanctis
1497 1893 1603 1958 in'ter·

374 2011 490 2067 erant.

382 2134 386 2141 ·
437 2107 524 2173 1396.
567 2108 656 2173 Cum
670 2109 901 2174 recreationis
915 2120 1074 2190 tempore
1089 2110 1160 2190 pila
1179 2109 1353 2189 palmaria
1370 2108 1407 2171 in
1426 2108 1509 2172 ludo
1530 2112 1602 2173 ute·-

374 2225 507 2297 rentur,
524 2218 640 2281 victus
658 2216 783 2281 victori
797 2234 868 2281 non
888 2218 983 2282 aliud
1002 2217 1155 2299 pretium
1174 2233 1282 2298 quam
1297 2216 1453 2298 aliquam
1474 2216 1603 2280 oratio·

373 2342 465 2404 nem,
481 2324 631 2405 genibus
645 2324 747 2389 flexis
761 2325 982 2389 recitandam
1000 2325 1037 2388 in
1057 2324 1172 2388 media
1192 2324 1342 2387 aliorum
1356 2324 1473 2403 turba,
1489 2326 1604 2388 exsol-

373 2432 490 2497 vebat.
1220 2478 1225 2484 -

435 2540 523 2604 1397.
566 2539 606 2603 ln
621 2540 746 2603 studiis
761 2549 879 2604 autem
900 2539 1000 2603 multi
1017 2554 1167 2619 magnos
1181 2555 1393 2620 progressus
1407 2537 1598 2617 faciebant,

372 2646 461 2713 adeo
472 2656 510 2712 ut
521 2646 628 2712 etiam
639 2646 684 2711 ad
696 2646 929 2728 promotionis
943 2646 1078 2727 gradus
1093 2646 1219 2711 merito
1234 2646 1445 2727 aspirarent.
1462 2645 1599 2711 Etcum

369 2755 501 2820 Rector
520 2755 669 2834 Collegii
688 2774 709 2819 a
729 2754 827 2836 Rege
847 2753 1088 2818 Romanorum
1107 2754 1285 2836 petiisset,
1310 2763 1350 2818 ut
1379 2754 1439 2836 qui
1456 2762 1600 2817 nostras

369 2863 510 2928 scholas
524 2863 799 2945 frequentarent,
816 2862 978 2926 absoluto
993 2862 1087 2942 apud
1101 2871 1244 2925 nostros
1258 2860 1455 2925 studiorum
1477 2878 1595 2941 cursu,

367 2970 448 3034 licet
461 2970 621 3052 publicas
636 2969 888 3034 Universitatis
903 2971 1072 3033 lectiones
1086 2969 1299 3048 omisissent,
1312 2969 1358 3032 ad
1373 2985 1524 3032 examen
1536 2969 1597 3032 ad·

362 3078 601 3157 mitterentur,
618 3086 652 3141 et
671 3077 788 3142 idonei
807 3079 938 3158 reperti
960 3076 1006 3158 ad
1021 3076 1216 3157 magisterii
1235 3076 1387 3156 gradum
1409 3093 1594 3157 promove·

365 3193 499 3264 rentur;
515 3185 572 3248 his
585 3185 781 3249 rationibus
795 3183 899 3248 facile
915 3185 1022 3248 cessit
1036 3183 1124 3262 Rex,
1141 3193 1176 3247 et
1190 3201 1289 3264 spem
1304 3182 1399 3247 dedit
1411 3183 1457 3246 ad
1472 3192 1593 3264 optata

365 3292 600 3373 pertingendi.

428 3398 515 3462 1398.
557 3399 772 3479 Progressus
791 3409 908 3464 autem
933 3398 1133 3479 huiusmodi
1154 3397 1326 3480 iuvenum
1352 3390 1459 3463 eti'am
1484 3399 1594 3463 bomi-

362 3523 427 3570 nes
441 3507 575 3570 alienos
590 3524 610 3570 a
626 3506 801 3571 catholica
821 3507 993 3587 religione
1011 3508 1253 3588 permovebat,
1271 3516 1308 3570 ut
1329 3524 1413 3570 suos
1428 3505 1530 3576 lilios.
1547 3508 1591 3570 ab

363 3613 442 3677 aliis
456 3613 587 3678 scholis
605 3623 806 3694 revocatos,
824 3623 1028 3678 nostrorum
1048 3614 1255 3695 disciplinae
1270 3612 1497 3694 subjicerent.
1513 3612 1589 3678 Non

362 3721 508 3784 deerant
523 3723 663 3800 aemuli,
679 3722 739 3802 qui
752 3720 821 3802 piis
843 3722 1030 3785 conatibus
1045 3731 1247 3786 nostrorum
1263 3739 1341 3786 sese
1360 3731 1589 3802 opponerent3

360 3828 423 3892 sed
436 3826 663 3892 nihilominus
683 3827 837 3892 alacrius
853 3836 914 3891 aut
930 3828 1132 3909 diligentius
1154 3829 1267 3893 nostri
1286 3827 1499 3892 suis'officiis
1513 3828 1587 3892 fun·

358 3935 544 4014 gebantur.

421 4042 507 4106 1399.
551 4041 630 4106 Non
656 4041 816 4106 omittam
836 4042 931 4124 quod
956 4042 1100 4124 quidam
1119 4043 1247 4106 nobilis
1271 4059 1359 4123 puer
1379 4051 1413 4106 et
1433 4042 1587 4124 optimae

356 4148 504 4229 indoliS,
530 4149 654 4213 decem
679 4149 821 4214 circiter
846 4166 1036 4229 annorum,
1065 4150 1227 4214 omnibus
1252 4149 1331 4214 aliis
1357 4167 1402 4212 ex
1427 4149 1585 4230 Colleglo

357 4257 402 4321 ad
416 4255 540 4321 domos
559 4274 644 4321 suas
664 4256 845 4338 digressis
862 4257 953 4322 forte
969 4258 1005 4320 in
1020 4258 1143 4321 schola
1162 4268 1400 4322 remanserat:
1416 4257 1487 4340 qui,
1504 4275 1585 4322 eum

355 4365 413 4429 siti
427 4373 615 4445 urgeretur
629 4374 664 4429 et
677 4365 854 4430 incautius
869 4365 1034 4447 profundi
1050 4365 1146 4446 putei
1164 4365 1308 4430 situlam
1328 4383 1436 4430 manu
1452 4366 1582 4446 arripe·

353 4481 418 4552 ret,
442 4473 546 4536 simul
566 4490 646 4537 cum
666 4491 708 4536 ea
727 4490 910 4554 praeceps
932 4474 1029 4537 nullo
1047 4483 1234 4554 praesente
1255 4474 1312 4536 vel
1331 4482 1525 4554 spectante,
1546 4473 1583 4536 in

353 4589 499 4660 puteum
513 4580 620 4658 venit;
638 4579 719 4643 lieet
733 4581 778 4642 ob
794 4581 980 4661 strepitum
991 4588 1091 4643 rotae
1102 4597 1194 4643 unus
1206 4589 1266 4644 aut
1278 4582 1367 4644 alter
1379 4579 1424 4645 ad
1438 4589 1581 4662 puteum

353 4688 514 4754 accessit.
540 4688 586 4752 Et
609 4687 742 4768 placuit
766 4687 909 4751 divinae
929 4687 1079 4752 bonitati
1098 4696 1137 4752 ut
1160 4705 1232 4752 non
1251 4687 1359 4754 modo
1375 4689 1494 4771 vivus,
1517 4689 1580 4756 sed
