3642 5350
366 426 419 487 138
823 427 950 489 Cneor.
970 426 1048 489 Soc.
1067 428 1138 502 Jns.

365 574 501 654 similiS,
514 575 620 638 valde
631 576 872 639 necessariam
887 576 958 639 illie
976 573 984 606 ¹
997 592 1077 639 esse
1092 584 1130 639 ut
1145 575 1298 656 aliquem
1310 572 1455 638 odorem
1469 591 1596 655 parum

364 681 506 761 bonum,
533 698 637 762 quem
662 681 700 745 P.
724 682 884 763 Baptista
910 682 1113 763 reliquerat,
1142 683 1407 762 exterminaret;
1438 682 1594 763 alioquin

364 789 488 852 timere
503 806 540 852 se
556 789 779 869 significabat
795 808 838 853 ne
854 808 943 869 opus
954 790 1040 854 illud
1051 800 1182 870 rueret;
1194 807 1260 853 nec
1274 790 1399 853 deerat
1409 808 1454 853 ex
1466 791 1590 855 amicis

364 897 502 977 aliquis,
516 895 624 975 judex
638 899 696 961 ille
711 898 876 961 nimirum
891 896 921 960 F
922 896 1138 961 erdinandus
1154 897 1321 975 Alvarez,
1339 897 1399 977 qui
1414 897 1591 961 existima·

365 1012 418 1067 ret
442 1006 696 1069 removendum
722 1022 800 1068 esse
824 1005 1020 1084 Collegium
1047 1004 1159 1084 SeniS,
1183 1004 1215 1069 si
1235 1005 1367 1085 aliquid
1387 1005 1547 1069 stabilius
1570 1024 1592 1069 a

364 1112 546 1176 Cardinali
561 1130 632 1176 non
648 1112 923 1193 prospiceretur.

422 1219 493 1283 505.
537 1220 616 1301 lpse
642 1231 760 1283 tamen
787 1220 825 1284 P.
852 1219 1094 1300 Hieronymus
1111 1220 1204 1283 bono
1224 1220 1343 1283 animo
1368 1229 1445 1283 erat
1470 1229 1505 1284 et
1528 1237 1592 1300 per

364 1326 430 1389 Dei
445 1328 598 1407 gratiam
613 1329 747 1410 nullum
763 1326 969 1390 scandalum
985 1328 1146 1390 relictum
1160 1326 1268 1391 fuisse
1287 1325 1495 1392 affirmabat.
1518 1325 1592 1391 Nec

363 1434 599 1497 recedendum
624 1451 701 1497 esse
727 1452 772 1497 ex
797 1452 840 1497 ea
865 1436 953 1497 urbe
974 1432 1168 1514 judicabat,
1194 1434 1277 1497 licet
1300 1433 1470 1515 patientia
1494 1452 1592 1499 exer·

365 1540 477 1604 cenda
498 1551 602 1620 esset,
623 1552 657 1605 et
676 1542 779 1605 fidem
802 1552 945 1605 auctam
964 1542 1031 1605 sibi
1056 1543 1169 1622 lepide
1194 1542 1372 1606 scribebat
1392 1558 1513 1606 mense
1533 1540 1591 1607 Se·

363 1650 526 1729 ptembri,
544 1660 582 1713 ut
596 1659 738 1729 praeter
754 1649 988 1728 sacerdotem,
1005 1649 1065 1730 qui
1080 1650 1159 1713 loco
1180 1647 1296 1713 Patris
1315 1648 1497 1730 Baptistae
1517 1649 1592 1713 mit·

365 1756 490 1819 tendus
515 1767 607 1833 erat,
635 1758 725 1821 alius
750 1758 858 1819 etiam
886 1769 1097 1836 praeceptor
1125 1755 1434 1819 elementariorum
1463 1756 1591 1824 ibidem

364 1864 528 1927 aleretur.

421 1970 492 2034 506,
536 1971 579 2035 Et
609 1972 658 2034 ita
686 1988 767 2033 cum
795 1970 834 2034 P.
864 1971 1078 2034 Laurentius
1107 1970 1294 2034 Patarinus
1331 1970 1590 2051 decimaquinta

363 2077 578 2158 Septembris
593 2077 706 2141 Senas
721 2080 942 2158 pervenisset
957 2078 980 2156 ⁸,
997 2078 1103 2141 etiam
1124 2087 1159 2141 et
1180 2086 1403 2159 praeceptor,
1419 2094 1523 2157 quem
1541 2078 1590 2141 di·

365 2186 481 2249 ximus
496 2185 665 2253 Sanctum
688 2186 809 2249 vocari
829 2184 851 2264 ³,
876 2186 981 2247 venit.
999 2184 1088 2248 Cum
1110 2195 1229 2248 autem
1248 2185 1453 2266 praedictus
1469 2183 1588 2266 judex,

363 2293 609 2357 Ferdinandus
624 2292 790 2369 Alvarez,
809 2292 922 2355 officio
938 2310 1003 2356 suo
1021 2292 1238 2373 perfunctus,
1259 2290 1443 2372 Neapolim
1461 2294 1513 2357 ire
1531 2310 1588 2373 pa-

365 2410 470 2477 raret,
488 2401 581 2463 misit
598 2398 783 2481 [nuntium]
800 2400 942 2463 domum
957 2410 1116 2462 nostram
1131 2410 1166 2462 et
1180 2398 1396 2477 significavit
1410 2417 1449 2463 se
1464 2402 1589 2479 postri-

365 2507 420 2569 die
435 2518 546 2569 totum
559 2506 652 2570 diem
663 2524 743 2569 cum
755 2507 886 2570 nostris
898 2515 1119 2586 exacturum3
1133 2507 1196 2569 sed
1207 2522 1288 2569 cum
1298 2523 1370 2569 non
1382 2508 1530 2584 veniret,
1544 2508 1591 2571 ad

362 2614 505 2677 domum
521 2612 595 2694 eJus
607 2630 644 2677 se
657 2615 842 2678 conferens
859 2612 1015 2696 [Rector]
1032 2621 1276 2694 aegrotantem
1288 2614 1434 2693 invenit;
1447 2623 1482 2678 et
1493 2614 1590 2695 quin·

363 2720 476 2784 decim
492 2721 614 2785 diebus
630 2723 752 2785 morbo
769 2733 999 2802 consumptus
1013 2730 1078 2785 est.

423 2828 495 2891 507.
539 2827 670 2892 Solitus
684 2839 761 2893 erat
782 2840 913 2893 octavo
932 2848 1073 2910 quoque
1092 2830 1149 2892 die
1168 2840 1393 2893 sacramenta
1418 2832 1513 2912 apud
1531 2849 1590 2894 no·

362 2945 456 2999 stros
481 2937 672 3017 suscipere,
697 2948 731 3001 et
752 2938 908 3018 quotidie
932 2955 1106 3000 summam
1121 2937 1277 3018 aliquam
1293 2937 1395 3018 panis
1416 2947 1451 3001 et
1471 2939 1590 3002 caruis

364 3053 487 3107 coctae
503 3045 715 3125 pauperibus
731 3045 1009 3108 distribuendam
1023 3044 1184 3125 parabat.
1197 3043 1384 3108 Referebat
1396 3045 1502 3109 etiam
1517 3046 1589 3125 qui·

363 3151 446 3213 dam
473 3149 547 3230 eius
570 3151 720 3214 famulus
743 3152 837 3232 quod
858 3153 1021 3215 noctibus
1043 3169 1123 3215 eum
1148 3168 1187 3214 se
1211 3151 1361 3231 flagellis
1385 3152 1591 3217 caedentem

363 3257 544 3333 audiebam
561 3267 595 3320 et
610 3258 723 3322 eidem
740 3259 961 3322 familiariter
976 3258 1201 3338 significabat
1214 3275 1346 3338 magno
1362 3277 1400 3322 se
1414 3258 1589 3323 desiderio

362 3365 504 3428 uidendi
519 3364 633 3428 Deum
651 3366 772 3428 teneri.
790 3365 879 3429 Tres
902 3376 1025 3429 noctes
1045 3375 1126 3429 ante
1148 3377 1299 3431 mortem
1319 3363 1489 3446 ipsius'P.
1509 3365 1589 3430 Hie·

361 3489 531 3554 ronymus
556 3473 675 3550 exegit
701 3481 735 3536 ct
759 3473 802 3537 de
828 3475 936 3537 rebus
958 3473 1200 3554 spiritualibus
1219 3491 1300 3537 cum
1319 3492 1361 3536 eo
1380 3474 1589 3555 loquebatur

362 3598 442 3643 cum
457 3588 555 3644 tanta
577 3583 796 3660 aegrotantis
817 3583 1058 3645 consolatione
1072 3590 1122 3660 ut,
1143 3580 1174 3644 si
1194 3581 1391 3659 recederet,
1412 3599 1451 3644 se
1470 3581 1589 3645 statim

362 3689 581 3766 moriturum,
599 3706 640 3750 eo
656 3689 811 3767 absente,
829 3687 972 3751 diceret.

421 3794 493 3857 508.
536 3793 688 3876 Reliquit
713 3794 871 3873 Collegio
891 3795 1037 3859 Senensi
1056 3796 1089 3858 in
1110 3813 1175 3858 suo
1190 3805 1402 3860 testamento
1421 3797 1588 3878 quinqua·

362 3903 462 3982 ginta
477 3920 617 3980 aureoS,
633 3910 667 3965 et
682 3903 789 3965 aliam
804 3919 979 3966 summam
995 3920 1100 3982 quam
1116 3902 1152 3966 P.
1170 3902 1410 3984 Hieronymus
1428 3903 1584 3985 pauperi·

362 4010 428 4073 bus
443 4009 685 4088 distribueret;
707 4019 741 4072 et
763 4010 927 4090 quamvis
948 4012 983 4072 in
1002 4011 1154 4074 ecclesia
1169 4021 1291 4074 nostra
1313 4011 1454 4091 sepeliri
1473 4011 1589 4090 cupie-

362 4117 433 4196 bat,
447 4117 612 4197 expedire
625 4117 741 4180 visum
754 4125 806 4179 est
815 4118 1102 4197 testamentariis,
1112 4126 1150 4181 ut
1161 4118 1196 4181 in
1206 4119 1356 4182 ecclesia
1366 4117 1425 4183 S.t¹
1439 4117 1590 4199 Spiritus

362 4224 578 4303 sepeliretur.

424 4330 494 4393 509.
538 4332 593 4396 Ex
609 4333 675 4394 hac
692 4332 917 4413 eleemosyna
932 4333 1045 4414 potuit
1060 4333 1098 4397 P.
1120 4333 1358 4414 Hieronymus
1378 4331 1415 4398 P.
1436 4333 1590 4397 Lauren·

436 4469 493 4474 ...-.-
521 4467 574 4474 --ι-

405 4543 410 4568 ¹
481 4567 486 4579 .
513 4539 530 4582 ι’.

404 4611 415 4642 ¹
441 4537 556 4653 {sillero
567 4609 608 4653 liic
619 4621 635 4654 a
647 4609 674 4653 P.
686 4609 793 4654 vicario
801 4611 892 4654 missus
903 4616 951 4654 est.
962 4611 1029 4656 Vide
1037 4621 1126 4666 supra,
1134 4621 1194 4666 pag.
1207 4609 1253 4664 tou,
1262 4621 1286 4654 n.
1294 4609 1342 4655 tet.

403 4680 414 4714 ὃ
442 4679 534 4738 Supra,
545 4692 605 4737 pag.
619 4681 701 4736 tuan
717 4683 767 4726 479.
