3642 5350
378 397 432 469 356
836 396 962 464 Cannu.
983 395 1060 462 Soc.
1080 394 1150 476 Jss.

375 560 504 615 xerunt
519 550 657 615 Patavii
676 551 822 615 dilatam
842 568 920 615 esse
940 550 974 613 in
995 550 1090 613 aliud
1110 559 1248 631 tempus
1265 546 1600 629 Congregationem,

377 666 411 722 et
436 659 481 722 ad
506 676 608 724 suam
633 658 853 739 provinciam
879 656 1075 736 redierunt;
1101 665 1136 719 et
1162 658 1245 738 quia
1269 665 1504 737 properarunt
1528 659 1608 739 plus

376 783 482 848 quam
497 783 642 830 necesse
662 774 749 841 erat,
772 766 838 829 hoc
858 764 995 829 itineris
1015 761 1236 846 dispendium
1258 772 1292 828 et
1316 763 1476 827 laborem
1495 764 1606 828 subie·

376 882 472 949 runt;
488 891 572 937 nam
591 874 711 937 statim
731 889 1001 953 quoquoversus
1017 872 1060 935 de
1075 872 1329 952 prorogatione
1351 870 1605 951 Congregatio·

375 980 430 1043 nis
443 980 510 1044 suit
530 982 712 1061 scriptum.

436 1087 524 1151 1477.
568 1086 658 1166 Quia
679 1087 778 1151 initio
800 1086 919 1151 Martii
938 1085 1042 1167 hujus
1071 1087 1156 1150 anni
1181 1087 1219 1151 P.
1247 1086 1433 1151 Salmeron
1462 1085 1603 1151 Vienna

373 1192 523 1258 Romam
539 1194 717 1275 profectus
733 1203 796 1272 est,
819 1194 877 1258 hic
897 1193 941 1256 de
963 1194 1131 1257 missione
1150 1195 1314 1275 polonica
1335 1210 1448 1275 usque
1470 1192 1515 1257 ad
1530 1192 1605 1273 eJ'us

373 1302 524 1365 reditum
540 1318 629 1382 quae
645 1301 831 1365 reserenda
847 1310 929 1364 sunt
950 1300 1091 1365 addam.

435 1408 522 1472 1478.
566 1408 731 1473 Diximus
747 1426 839 1473 anno
852 1409 1099 1489 praecedenti¹
1114 1408 1150 1471 P.
1164 1407 1440 1474 Salmeronema
1456 1399 1600 1474 Summo

371 1515 540 1579 Pontifice
555 1516 665 1580 Paulo
680 1516 882 1595 Augustam
893 1516 1053 1594 missum,
1067 1517 1148 1597 (quo
1160 1514 1231 1580 21).ει
1241 1517 1297 1580 die
1308 1515 1462 1597 Augusti
1477 1534 1604 1598 perve-

371 1622 445 1702 nit),
464 1631 501 1686 ut
515 1623 645 1688 ibidem
661 1641 771 1705 usque
785 1621 854 1705 [ad]
868 1624 1017 1687 Diaetae
1029 1624 1263 1704 Augustanae
1277 1624 1382 1689 finem
1398 1642 1480 1689 cum
1491 1623 1602 1689 Vero·

370 1730 472 1793 nensi
486 1730 662 1812 Episcopo
684 1729 872 1809 manendo,
894 1730 976 1794 inde
997 1729 1042 1794 ad
1063 1730 1198 1811 Regem
1214 1730 1383 1796 Poloniae
1402 1731 1601 1814 proficisce-

371 1846 481 1901 retur.

431 1946 517 2009 1479.
561 1945 641 2028 Jam
661 1954 779 2009 autem
799 1943 844 2008 ad
864 1944 968 2008 finem
984 1944 1176 2009 accedebat
1191 1945 1330 2025 Diaeta,
1347 1955 1382 2009 et
1402 1947 1600 2010 curandum

368 2062 445 2116 erat
459 2072 504 2117 ex
523 2062 624 2133 parte
644 2052 823 2117 Pontificis
847 2061 883 2116 ut
902 2052 989 2116 nihil
1008 2053 1052 2116 de
1073 2054 1179 2117 rebus
1202 2054 1248 2117 ad
1267 2055 1473 2133 religionem
1496 2055 1601 2136 perti·

369 2161 533 2224 uentibus
547 2161 584 2225 in
600 2178 642 2225 ea
657 2168 890 2238 tractaretur,
912 2160 1076 2240 quamvis
1090 2160 1134 2223 de
1148 2158 1247 2239 Rege
1262 2160 1505 2225 Romanorum
1529 2178 1600 2225 non

369 2266 593 2332 dubitabatur
609 2268 702 2351 quod
716 2268 803 2331 nihil
818 2276 945 2331 contra
960 2267 1064 2331 fidem
1080 2268 1293 2332 catholicam
1311 2269 1453 2332 decerni
1476 2286 1600 2349 passu·

370 2392 431 2438 rus
446 2384 550 2439 esset.

431 2481 518 2546 1480.
560 2482 747 2548 Allocutus
762 2491 815 2547 est
830 2493 948 2548 autem
964 2482 1001 2546 P.
1024 2482 1223 2559 Salmeron,
1247 2483 1390 2547 nomine
1406 2482 1597 2560 Pontificis,

367 2590 609 2655 Romanorum
632 2590 765 2671 Regem
787 2609 877 2673 quae
901 2610 962 2655 ore
981 2600 1170 2671 acceperat
1189 2608 1210 2653 a
1230 2590 1399 2655 Pontifice
1420 2591 1531 2656 Paulo
1552 2589 1598 2656 Ill

366 2689 462 2763 circa
477 2701 620 2780 negotia
635 2701 670 2764 in
686 2699 813 2764 Diaeta
828 2700 1026 2764 tractanda.
1044 2698 1239 2780 Respondit
1254 2709 1371 2762 autem
1387 2699 1445 2763 ille
1464 2716 1596 2780 magno

366 2823 447 2869 cum
462 2807 538 2870 zelo
554 2807 751 2871 catholicae
767 2807 961 2887 religionis,
978 2806 1072 2886 quod
1085 2806 1205 2887 potius
1219 2823 1412 2886 suaregna
1433 2815 1468 2870 et
1482 2816 1595 2870 status

366 2930 488 2977 omnes
513 2932 555 2977 ac
577 2931 677 2978 suam
700 2922 734 2977 et
756 2914 907 2977 filiorum
928 2931 1072 2977 suorum
1093 2915 1205 2977 vitam
1225 2915 1340 2994 perire
1356 2914 1595 2994 permissurus

365 3031 469 3100 esset,
487 3039 592 3102 quam
605 3022 675 3086 ulla
685 3023 721 3085 in
734 3040 770 3085 re
783 3021 944 3085 savorem
956 3022 1145 3085 haereticis
1157 3021 1371 3101 impendere;
1385 3030 1420 3084 et
1432 3022 1595 3102 quamvis

365 3140 631 3210 oppugnaretur
654 3131 758 3193 valde
778 3129 966 3209 diligenter
994 3139 1029 3192 et
1053 3129 1237 3209 promissis
1260 3138 1294 3192 et
1320 3130 1425 3192 minis
1447 3130 1595 3192 haereti·

364 3252 497 3315 corum,
511 3237 597 3301 nihil
611 3255 647 3301 se
659 3238 916 3318 permissurum
928 3237 963 3300 in
975 3239 1043 3300 hac
1053 3235 1182 3300 Diaeta
1194 3236 1288 3318 quod
1299 3237 1335 3298 in
1346 3236 1595 3300 detrimentum

363 3344 560 3408 catholicae
574 3345 757 3425 religionis
773 3345 925 3409 cederet.

425 3449 511 3514 1481.
556 3449 693 3515 Deinde
705 3453 845 3516 nomine
857 3452 895 3515 P.
909 3451 1039 3531 Ignatii
1050 3451 1185 3531 Regem
1197 3452 1370 3515 allocutus
1382 3460 1447 3530 est,
1464 3468 1566 3532 aquo
1582 3450 1594 3482 ²

360 3559 503 3637 negotia
518 3559 693 3640 quaedam
708 3560 775 3639 ipsi
790 3559 827 3622 P.
844 3559 984 3640 ignatio
999 3559 1140 3622 fuerant
1161 3559 1369 3638 commissa;
1390 3569 1423 3622 et
1445 3559 1495 3622 ita
1516 3576 1592 3639 per·

358 3675 482 3744 gratas
506 3667 573 3729 sibi
594 3667 703 3730 luisse
728 3668 865 3730 litteras
889 3665 965 3746 ejus
987 3667 1151 3730 ostendit.
1176 3666 1257 3728 Alia
1279 3666 1387 3729 etiam
1410 3666 1455 3729 ad
1479 3665 1591 3731 Colle·

357 3772 456 3852 gium
465 3771 716 3838 Germanicum
725 3773 936 3854 pertinentia
945 3791 1076 3837 eumeo
1089 3773 1270 3851 tractavit,
1281 3773 1324 3836 de
1334 3773 1459 3854 quibus
1468 3790 1587 3853 supra.

419 3879 506 3944 1482.
550 3882 693 3946 Interim
705 3882 859 3944 Litterae
869 3881 1098 3961 Apostolicae
1109 3890 1143 3944 et
1155 3881 1341 3944 instructio
1351 3879 1531 3944 Pontificis
1544 3880 1590 3944 ad

357 3987 572 4069 Episcopum
586 3989 830 4052 Veronensem
843 3998 1079 4068 pervenerunt
1093 3989 1190 4051 circa
1204 3989 1418 4068 legationem
1429 3987 1475 4050 ad
1488 3986 1586 4052 Polo-

356 4095 435 4159 niae
451 4095 595 4176 Regem,
613 4097 671 4176 qui
687 4097 730 4160 de
745 4113 788 4159 ea
802 4096 936 4176 Regem
952 4095 1193 4159 Romanorum
1205 4105 1258 4158 est
1271 4097 1458 4158 allocutus:
1472 4095 1589 4158 nullas

356 4205 388 4266 ei
403 4205 589 4268 facultates
604 4204 918 4268 communicandas
934 4202 1097 4267 Pontifex
1117 4204 1316 4281 impertitus
1332 4213 1396 4281 est,
1421 4202 1587 4285 quamvis

355 4313 462 4392 aliqui
482 4312 652 4392 optabant
670 4322 710 4375 ut
729 4329 791 4374 eas
814 4313 970 4389 haberet,
993 4320 1029 4374 ut
1052 4312 1288 4375 benemereti
1310 4311 1353 4374 de
1374 4309 1586 4392 quibusdam

355 4419 553 4498 haereticis
574 4419 802 4482 redeuntibus
818 4419 863 4482 ad
878 4419 1087 4492 Ecclesiam,
1105 4430 1139 4482 et
1154 4419 1197 4483 de
1218 4419 1297 4482 aliis
1313 4426 1444 4499 posset.

398 4589 404 4618 ¹
435 4587 499 4631 Vide
511 4599 598 4642 supra,
609 4595 628 4630 t.
640 4601 666 4640 r,
676 4601 736 4644 pag.
746 4589 781 4643 37,
793 4601 816 4633 n.
825 4591 860 4645 66;
872 4597 898 4633 et
909 4601 970 4643 pag.
978 4590 1026 4642 274,
1038 4601 1078 4632 nn.
1089 4589 1137 4643 758,
1148 4589 1200 4633 75⁹.

394 4661 405 4692 ⁸
433 4659 665 4714 scioccaassege.
