3642 5350
791 505 853 563 Au.
876 503 945 564 1556
1429 500 1484 561 793

247 666 290 715 se
301 650 482 731 gessisset,
495 667 576 715 eum
587 649 633 714 ad
644 666 814 715 romanae
825 650 1009 716 Ecclesiae
1020 649 1257 715 obedientiam
1269 658 1305 713 et
1314 649 1481 714 haereses

251 776 337 823 suae
351 759 508 839 regionis
522 757 783 839 relinquendas,
800 776 928 840 parurn
941 759 1151 840 tempestive
1165 757 1339 838 urgendo.

310 864 402 930 3407.
444 864 524 947 Ipse
538 866 645 930 etiam
661 864 738 930 Rex
749 865 973 948 Aethiopiae,
987 866 1034 931 ad
1045 866 1166 932 Indiae
1177 865 1386 946 Pro-regem
1396 864 1480 929 scri·

251 974 351 1053 bens,
368 972 608 1054 conqueritur,
624 972 719 1054 quod
733 971 772 1037 Ρ.
787 971 968 1039 Gonzalns
978 972 1121 1038 nihilab
1132 989 1174 1037 eo
1190 973 1353 1054 accipere
1364 973 1480 1037 volue-

251 1080 308 1161 rit,
325 1090 359 1145 et
374 1068 479 1163 quod,
495 1080 573 1162 ipso
593 1080 797 1159 insalutato,
819 1098 864 1145 ex
885 1079 961 1161 ejus
981 1097 1093 1162 regno
1113 1080 1334 1161 discesserit,
1348 1088 1388 1145 et
1409 1096 1481 1144 non

251 1205 329 1252 esse
344 1188 412 1271 ipsi
426 1188 532 1253 fidem
547 1186 796 1267 adhibendam,
811 1188 842 1252 si
857 1187 941 1270 quid
956 1190 1049 1253 male
1063 1188 1107 1254 de
1121 1189 1199 1270 ipso
1220 1188 1378 1253 referret.
1402 1186 1480 1252 Hoc

251 1302 370 1359 tamen
388 1295 550 1360 utilitatis
569 1312 615 1360 ex
633 1292 710 1374 ejus
730 1294 950 1376 profectione
975 1296 1077 1378 coepi
1095 1296 1220 1379 potuit,
1243 1294 1337 1378 quod
1351 1296 1481 1360 vulnus

251 1402 360 1483 Regis
387 1403 482 1468 illius
509 1402 658 1482 detexit,
685 1402 779 1485 quod
806 1403 1077 1469 mansuetudine
1101 1403 1332 1469 Patriarchae
1360 1404 1480 1468 curari

194 1548 196 1552 -
250 1528 355 1592 posse
374 1511 602 1592 sperabatur,
623 1511 786 1593 quamvis
806 1510 966 1593 Pro-regi
986 1512 1045 1577 ille
1064 1511 1295 1592 significavit,
1316 1528 1387 1576 non
1401 1527 1480 1575 esse

252 1617 345 1700 quod
359 1615 606 1683 Patriarcham
620 1618 666 1684 ad
687 1636 727 1683 se
747 1619 927 1684 mitterent
947 1620 1005 1683 v'el
1020 1617 1109 1683 alios
1124 1618 1346 1699 sacerdotes;
1367 1627 1402 1683 et
1417 1618 1478 1700 ita,

250 1741 331 1790 cum
345 1736 510 1807 ageretur
526 1727 562 1791 in
576 1726 723 1791 consilio
737 1726 918 1807 Pro-regis
933 1744 980 1791 an
999 1738 1095 1791 esset
1114 1726 1305 1792 mittendus
1324 1726 1479 1791 Patriar-

250 1833 327 1913 cha,
342 1849 413 1897 non
424 1832 500 1897 sine
515 1833 717 1915 quingentis
732 1834 901 1899 militibus
912 1851 991 1899 esse
1004 1834 1213 1899 mittendum
1228 1834 1477 1910 decernebant,

249 1941 308 2022 qui
322 1941 353 2003 si
369 1941 467 2005 missi
480 1940 641 2022 fuissent,
657 1940 827 2024 perfacile
842 1959 921 2007 esse
936 1942 1178 2008 arbitrabatur
1193 1952 1231 2007 ut
1245 1940 1325 2006 Rex
1334 1941 1480 2006 Aethio·

249 2048 327 2128 piae
342 2048 581 2113 obedientiam
593 2048 776 2114 Ecclesiae
786 2066 958 2115 romanae
972 2050 1049 2114 sine
1064 2051 1136 2115 ullo
1151 2050 1255 2128 bello,
1267 2048 1330 2114 sed
1342 2058 1478 2113 tantum

248 2155 373 2220 timore
388 2156 622 2221 lusitanorum
639 2153 660 2235 ¹,
682 2165 898 2237 praestaret;
917 2174 1000 2221 nam
1020 2158 1056 2221 in
1072 2174 1202 2237 magna
1218 2156 1479 2220 existimatione

247 2273 349 2327 erant
364 2280 405 2327 eo
418 2264 455 2327 in
468 2278 582 2344 regno
596 2264 752 2344 lusitani,
768 2280 832 2344 per
847 2282 938 2347 quos
953 2264 1125 2329 Dominus
1139 2282 1197 2329 res
1212 2265 1418 2346 praeclaras
1430 2264 1478 2328 ibi

247 2380 419 2449 gesserat.
447 2368 551 2451 Quod
570 2370 600 2435 si
622 2371 697 2435 sine
722 2371 890 2436 militibus
912 2368 1121 2436 Patriarcha
1137 2373 1346 2451 mitteretur,
1362 2372 1479 2452 potius

248 2476 338 2557 Regi
357 2486 540 2542 turcarum
565 2496 672 2560 quam
696 2476 859 2543 Romano
881 2477 1041 2543 Pontifici
1063 2478 1300 2544 obedientiam
1322 2486 1478 2559 praesta-

248 2593 366 2649 turum
381 2602 459 2650 esse
474 2584 608 2665 Regem
622 2585 835 2668 Aethiopiae
850 2587 1063 2651 sentiebant.
1531 2662 1534 2667 ,

308 2691 399 2758 3408.
443 2693 565 2776 ltaque
584 2693 733 2760 Pro-rex
751 2692 879 2776 ‘juxta
900 2693 1103 2775 hujusmodi
1127 2694 1308 2759 hominum
1330 2692 1479 2778 [senten-

249 2799 360 2884 tiam],
377 2802 436 2884 qui
451 2801 495 2866 de
510 2802 615 2866 rebus
632 2801 842 2885 Aethiopiae
862 2803 1119 2886 experientiam
1140 2803 1331 2882 habebant,
1346 2802 1479 2868 nostris

247 2909 376 2988 retulit,
390 2908 593 2974 decrevisse
608 2927 647 2974 se
668 2908 917 2975 Patriarcham
939 2927 1021 2975 curn
1039 2910 1242 2992 quingentis
1258 2910 1428 2975 militibus
1442 2910 1478 2973 in

247 3016 476 3098 Aethiopiam
490 3017 625 3096 venire;
641 3017 704 3082 sed
718 3016 856 3096 deinde,
869 3018 941 3082 alio
952 3018 1103 3082 consilio
1115 3018 1245 3082 ducum
1259 3027 1295 3082 et
1309 3017 1476 3082 nobilium

247 3133 458 3204 convocato,
475 3133 510 3188 et
529 3123 655 3188 litteris
675 3123 785 3203 Regis
803 3123 1042 3205 Portugalliae
1064 3125 1165 3189 lectis
1185 3125 1324 3207 (quibus
1342 3127 1475 3207 praeci·

247 3231 364 3312 piebat
384 3241 423 3295 ut
443 3229 690 3294 patriarcham
709 3231 745 3294 in
765 3229 994 3312 Aethiopiam
1008 3249 1091 3295 cum
1104 3232 1212 3296 sociis
1231 3232 1476 3298 deducendum

246 3349 404 3418 curaret,
422 3338 564 3403 modum
580 3347 699 3402 autern
713 3337 790 3417 eius
801 3335 936 3418 judicio
952 3321 1189 3420 relinquebat,
1206 3350 1310 3421 prout
1331 3342 1476 3422 negotio

244 3446 436 3512 convenire
451 3445 656 3525 videretur),
673 3445 799 3510 deinde
815 3444 933 3510 Patris
947 3444 1149 3511 Melchioris
1164 3446 1322 3513 Carnero
1334 3458 1475 3512 senten·

246 3555 332 3619 tiam
346 3563 532 3634 rogarunt;
549 3553 610 3635 qui
624 3554 661 3618 in
676 3554 742 3617 hoc
755 3553 905 3618 consilio
918 3553 1070 3634 censuit,
1084 3555 1186 3619 nobis
1198 3555 1338 3637 quidem
1350 3573 1475 3620 conve·

246 3663 321 3726 nire
337 3662 453 3742 magis
467 3661 543 3725 sine
558 3663 629 3725 ulla
643 3677 774 3742 pompa
790 3663 827 3726 in
842 3660 1071 3743 Aethiopiam
1086 3662 1189 3742 mitti,
1206 3663 1269 3726 sed
1288 3663 1355 3744 ipsi
1370 3680 1473 3744 nego-

247 3771 295 3833 tio
318 3779 353 3834 et
373 3768 419 3834 ad
440 3767 516 3850 ejus
541 3769 645 3833 finem
671 3770 978 3852 consequendum,
999 3770 1214 3834 sententiam
1234 3770 1375 3834 illorum
1395 3787 1475 3834 esse

246 3877 483 3958 probandam,
509 3877 569 3958 qui
596 3893 654 3940 res
684 3876 894 3957 Aethiopiae
921 3876 1165 3957 experimento
1195 3875 1409 3958 didicerant;
1440 3877 1476 3941 hi

246 3993 366 4049 autem
380 3985 572 4048 censebant
588 3984 682 4066 quod
696 3984 859 4065 superius
873 3984 1006 4048 dictum
1021 3993 1086 4064 est;
1100 3985 1162 4049 sed
1175 3985 1318 4049 tandem
1329 3985 1397 4049 hoc
1409 3985 1476 4050 fuit

244 4091 281 4155 in
303 4109 345 4156 eo
365 4091 514 4156 consilio
535 4091 782 4170 constitutum,
806 4100 844 4155 ut
867 4090 1078 4156 Patriarcha
1092 4108 1165 4155 non
1180 4092 1396 4173 mitteretur,
1412 4095 1476 4158 sed

245 4196 443 4280 Episcopus
456 4195 468 4230 ⁸
482 4216 563 4263 cum
577 4208 730 4280 quatuor
744 4198 852 4263 sociis
867 4209 902 4262 et
924 4200 1043 4280 legato
1068 4217 1111 4264 ac
1132 4199 1261 4264 litteris
1282 4200 1473 4283 Pro-regis

244 4315 282 4370 ut
292 4307 456 4388 superius
467 4305 601 4371 dictum
615 4316 668 4370 est
680 4305 703 4370 ⁴.

284 4550 293 4585 ¹
321 4549 358 4596 Ma
377 4549 426 4596 aad
436 4553 543 4596 tantum
554 4555 613 4597 stne
622 4553 720 4599 timon
730 4553 924 4599 lusitanorum.

284 4624 296 4658 Ι
323 4621 609 4671 FranclacurBarreto.

283 4692 296 4726 ⁸
322 4692 600 4741 Andreudeovledo.

240 4773 243 4780 '
286 4765 299 4800 Α
325 4763 526 4822 Supremam
