3642 5350
332 360 387 433 352
791 357 920 429 Canon.
940 358 1018 429 Soc.
1038 359 1107 443 Jas.

334 517 566 600 requirerent,
594 516 625 580 si
651 514 766 579 adhuc
788 516 941 579 inveniri
965 525 1121 597 possent,
1145 533 1189 582 ac
1214 516 1355 581 demum
1379 514 1563 599 operarios

333 642 448 690 novos
463 625 498 687 in
513 624 673 689 ultimam
687 640 840 687 messem
853 623 1032 686 mitterent
1047 632 1129 688 ante
1143 625 1272 689 faciem
1285 624 1441 689 Domini.

397 731 484 796 1459.
528 731 574 795 Et
598 730 762 813 quamvis
781 730 856 810 ipse
874 728 913 793 Ρ.
935 728 1097 794 Canisius
1116 732 1266 795 libenter
1285 733 1333 796 ibi
1353 749 1564 814 responsum
1648 746 1653 754 ·

334 846 525 919 expectare
548 856 621 903 non
645 837 824 917 gravatim
849 837 1044 917 videretur,
1071 839 1298 905 existimabat
1325 839 1402 921 ipse
1428 857 1500 904 non
1524 858 1564 906 se

333 946 454 1027 urgeri
479 965 501 1010 a
523 944 621 1024 Rege
647 944 889 1008 Romanorum
913 952 951 1007 ut
976 943 1152 1008 Viennam
1174 944 1317 1025 rediret,
1341 964 1398 1024 ne,
1421 964 1503 1011 cum
1527 947 1564 1011 in

327 1053 539 1119 cathedrali
550 1052 681 1132 templo
693 1051 969 1114 concionaturus
981 1060 1086 1131 esset,
1100 1052 1213 1116 zelum
1225 1062 1350 1116 contra
1362 1052 1452 1118 duos
1463 1071 1565 1136 prae·

335 1162 512 1225 dic'atores
531 1160 662 1240 regios,
680 1174 830 1239 quorum
845 1158 936 1221 alter
951 1158 1038 1221 satis
1053 1158 1240 1223 manifeste
1255 1160 1457 1225 haereticus
1472 1172 1563 1239 erat,

336 1267 550 1345 ostenderet;
577 1266 740 1348 quamvis
764 1265 859 1327 enim
884 1265 1081 1329 catholicus
1106 1265 1298 1331 admodum
1321 1276 1357 1331 et
1382 1267 1462 1347 pius
1487 1266 1565 1332 Rex

336 1383 424 1453 erat,
448 1382 644 1437 amatorem
669 1371 896 1435 nihilominus
923 1371 1052 1452 quietis
1075 1384 1110 1435 et
1132 1373 1327 1437 modestiae
1348 1374 1399 1437 sic
1419 1384 1507 1454 erat,
1529 1385 1568 1438 ut

336 1481 418 1546 inde
436 1480 685 1545 detrimentum
708 1479 882 1543 catholica
902 1477 1000 1558 fides,
1022 1478 1118 1560 quod
1137 1480 1183 1544 ad
1202 1482 1470 1561 praedicatores
1488 1484 1567 1546 atti·

336 1597 408 1668 net,
425 1589 588 1670 accipere
603 1587 796 1651 videretur.

399 1695 486 1761 1460.
531 1694 621 1761 Cum
639 1704 758 1759 autem
777 1696 903 1774 gravis
924 1704 1116 1776 tempestas
1131 1695 1312 1775 Austriae‚
1335 1697 1419 1760 belli
1441 1695 1567 1761 turcici

337 1801 564 1887 [occasione],
580 1804 789 1883 immineret,
806 1820 878 1866 non
892 1804 983 1866 levis
997 1804 1146 1868 tentatio
1161 1803 1226 1867 luit
1247 1804 1342 1885 quod
1364 1814 1479 1869 status
1494 1805 1567 1869 Au·

337 1912 445 1977 striae
456 1929 478 1975 a
490 1910 616 1993 quibus
630 1910 802 1975 auxilium
816 1911 1017 1991 expetebat,
1030 1928 1135 1975 omne
1147 1911 1343 1975 subsidium
1354 1912 1566 1992 polliceban-

336 2028 536 2085 turcontra
550 2018 681 2098 hosteS,
698 2017 889 2081 dummodo
904 2019 1104 2082 communio
1116 2019 1182 2082 sub
1196 2027 1348 2100 utraque
1359 2018 1477 2099 specie
1488 2020 1568 2083 libe·

314 2118 322 2129 '
337 2146 375 2191 re
390 2127 478 2207 ipsis
493 2126 768 2207 permitteretur.

400 2234 488 2297 1461.
531 2232 706 2298 Nobilitas
727 2233 834 2297 etiam
858 2233 1035 2297 Bavariae
1054 2234 1235 2319 ferventer
1257 2233 1447 2298 admodum
1466 2252 1569 2299 usum

338 2342 461 2406 calicis
476 2341 676 2422 expetebat.

403 2448 491 2513 1462.
536 2446 604 2512 Sed
626 2447 674 2512 ad
691 2446 871 2512 Canisium
894 2447 1087 2530 redeundo,
1109 2466 1189 2513 cum
1205 2448 1335 2513 diutius
1355 2451 1413 2514 ille
1427 2450 1567 2515 Vienna

339 2556 495 2637 abesset,
525 2556 690 2636 quamvis
719 2556 896 2636 publicam
930 2556 1131 2636 theologiae
1162 2558 1351 2621 lectionem
1385 2557 1461 2639 ejus
1489 2560 1568 2622 loco

338 2664 376 2728 P.
392 2665 563 2746 Lanoyus
582 2664 815 2745 praelegeret;
832 2664 1059 2730 nihilominus
1079 2664 1329 2729 consistorium
1350 2666 1568 2731 Universita·

336 2774 383 2836 tis
397 2772 611 2836 Viennensis
630 2771 745 2834 eidem
764 2769 802 2834 P.
825 2771 970 2835 Canisio
991 2772 1216 2835 scribendum
1238 2773 1408 2848 decrevit,
1426 2782 1463 2836 ut
1483 2774 1568 2836 scri·

339 2881 437 2944 beret
457 2887 622 2960 possetne
641 2878 827 2944 lectionem
842 2880 940 2942 illam
954 2879 1193 2959 theologicam
1207 2881 1427 2960 praelegere,
1443 2897 1568 2957 necne,

339 2988 433 3069 quod
448 2988 479 3052 si
493 2987 725 3068 responderet
740 3003 778 3050 se
793 2987 937 3050 minime
950 2988 987 3051 id
998 3004 1104 3068 posse
1118 2998 1315 3068 praestare,
1329 2996 1414 3051 tunc
1429 2989 1569 3052 demum

338 3111 465 3158 munus
478 3093 564 3158 illud
578 3094 805 3175 praelegendi
816 3094 993 3172 religiosis
1007 3093 1067 3158 S.¹¹
1088 3094 1267 3158 Dominici
1279 3096 1442 3158 collaturi
1454 3105 1568 3170 erant;

339 3219 419 3266 cum
434 3201 558 3266 Patres
573 3201 623 3265 illi
635 3201 728 3281 apud
743 3204 923 3265 excelsum
938 3203 1110 3281 regimen,
1131 3202 1226 3282 quod
1240 3214 1384 3279 vocant,
1401 3202 1570 3266 Austriae

339 3311 514 3373 instarent
527 3319 564 3372 ut
578 3309 779 3390 theologica
794 3310 853 3372 illa
874 3310 978 3373 lectio
999 3309 1085 3390 ipsis
1105 3309 1390 3388 demandaretur,
1408 3309 1490 3391 quia
1511 3309 1570 3372 sti·

338 3417 504 3498 pendium
528 3416 680 3480 habebat
698 3415 888 3495 mediocre,
916 3427 950 3481 et
975 3417 1183 3481 eosacilius
1198 3417 1234 3479 id
1252 3425 1354 3480 erant
1380 3416 1569 3494 obtenturi,

339 3523 434 3606 quod
448 3522 562 3587 nostri
576 3524 671 3588 nullo
686 3523 792 3587 modo
813 3524 992 3588 instabant
1007 3535 1044 3588 ut
1065 3541 1109 3587 ea
1128 3524 1232 3587 lectio
1247 3541 1355 3604 penes
1373 3523 1570 3603 Collegium

339 3641 500 3695 nostrum
515 3631 784 3712 relinqueretur.
969 3616 973 3622 ’

402 3737 490 3800 1463.
534 3735 670 3818 Regina
698 3737 889 3803 Bohemiae
918 3741 1085 3804 eximiam
1110 3757 1249 3820 semper
1274 3738 1486 3802 charitatem
1511 3755 1570 3802 no-

340 3845 423 3909 stris
438 3844 640 3923 exhibebat,
657 3846 714 3909 cui
730 3847 908 3911 recedenti
924 3848 960 3910 in
979 3847 1197 3927 Flandriam,
1213 3856 1251 3909 ut
1266 3846 1372 3925 paulo
1387 3855 1470 3908 ante
1485 3844 1571 3908 dixi·

339 3969 430 4030 muS,
441 3967 523 4015 cum
533 3952 774 4016 valedicturus
786 3955 817 4017 ei
830 3952 867 4016 P.
878 3953 1048 4034 Lanoyus
1057 3951 1219 4035 [ivisset],
1230 3953 1368 4030 gratias
1378 3953 1488 4015 etiam
1499 3952 1573 4031 egit

340 4059 384 4123 de
401 4060 520 4123 multis
541 4061 654 4139 donis,
676 4060 803 4141 quibus
822 4063 991 4140 templum
1012 4072 1172 4124 nostrum
1192 4069 1395 4138 ornaverat,
1419 4066 1454 4122 et
1475 4059 1572 4122 obse·

339 4167 461 4247 quium
476 4176 511 4230 et
524 4168 707 4231 orationes
722 4167 872 4246 Collegri
886 4168 1001 4231 nostri
1016 4168 1151 4245 obtulit,
1168 4179 1202 4230 et
1218 4165 1369 4245 benigne
1384 4165 1574 4229 admodum

342 4273 388 4336 ab
403 4290 445 4336 ea
461 4285 632 4354 exceptus
647 4282 713 4354 est,
729 4283 763 4337 et
778 4274 884 4337 rebus
904 4274 991 4354 ipsis
1010 4291 1048 4336 se
1064 4282 1286 4337 ostensuram
1305 4271 1495 4336 affirmavit
1509 4288 1574 4334 suo

341 4389 501 4462 tempore
516 4391 733 4462 quantopere
748 4379 946 4460 Collegium
961 4380 1046 4445 illud
1061 4380 1235 4461 diligeret.
1252 4379 1296 4443 Et
1311 4397 1391 4443 cum
1403 4379 1449 4442 ab
1461 4398 1503 4442 ea
1515 4396 1571 4459 po·

341 4488 509 4549 stulasset
523 4487 616 4551 idem
633 4487 737 4552 Pater
752 4500 790 4552 ut
802 4485 941 4567 iuberet
955 4488 1100 4568 depingi
1115 4486 1289 4569 quaedam
1302 4487 1337 4550 in
1354 4486 1469 4565 altari,
1482 4501 1574 4566 quae

342 4593 388 4660 ad
403 4593 630 4662 devotionem
644 4604 679 4660 et
692 4597 825 4660 cultum
837 4593 904 4660 Dei
915 4595 1151 4679 pertinebant,
1163 4595 1257 4660 misit
1269 4594 1329 4660 illa
1340 4595 1472 4660 bonam
1482 4610 1572 4660 sum·
