3642 5350
766 442 829 514 Au.
852 444 922 514 lton
1402 446 1457 515 355

223 610 260 675 11
272 599 379 668 etiam
394 619 441 669 an
456 600 641 685 expediret
661 600 795 682 Regem
815 601 931 682 ipsum
952 600 1103 666 Diaetae
1121 602 1324 683 praedictae
1338 602 1457 682 potius

225 694 351 779 adesse
366 728 473 792 quam
488 710 524 774 in
540 709 687 774 Austria
702 725 858 787 manere,
877 708 923 772 ad
942 709 1035 789 quod
1050 708 1128 789 Rex
1142 709 1351 790 propensior
1366 720 1455 779 erat,

225 826 265 882 ut
278 818 371 882 bello
383 818 520 887 turcico
534 816 737 881 necessaria
757 814 838 879 inde
862 814 1083 879 commodius
1103 816 1337 897 prospiceret;
1362 817 1454 899 quod

227 925 257 989 si
268 924 485 1005 judicassent
500 924 667 1005 expedire
683 934 721 986 ut
736 933 810 986 tam
824 920 901 985 Rex
921 940 1028 1004 quam
1043 924 1119 1003 ipse
1133 922 1292 987 Nuncius
1306 923 1456 988 Diaetac

228 1033 450 1110 interessent,
469 1049 516 1099 an
529 1030 712 1111 expediret
726 1028 871 1093 Summo
891 1028 1053 1093 Pontifici
1074 1030 1230 1094 scribere
1248 1040 1287 1094 ut
1300 1031 1457 1095 hortare·

228 1148 284 1204 tur
298 1138 445 1221 Regem,
462 1148 501 1203 ut
516 1138 632 1220 primo
648 1154 787 1219 quoque
803 1147 962 1217 tempore
977 1137 1022 1201 ad
1037 1137 1203 1202 Diaetam
1215 1156 1253 1202 se
1264 1138 1454 1203 conterret.

289 1245 378 1310 1473.
422 1244 588 1311 Omnium
610 1254 729 1311 autem
751 1236 912 1308 nostrum
937 1244 1044 1308 immo
1061 1256 1096 1309 et
1117 1246 1268 1310 aliorum
1282 1246 1457 1310 sententia

227 1352 309 1435 luit,
329 1350 478 1418 Diaetas
497 1352 695 1417 celebratas
721 1369 802 1415 cum
826 1351 1038 1416 detrimento
1053 1334 1256 1416 'catholicae
1277 1354 1460 1433 religionis

227 1460 302 1525 sere
331 1477 471 1542 semper
499 1460 619 1538 fuisse;
648 1458 757 1523 etita
783 1458 1041 1539 impediendam
1068 1477 1158 1539 esse,
1180 1460 1210 1523 si
1231 1460 1308 1525 fieri
1327 1473 1458 1542 posset,

228 1558 428 1641 hujusmodi
441 1557 607 1623 Diaetam
626 1558 677 1623 illi
691 1568 917 1636 censuerunt,
939 1558 1033 1639 quod
1053 1558 1099 1622 ad
1115 1559 1257 1639 negotia
1278 1559 1460 1639 religionis

230 1668 365 1744 attinet,
382 1664 445 1731 sed
457 1674 594 1731 tautum
606 1666 766 1730 derebus
778 1666 1032 1743 saecularibus,
1045 1675 1083 1730 ut
1095 1668 1138 1731 de
1150 1667 1256 1731 modo
1271 1667 1457 1731 resistendi

230 1776 352 1855 turcis,
369 1782 462 1839 esset
477 1771 666 1855 agendum.
683 1771 720 1838 Si
734 1781 853 1837 tamen
867 1776 1110 1837 necessarium
1125 1784 1218 1837 esset
1236 1774 1242 1805 ¹
1258 1772 1460 1854 huiusmodi

231 1883 397 1948 Diaetam
416 1882 605 1961 celebrari,
627 1882 664 1944 in
692 1898 763 1962 qua
788 1881 895 1945 etiam
921 1881 965 1944 dc
984 1881 1156 1961 religione
1181 1891 1359 1963 ageretur,
1387 1891 1460 1946 tam

231 1991 346 2072 ipsum
361 1989 496 2069 Regem
510 2006 617 2071 quam
630 1986 806 2053 Nuncium
821 1989 993 2053 interesse
1008 1987 1147 2066 debere;
1164 1998 1198 2053 et
1214 1989 1366 2054 viriliter
1380 2008 1459 2072 pro·

233 2098 439 2163 testantium
452 2096 639 2162 conatibus
650 2113 688 2159 se
700 2112 892 2177 opponere,
906 2113 949 2160 ac
961 2096 1141 2177 principes
1152 2107 1188 2160 et
1200 2098 1379 2176 praelatos
1391 2099 1462 2162 ani·

232 2224 342 2286 mare,
353 2214 388 2269 et
399 2202 444 2268 ad
454 2203 633 2269 idSummi
644 2203 1201 2270 Pontificisexhortationemsore
1211 2215 1460 2286 opportunam.

232 2311 355 2379 Voluit
370 2313 478 2375 etiam
492 2310 650 2376 Nuncius
666 2318 705 2376 ut
718 2327 781 2391 per
797 2311 951 2393 aliquem
966 2329 1012 2375 ex
1022 2312 1154 2376 nostris
1166 2312 1234 2376 hoc
1249 2312 1365 2393 ipsum
1376 2313 1464 2377 Pon·

231 2420 318 2485 tifici
337 2419 611 2501 significaretur.

211 2574 216 2581 .
294 2526 382 2591 1474.
425 2525 596 2608 Religiosi
621 2523 682 2590 S.²¹
709 2526 888 2591 Dominici
909 2527 1041 2592 nostris
1063 2528 1277 2608 obtulerunt,
1298 2528 1464 2611 quemad·

232 2635 375 2702 modum
390 2643 424 2700 et
438 2634 527 2700 alias
541 2632 711 2714 fecerant,
728 2634 764 2698 in
784 2632 915 2715 oppido
930 2633 1053 2701 Crems
1074 2654 1176 2701 suum
1198 2637 1464 2702 monasterium:

233 2746 270 2809 iu
289 2760 418 2825 magno
438 2743 532 2806 enim
551 2742 708 2824 periculo
728 2742 965 2807 versabantur
986 2762 1030 2808 ne
1052 2744 1089 2807 in
1108 2762 1235 2809 manus
1255 2746 1388 2810 civium
1408 2744 1466 2808 de·

235 2853 385 2930 veniret,
413 2859 447 2915 et
473 2850 596 2914 abeis
624 2849 670 2912 ad
698 2849 868 2930 profanos
894 2868 979 2915 usus
1007 2862 1289 2918 converteretur.
1318 2854 1363 2918 Et
1388 2854 1467 2917 ideo

235 2959 274 3024 P.
291 2959 429 3041 Ignatio
445 2959 618 3038 scriptum
633 2957 708 3037 fuit,
725 2967 764 3022 ut
784 2958 921 3022 videret
943 2977 1028 3022 num
1049 2978 1091 3024 eo
1113 2961 1149 3024 in
1164 2961 1293 3042 oppido
1309 2980 1355 3025 ex
1369 2979 1469 3043 prae-

235 3067 331 3131 dicto
352 3065 572 3131 monasterio
594 3065 701 3128 vellet
730 3061 982 3146 [gymnasium]
1005 3068 1142 3131 institui
1159 3066 1183 3148 ';
1204 3077 1239 3132 et
1259 3086 1331 3133 non
1353 3063 1471 3140 miuus

235 3175 397 3238 utilitatis
411 3183 515 3237 extra
531 3172 710 3239 Viennam
725 3181 761 3235 et
776 3170 852 3252 ejus
864 3172 1155 3254 Universitatem,
1172 3175 1266 3256 quod
1278 3176 1324 3240 ad
1335 3177 1471 3240 institu-

236 3282 368 3346 tionem
380 3279 577 3360 juventutis
597 3279 734 3360 attinet,
757 3296 864 3360 quam
883 3281 919 3343 in
942 3280 1020 3361 ipsa
1039 3282 1126 3346 urbe
1140 3281 1338 3348 Viennensi
1352 3300 1470 3364 spera·

236 3388 351 3468 batur,
368 3385 380 3419 ¹
396 3387 464 3451 nisi
476 3387 656 3451 facultatis
668 3387 891 3466 theologicae
903 3398 938 3450 et
949 3388 1216 3469 philosophicae
1226 3391 1335 3455 totius
1347 3408 1471 3456 curam

236 3493 399 3561 Societas
417 3493 582 3558 Viennae
597 3494 804 3575 susciperet.

298 3602 387 3666 1475.
430 3601 552 3667 Mense
568 3601 733 3682 Augusto
750 3602 795 3666 ad
811 3601 917 3666 finem
930 3614 1115 3686 vergente,
1132 3621 1212 3669 cum
1227 3605 1270 3669 de
1285 3605 1324 3668 P.
1341 3605 1472 3685 Ignatii
1564 3646 1573 3660 ·

239 3710 453 3792 migratione
468 3709 514 3774 ad
528 3708 721 3773 Dominum
737 3709 968 3776 intellexisset
983 3710 1021 3774 Ρ.
1038 3711 1275 3776 Prouincialis
1293 3695 1470 3793 Canisius,

238 3817 405 3883 evocavit
419 3816 630 3882 Passavium
644 3815 768 3880 Patres
789 3815 977 3898 Lanoyum
996 3829 1031 3882 et
1051 3817 1276 3899 Gaudanum,
1293 3836 1363 3900 quo
1383 3820 1472 3901 ipse·
1522 3878 1526 3886 .

238 3935 310 3991 met
326 3923 505 4006 Canisius,
521 3923 744 4006 praescripto
760 3923 828 4003 die,
845 3933 1019 3991 venturus
1031 3936 1120 4006 erat,
1134 3937 1172 3990 ut
1184 3927 1227 3991 de
1238 3927 1304 4005 his,
1319 3927 1379 4007 qui
1389 3946 1473 3991 ven-

238 4034 308 4100 turi
324 4042 428 4097 erant
443 4032 488 4096 ad
502 4033 709 4112 generalem
723 4029 1061 4114 Congregationem,
1078 4045 1254 4113 ageretur.

302 4139 391 4204 1476.
435 4139 516 4204 Fuit
545 4149 665 4202 autem
694 4138 925 4204 constitutum
954 4150 991 4205 ut
1014 4141 1163 4221 ipsemet
1188 4140 1226 4204 P.
1250 4141 1417 4207 Canisius
1441 4152 1477 4207 et
1570 4128 1573 4132 ⁵

240 4247 277 4313 Ρ.
294 4248 467 4329 Lanoyus
482 4245 657 4326 venirent;
673 4253 708 4308 et
727 4245 778 4309 ita
793 4247 915 4311 statim
930 4248 965 4311 in
980 4248 1118 4313 Italiam
1132 4249 1327 4330 venientes,
1344 4250 1476 4315 intelle·

283 4489 291 4521 ¹
441 4518 448 4532 .

281 4561 293 4594 ·
322 4487 491 4616 &ddi-&prm
501 4565 522 4605 t.
533 4569 570 4612 tv,
580 4569 643 4614 pag.
656 4558 739 4614 1111.
748 4557 797 4616 576,
809 4567 896 4606 annot.
912 4561 934 4616 3,
949 4563 992 4606 uhi
1003 4561 1034 4605 de
1045 4559 1185 4608 Societatls
1195 4564 1307 4608 statione
1318 4563 1352 4608 ad
1362 4565 1483 4621 oppidum

243 4633 338 4679 litem
353 4633 451 4688 egitur.

283 4703 296 4737 ⁸
323 4702 371 4749 111.
382 4703 518 4759 sperabat.
