3642 5350
354 484 408 547 694
812 485 939 546 Caaorr.
959 484 1034 546 Soc.
1057 484 1126 558 Jas.

357 633 467 711 gliam
481 638 515 693 et
530 627 860 711 Guadalchaquiam
875 631 980 712 (quae
992 631 1123 711 oppida
1135 639 1236 694 terna
1248 630 1357 693 millia
1368 627 1593 693 familiarum·

359 736 506 815 habent)
522 738 680 816 iverunt,
696 746 731 801 et
746 736 791 801 ad
806 738 1059 818 poenitentiam
1074 738 1235 803 homines
1254 735 1388 801 hortati
1409 745 1491 799 sunt
1507 735 1533 813 ¹,
1550 744 1584 798 et

356 846 393 910 in
407 845 494 925 ipsis
510 844 648 926 oppidis
662 862 784 910 eorum
799 846 990 909 conciones
1004 846 1109 909 avide
1123 846 1264 910 fuerunt
1283 844 1443 924 auditae,
1460 853 1533 907 tam
1549 843 1585 905 in

358 952 535 1033 primariis
550 952 689 1034 templis
704 970 809 1035 quam
824 953 860 1017 in
875 954 1101 1018 monasteriis
1117 953 1373 1019 monachorum
1394 961 1429 1016 et
1448 951 1582 1015 monia·

357 1061 454 1124 lium.

418 1164 510 1231 3001.
553 1167 758 1251 lnquodam
772 1170 878 1233 etiarn
894 1172 1024 1251 populo
1040 1171 1178 1235 clericis
1195 1186 1356 1234 seorsum
1375 1168 1518 1250 quidam
1539 1186 1586 1231 ex

361 1274 492 1340 nostris
516 1284 569 1339 est
594 1276 841 1355 concionatus;
868 1287 902 1341 et
928 1286 1069 1360 praeter
1091 1277 1362 1341 admirationem
1392 1274 1585 1353 bominum,

362 1381 486 1463 aliqui,
513 1382 572 1463 qui
596 1382 688 1447 inter
712 1401 750 1447 se
771 1382 976 1448 inimicitias
996 1387 1186 1465 gerebant,
1207 1385 1313 1448 amici
1334 1383 1471 1463 egressi
1492 1392 1585 1447 sunt.

362 1488 507 1570 Aliquot
533 1490 639 1553 etiam
667 1488 978 1555 confraternitates
1005 1489 1051 1555 ad
1079 1492 1157 1573 pias
1185 1491 1378 1556 functionis
1405 1490 1587 1553 institutae

363 1596 516 1660 suerunt.
534 1596 658 1661 Edicto
674 1598 780 1661 etiam
796 1600 937 1679 publico
949 1597 1231 1679 juramentorum
1246 1598 1378 1663 abusus
1393 1597 1458 1661 luit
1472 1595 1588 1677 prohi-

362 1704 468 1768 bitus.

422 1809 514 1873 3002.
558 1810 647 1877 Cum
663 1812 770 1876 etiarn
784 1812 956 1877 admoniti
967 1813 1110 1894 quidam
1121 1813 1282 1893 fuissent,
1295 1812 1355 1893 qui
1366 1811 1491 1875 domos
1506 1828 1590 1875 suas

363 1919 540 1982 lusoribus
554 1920 736 1999 expositas
750 1919 940 1998 habebant,
956 1921 980 1983 ii
995 1922 1139 1984 chartas
1153 1921 1304 1984 lusorias
1319 1919 1366 1982 ad
1380 1927 1523 2003 nostros
1533 1917 1589 1980 dc-

364 2024 542 2089 ierebant:
559 2026 616 2090 ilie
631 2025 781 2106 rogabat
803 2045 846 2091 ne
866 2045 970 2091 suum
986 2028 1054 2090 hoc
1076 2028 1202 2091 vitium
1221 2028 1395 2109 publicari
1415 2026 1590 2107 permitte·

365 2142 460 2209 rent,
483 2142 516 2196 et
537 2133 573 2197 in
598 2142 780 2214 posterum
805 2135 982 2199 abstinere
1007 2152 1046 2198 se
1066 2144 1351 2216 perpetraturum
1372 2134 1456 2214 quid
1477 2133 1590 2197 simile

365 2239 640 2320 protestabatur.

425 2346 516 2411 3003.
559 2347 594 2412 A
612 2348 810 2428 prostitutis
829 2350 1036 2414 mulieribus
1052 2350 1088 2412 in
1110 2349 1302 2430 praedictis
1322 2349 1411 2413 locis
1429 2350 1592 2429 impetra·

365 2464 439 2519 tum
455 2463 525 2532 est,
542 2464 580 2519 ut
595 2456 655 2519 illo
672 2456 810 2536 peccati
825 2465 918 2520 statu
934 2458 1075 2537 relicto,
1091 2457 1281 2522 honestum
1297 2458 1450 2538 aliquem
1464 2456 1510 2520 ad
1525 2455 1594 2520 Dei

367 2562 551 2627 servitium
572 2564 789 2643 acciperent;
815 2563 907 2644 quod
929 2564 1151 2645 propositum
1167 2562 1306 2645 judices
1324 2563 1594 2641 confirmarunt,

367 2687 519 2752 poenam
533 2670 629 2736 exilii
644 2681 678 2736 et
694 2671 783 2735 alias
797 2672 1015 2755 corporaleS,
1031 2673 1062 2737 si
1077 2673 1139 2736 tali
1153 2673 1190 2736 in
1204 2681 1299 2736 statu
1319 2682 1522 2752 manerent,
1539 2671 1595 2737 de·

370 2778 559 2842 cernendo.

429 2885 520 2949 3004.
548 2885 619 2980 ΙΕκ
639 2887 770 2952 scholis
786 2896 904 2951 autem
921 2904 1109 2969 puerorum
1123 2887 1204 2951 libri
1220 2886 1360 2968 profani
1377 2886 1488 2950 ablati
1503 2893 1596 2962 sunt,

370 3000 405 3057 et
431 2993 609 3074 discerpti.
633 2993 702 3074 Qui
724 2995 759 3058 in
781 2994 952 3059 custodiis
975 2995 1125 3074 publicis
1144 2995 1403 3074 detinebantur,
1424 3013 1446 3058 a
1467 2992 1599 3057 nostris

372 3101 480 3164 etiam
494 3102 774 3165 consolationem
789 3110 824 3166 et
840 3102 1012 3166 auxilium
1031 3112 1261 3182 acceperunt;
1284 3111 1318 3165 et
1338 3119 1420 3165 cum
1440 3099 1599 3182 pauperi·

372 3207 438 3270 bus
453 3206 489 3271 in
504 3208 670 3289 hospitali
685 3210 796 3272 nostri
812 3209 1000 3284 servirent,
1014 3209 1066 3272 sic
1082 3210 1143 3272 alii
1158 3208 1225 3272 viri
1241 3209 1278 3273 id
1291 3217 1494 3291 spectantes
1508 3224 1599 3271 com·

374 3315 460 3378 moti
479 3313 639 3394 suerunt,
657 3325 695 3380 ut
715 3326 749 3380 et
768 3317 835 3397 ipsi
855 3315 989 3380 eisdem
1010 3316 1223 3380 inservirent
1243 3324 1277 3380 et
1297 3315 1547 3395 emundarent,
1569 3323 1603 3377 et

374 3423 450 3486 suis
464 3424 572 3487 etiam
585 3423 714 3504 palliis,
732 3441 814 3488 cum
829 3441 920 3505 opus
934 3433 1039 3502 esset,
1055 3433 1227 3503 tegerent.

431 3529 524 3593 3005.
567 3531 849 3611 Experiebantur
876 3539 995 3595 autem
1021 3531 1133 3594 nostri
1159 3531 1195 3594 in
1219 3531 1289 3594 hac
1316 3529 1604 3611 peregrinatione

375 3637 590 3719 peculiarem
604 3637 670 3703 Dei
686 3637 963 3718 providentiam
981 3655 1065 3701 nam
1084 3638 1243 3702 etiamid
1265 3637 1405 3718 exiguis
1424 3636 1527 3718 pagis
1546 3652 1605 3700 ne·

374 3745 531 3810 cessaria
547 3745 634 3826 ipsis
648 3746 793 3810 minime
808 3745 967 3810 deerant.

436 3851 527 3918 3006.
571 3852 639 3933 Qui
663 3852 763 3916 vices
786 3853 935 3934 gerebat
960 3850 1243 3932 Archiepiscopi,
1269 3851 1332 3916 Dr.
1361 3850 1559 3915 Cervantes
1581 3854 1603 3926 ¹,

376 3968 564 4043 postquam
582 3959 700 4040 aliqua
718 3961 917 4041 spiritualia
935 3959 1107 4024 exercitia
1126 3976 1148 4022 a
1173 3959 1304 4023 nostris
1327 3959 1500 4040 suscepit,
1524 3974 1605 4021 cum

376 4068 702 4147 Caesaraugustam
718 4068 762 4131 ad
774 4067 1017 4150 inquisitionis
1029 4065 1181 4130 officium
1193 4067 1307 4130 iturus
1319 4075 1425 4145 esset,
1440 4064 1607 4130 Corduba

377 4177 530 4240 transire
546 4183 579 4239 et
595 4176 631 4240 in
646 4176 750 4240 domo
766 4174 987 4256 probationis
1002 4174 1136 4256 aliquot
1152 4174 1228 4238 dies
1244 4190 1389 4238 manere
1403 4173 1495 4237 inter
1511 4172 1609 4237 novi·

419 4381 428 4415 ¹
458 4379 1613 4437 “PeragramntalliPatresexnostriseamdemcirltaternMarchenametoppldsquee-

379 4455 439 4498 dem
450 4459 581 4506 montana,
592 4451 770 4498 Guedalcanal
780 4459 807 4498 et
818 4454 926 4507 cacalia
936 4460 1093 4508 nuncupata,
1109 4459 1236 4507 ternaque
1252 4452 1334 4496 millia
1350 4451 1538 4506 oppidanorum
1554 4462 1614 4495 con·

380 4525 512 4578 tinentia...
523 4525 645 4570 Litterae
654 4525 885 4580 Quadrimeslres,
895 4533 915 4569 t.
925 4537 963 4580 tv,
972 4537 1032 4580 pag.
1042 4526 1091 4575 420,
1102 4537 1168 4580 quse
1178 4527 1263 4569 verba
1272 4525 1298 4568 ln
1308 4523 1419 4569 latinum
1429 4533 1573 4568 sermonem
1580 4534 1613 4566 ex

381 4597 515 4651 hispanico
524 4599 675 4653 exemplari,
686 4599 752 4653 qnod
763 4599 857 4643 ibidem
869 4599 989 4649 habetur,
999 4599 1129 4642 translata
1139 4604 1208 4641 sunt.

420 4667 431 4699 ἱ
457 4667 503 4712 Dr.
519 4668 623 4725 Gaspsr
638 4671 783 4714 Cervantes
798 4671 829 4714 de
847 4669 963 4722 salazar,
983 4681 1058 4724 quern
1072 4668 1224 4725 saepissime
1241 4676 1268 4712 et
1287 4669 1379 4714 merito
1397 4669 1504 4714 landant
1523 4673 1612 4713 nostra

384 4739 552 4786 Mortuerum.
