<?xml version="1.0" encoding="UTF-8"?>
<!DOCTYPE html PUBLIC "-//W3C//DTD XHTML 1.0 Transitional//EN"
    "http://www.w3.org/TR/xhtml1/DTD/xhtml1-transitional.dtd">
<html xmlns="http://www.w3.org/1999/xhtml" xml:lang="en" lang="en">
 <head>
  <title>
</title>
<meta http-equiv="Content-Type" content="text/html;charset=utf-8" />
  <meta name='ocr-system' content='tesseract 3.04.00' />
  <meta name='ocr-capabilities' content='ocr_page ocr_carea ocr_par ocr_line ocrx_word'/>
</head>
<body>
  <div class='ocr_page' id='page_1' title='image "./vitaignatiiloio00polagoog_0403.png"; bbox 0 0 3642 5350; ppageno 0'>
   <div class='ocr_carea' id='block_1_1' title="bbox 799 434 1492 499">
    <p class='ocr_par' dir='ltr' id='par_1_1' title="bbox 799 434 1492 499">
     <span class='ocr_line' id='line_1_1' title="bbox 799 434 1492 499; baseline 0 0"><span class='ocrx_word' id='word_1_1' title='bbox 799 438 862 499; x_wconf 81' lang='lat' dir='ltr'><strong>Au.</strong></span> <span class='ocrx_word' id='word_1_2' title='bbox 885 437 955 499; x_wconf 85' lang='lat'>1566</span> <span class='ocrx_word' id='word_1_3' title='bbox 1437 434 1492 499; x_wconf 79' lang='lat'><strong>393</strong></span> 
     </span>
    </p>
   </div>
   <div class='ocr_carea' id='block_1_2' title="bbox 258 583 1572 4108">
    <p class='ocr_par' dir='ltr' id='par_1_2' title="bbox 260 583 1490 867">
     <span class='ocr_line' id='line_1_2' title="bbox 260 583 1489 668; baseline -0.002 -17"><span class='ocrx_word' id='word_1_4' title='bbox 260 603 381 668; x_wconf 88' lang='lat' dir='ltr'><strong>guum,</strong></span> <span class='ocrx_word' id='word_1_5' title='bbox 397 586 456 651; x_wconf 93' lang='lat' dir='ltr'><strong>ubi</strong></span> <span class='ocrx_word' id='word_1_6' title='bbox 471 584 541 651; x_wconf 92' lang='lat' dir='ltr'><strong>duo</strong></span> <span class='ocrx_word' id='word_1_7' title='bbox 559 586 686 650; x_wconf 86' lang='lat' dir='ltr'><strong>altaria</strong></span> <span class='ocrx_word' id='word_1_8' title='bbox 706 595 824 665; x_wconf 90' lang='lat' dir='ltr'><strong>erant,</strong></span> <span class='ocrx_word' id='word_1_9' title='bbox 845 586 976 650; x_wconf 79' lang='lat' dir='ltr'><strong>calices</strong></span> <span class='ocrx_word' id='word_1_10' title='bbox 995 595 1029 650; x_wconf 90' lang='lat' dir='ltr'><strong>et</strong></span> <span class='ocrx_word' id='word_1_11' title='bbox 1048 593 1168 649; x_wconf 88' lang='lat' dir='ltr'><strong>vestes</strong></span> <span class='ocrx_word' id='word_1_12' title='bbox 1183 583 1436 665; x_wconf 88' lang='lat' dir='ltr'><strong>sacerdotales,</strong></span> <span class='ocrx_word' id='word_1_13' title='bbox 1453 594 1489 649; x_wconf 91' lang='lat' dir='ltr'><strong>et</strong></span> 
     </span>
     <span class='ocr_line' id='line_1_3' title="bbox 261 692 1490 775; baseline -0.003 -15"><span class='ocrx_word' id='word_1_14' title='bbox 261 695 521 774; x_wconf 90' lang='lat' dir='ltr'><strong>librimissales,</strong></span> <span class='ocrx_word' id='word_1_15' title='bbox 531 692 632 774; x_wconf 87' lang='lat' dir='ltr'><strong>juxta</strong></span> <span class='ocrx_word' id='word_1_16' title='bbox 644 692 720 774; x_wconf 88' lang='lat' dir='ltr'><strong>ejus</strong></span> <span class='ocrx_word' id='word_1_17' title='bbox 731 694 958 775; x_wconf 90' lang='lat' dir='ltr'><strong>episcopatus</strong></span> <span class='ocrx_word' id='word_1_18' title='bbox 969 693 1257 773; x_wconf 85' lang='lat' dir='ltr'><strong>morem,nostris</strong></span> <span class='ocrx_word' id='word_1_19' title='bbox 1268 692 1490 773; x_wconf 87' lang='lat' dir='ltr'><strong>assignatum</strong></span> 
     </span>
     <span class='ocr_line' id='line_1_4' title="bbox 261 802 337 867; baseline -0.026 0"><span class='ocrx_word' id='word_1_20' title='bbox 261 802 337 867; x_wconf 86' lang='lat' dir='ltr'><strong>luit.</strong></span> 
     </span>
    </p>

    <p class='ocr_par' dir='ltr' id='par_1_3' title="bbox 259 908 1490 1727">
     <span class='ocr_line' id='line_1_5' title="bbox 323 908 1488 989; baseline -0.003 -15"><span class='ocrx_word' id='word_1_21' title='bbox 323 908 411 975; x_wconf 88' lang='lat'>1666.</span> <span class='ocrx_word' id='word_1_22' title='bbox 455 909 676 974; x_wconf 88' lang='lat' dir='ltr'><strong>Graecorum</strong></span> <span class='ocrx_word' id='word_1_23' title='bbox 690 910 860 975; x_wconf 88' lang='lat' dir='ltr'><strong>librorum</strong></span> <span class='ocrx_word' id='word_1_24' title='bbox 874 918 909 975; x_wconf 91' lang='lat' dir='ltr'><strong>et</strong></span> <span class='ocrx_word' id='word_1_25' title='bbox 923 910 1175 989; x_wconf 89' lang='lat' dir='ltr'><strong>hebraeorum,</strong></span> <span class='ocrx_word' id='word_1_26' title='bbox 1191 910 1298 973; x_wconf 91' lang='lat' dir='ltr'><strong>immo</strong></span> <span class='ocrx_word' id='word_1_27' title='bbox 1313 917 1348 973; x_wconf 93' lang='lat' dir='ltr'><strong>et</strong></span> <span class='ocrx_word' id='word_1_28' title='bbox 1367 909 1488 973; x_wconf 88' lang='lat' dir='ltr'><strong>latino·</strong></span> 
     </span>
     <span class='ocr_line' id='line_1_6' title="bbox 261 1016 1489 1099; baseline -0.002 -16"><span class='ocrx_word' id='word_1_29' title='bbox 261 1034 352 1097; x_wconf 91' lang='lat' dir='ltr'><strong>rum,</strong></span> <span class='ocrx_word' id='word_1_30' title='bbox 366 1017 414 1082; x_wconf 90' lang='lat' dir='ltr'><strong>ad</strong></span> <span class='ocrx_word' id='word_1_31' title='bbox 423 1017 651 1082; x_wconf 84' lang='lat' dir='ltr'>humaniores</span> <span class='ocrx_word' id='word_1_32' title='bbox 662 1018 799 1082; x_wconf 88' lang='lat' dir='ltr'><strong>litteras</strong></span> <span class='ocrx_word' id='word_1_33' title='bbox 810 1017 1071 1099; x_wconf 86' lang='lat' dir='ltr'><strong>pertinentium,</strong></span> <span class='ocrx_word' id='word_1_34' title='bbox 1084 1018 1232 1099; x_wconf 91' lang='lat' dir='ltr'><strong>penuria</strong></span> <span class='ocrx_word' id='word_1_35' title='bbox 1244 1016 1343 1081; x_wconf 92' lang='lat' dir='ltr'><strong>initio</strong></span> <span class='ocrx_word' id='word_1_36' title='bbox 1353 1017 1489 1081; x_wconf 88' lang='lat' dir='ltr'><strong>labora·</strong></span> 
     </span>
     <span class='ocr_line' id='line_1_7' title="bbox 260 1122 1490 1206; baseline -0.002 -17"><span class='ocrx_word' id='word_1_37' title='bbox 260 1126 357 1203; x_wconf 89' lang='lat' dir='ltr'><strong>bant,</strong></span> <span class='ocrx_word' id='word_1_38' title='bbox 373 1124 436 1188; x_wconf 90' lang='lat' dir='ltr'><strong>sed</strong></span> <span class='ocrx_word' id='word_1_39' title='bbox 451 1124 661 1204; x_wconf 81' lang='lat' dir='ltr'><strong>theologicis</strong></span> <span class='ocrx_word' id='word_1_40' title='bbox 679 1124 925 1206; x_wconf 81' lang='lat' dir='ltr'><strong>abundabant3</strong></span> <span class='ocrx_word' id='word_1_41' title='bbox 941 1142 1024 1189; x_wconf 93' lang='lat' dir='ltr'><strong>nam</strong></span> <span class='ocrx_word' id='word_1_42' title='bbox 1044 1143 1089 1189; x_wconf 87' lang='lat' dir='ltr'><strong>ex</strong></span> <span class='ocrx_word' id='word_1_43' title='bbox 1109 1122 1330 1189; x_wconf 87' lang='lat' dir='ltr'><strong>bibliothecis</strong></span> <span class='ocrx_word' id='word_1_44' title='bbox 1344 1122 1436 1187; x_wconf 89' lang='lat' dir='ltr'><strong>Novi</strong></span> <span class='ocrx_word' id='word_1_45' title='bbox 1455 1133 1490 1187; x_wconf 90' lang='lat' dir='ltr'><strong>et</strong></span> 
     </span>
     <span class='ocr_line' id='line_1_8' title="bbox 260 1229 1488 1315; baseline -0.002 -20"><span class='ocrx_word' id='word_1_46' title='bbox 260 1231 404 1296; x_wconf 91' lang='lat' dir='ltr'><strong>Veteris</strong></span> <span class='ocrx_word' id='word_1_47' title='bbox 411 1229 674 1311; x_wconf 84' lang='lat' dir='ltr'><strong>Collegiiiacile</strong></span> <span class='ocrx_word' id='word_1_48' title='bbox 685 1250 809 1297; x_wconf 90' lang='lat' dir='ltr'><strong>eorum</strong></span> <span class='ocrx_word' id='word_1_49' title='bbox 819 1234 979 1314; x_wconf 84' lang='lat' dir='ltr'><strong>supellex</strong></span> <span class='ocrx_word' id='word_1_50' title='bbox 990 1232 1135 1315; x_wconf 89' lang='lat' dir='ltr'><strong>copiosa</strong></span> <span class='ocrx_word' id='word_1_51' title='bbox 1148 1231 1415 1297; x_wconf 89' lang='lat' dir='ltr'><strong>subministrata</strong></span> <span class='ocrx_word' id='word_1_52' title='bbox 1423 1240 1488 1295; x_wconf 90' lang='lat' dir='ltr'><strong>est.</strong></span> 
     </span>
     <span class='ocr_line' id='line_1_9' title="bbox 261 1337 1488 1421; baseline -0.002 -18"><span class='ocrx_word' id='word_1_53' title='bbox 261 1337 331 1403; x_wconf 87' lang='lat' dir='ltr'><strong>Sed</strong></span> <span class='ocrx_word' id='word_1_54' title='bbox 350 1348 385 1403; x_wconf 93' lang='lat' dir='ltr'><strong>et</strong></span> <span class='ocrx_word' id='word_1_55' title='bbox 403 1339 631 1419; x_wconf 90' lang='lat' dir='ltr'><strong>reliquorum,</strong></span> <span class='ocrx_word' id='word_1_56' title='bbox 656 1339 716 1421; x_wconf 92' lang='lat' dir='ltr'><strong>qui</strong></span> <span class='ocrx_word' id='word_1_57' title='bbox 736 1338 895 1420; x_wconf 87' lang='lat' dir='ltr'><strong>deerant,</strong></span> <span class='ocrx_word' id='word_1_58' title='bbox 924 1338 1101 1404; x_wconf 86' lang='lat' dir='ltr'><strong>deiectum</strong></span> <span class='ocrx_word' id='word_1_59' title='bbox 1119 1356 1191 1403; x_wconf 92' lang='lat' dir='ltr'><strong>non</strong></span> <span class='ocrx_word' id='word_1_60' title='bbox 1211 1339 1270 1403; x_wconf 93' lang='lat' dir='ltr'><strong>diu</strong></span> <span class='ocrx_word' id='word_1_61' title='bbox 1290 1348 1488 1416; x_wconf 89' lang='lat' dir='ltr'><strong>senserunt,</strong></span> 
     </span>
     <span class='ocr_line' id='line_1_10' title="bbox 260 1446 1490 1527; baseline -0.002 -17"><span class='ocrx_word' id='word_1_62' title='bbox 260 1465 343 1512; x_wconf 86' lang='lat' dir='ltr'><strong>narn</strong></span> <span class='ocrx_word' id='word_1_63' title='bbox 358 1447 394 1511; x_wconf 93' lang='lat' dir='ltr'><strong>in</strong></span> <span class='ocrx_word' id='word_1_64' title='bbox 409 1446 586 1525; x_wconf 91' lang='lat' dir='ltr'><strong>nundinis,</strong></span> <span class='ocrx_word' id='word_1_65' title='bbox 603 1446 727 1511; x_wconf 93' lang='lat' dir='ltr'><strong>eodem</strong></span> <span class='ocrx_word' id='word_1_66' title='bbox 742 1464 863 1512; x_wconf 91' lang='lat' dir='ltr'><strong>mense</strong></span> <span class='ocrx_word' id='word_1_67' title='bbox 883 1447 1072 1527; x_wconf 90' lang='lat' dir='ltr'><strong>inchoatis,</strong></span> <span class='ocrx_word' id='word_1_68' title='bbox 1089 1446 1270 1511; x_wconf 90' lang='lat' dir='ltr'><strong>Monachii</strong></span> <span class='ocrx_word' id='word_1_69' title='bbox 1289 1446 1399 1527; x_wconf 89' lang='lat' dir='ltr'><strong>empti</strong></span> <span class='ocrx_word' id='word_1_70' title='bbox 1417 1446 1490 1510; x_wconf 87' lang='lat' dir='ltr'><strong>sue·</strong></span> 
     </span>
     <span class='ocr_line' id='line_1_11' title="bbox 260 1553 1488 1635; baseline -0.001 -18"><span class='ocrx_word' id='word_1_71' title='bbox 260 1563 352 1634; x_wconf 90' lang='lat' dir='ltr'><strong>runt,</strong></span> <span class='ocrx_word' id='word_1_72' title='bbox 369 1570 450 1618; x_wconf 92' lang='lat' dir='ltr'><strong>cum</strong></span> <span class='ocrx_word' id='word_1_73' title='bbox 462 1555 666 1635; x_wconf 81' lang='lat' dir='ltr'><strong>catalogum</strong></span> <span class='ocrx_word' id='word_1_74' title='bbox 677 1553 724 1618; x_wconf 86' lang='lat' dir='ltr'><strong>ad</strong></span> <span class='ocrx_word' id='word_1_75' title='bbox 735 1554 929 1627; x_wconf 85' lang='lat' dir='ltr'><strong>Doctorem</strong></span> <span class='ocrx_word' id='word_1_76' title='bbox 939 1554 1120 1619; x_wconf 91' lang='lat' dir='ltr'><strong>Hundium</strong></span> <span class='ocrx_word' id='word_1_77' title='bbox 1132 1564 1167 1619; x_wconf 90' lang='lat' dir='ltr'><strong>et</strong></span> <span class='ocrx_word' id='word_1_78' title='bbox 1178 1553 1417 1619; x_wconf 87' lang='lat' dir='ltr'><strong>Secretarium</strong></span> <span class='ocrx_word' id='word_1_79' title='bbox 1428 1553 1488 1616; x_wconf 91' lang='lat' dir='ltr'><strong>mi·</strong></span> 
     </span>
     <span class='ocr_line' id='line_1_12' title="bbox 259 1662 401 1727; baseline 0.014 -2"><span class='ocrx_word' id='word_1_80' title='bbox 259 1662 401 1727; x_wconf 90' lang='lat' dir='ltr'><strong>sissent.</strong></span> 
     </span>
    </p>

    <p class='ocr_par' dir='ltr' id='par_1_4' title="bbox 260 1768 1489 2068">
     <span class='ocr_line' id='line_1_13' title="bbox 322 1768 1489 1853; baseline -0.002 -19"><span class='ocrx_word' id='word_1_81' title='bbox 322 1769 411 1834; x_wconf 92' lang='lat'>1667.</span> <span class='ocrx_word' id='word_1_82' title='bbox 454 1769 544 1836; x_wconf 92' lang='lat' dir='ltr'><strong>Cum</strong></span> <span class='ocrx_word' id='word_1_83' title='bbox 559 1772 665 1836; x_wconf 90' lang='lat' dir='ltr'><strong>etiam</strong></span> <span class='ocrx_word' id='word_1_84' title='bbox 677 1772 821 1853; x_wconf 88' lang='lat' dir='ltr'><strong>quidam</strong></span> <span class='ocrx_word' id='word_1_85' title='bbox 832 1774 952 1837; x_wconf 90' lang='lat' dir='ltr'><strong>clarus</strong></span> <span class='ocrx_word' id='word_1_86' title='bbox 963 1773 1195 1836; x_wconf 90' lang='lat' dir='ltr'><strong>concionator</strong></span> <span class='ocrx_word' id='word_1_87' title='bbox 1204 1769 1402 1835; x_wconf 90' lang='lat' dir='ltr'><strong>catholicus</strong></span> <span class='ocrx_word' id='word_1_88' title='bbox 1413 1768 1489 1832; x_wconf 87' lang='lat' dir='ltr'><strong>vita</strong></span> 
     </span>
     <span class='ocr_line' id='line_1_14' title="bbox 262 1876 1489 1959; baseline -0.001 -19"><span class='ocrx_word' id='word_1_89' title='bbox 262 1876 404 1941; x_wconf 84' lang='lat' dir='ltr'><strong>functus</strong></span> <span class='ocrx_word' id='word_1_90' title='bbox 430 1886 540 1958; x_wconf 90' lang='lat' dir='ltr'><strong>esset,</strong></span> <span class='ocrx_word' id='word_1_91' title='bbox 568 1880 628 1959; x_wconf 91' lang='lat' dir='ltr'><strong>qui</strong></span> <span class='ocrx_word' id='word_1_92' title='bbox 652 1879 963 1944; x_wconf 88' lang='lat' dir='ltr'><strong>instructissimam</strong></span> <span class='ocrx_word' id='word_1_93' title='bbox 987 1879 1140 1943; x_wconf 88' lang='lat' dir='ltr'><strong>habebat</strong></span> <span class='ocrx_word' id='word_1_94' title='bbox 1165 1876 1427 1956; x_wconf 89' lang='lat' dir='ltr'><strong>bibliothecam,</strong></span> <span class='ocrx_word' id='word_1_95' title='bbox 1454 1885 1489 1939; x_wconf 91' lang='lat' dir='ltr'><strong>et</strong></span> 
     </span>
     <span class='ocr_line' id='line_1_15' title="bbox 260 1982 1487 2068; baseline -0.002 -20"><span class='ocrx_word' id='word_1_96' title='bbox 260 2001 339 2049; x_wconf 91' lang='lat' dir='ltr'><strong>eam</strong></span> <span class='ocrx_word' id='word_1_97' title='bbox 353 1983 447 2049; x_wconf 92' lang='lat' dir='ltr'><strong>Duci</strong></span> <span class='ocrx_word' id='word_1_98' title='bbox 460 1984 636 2050; x_wconf 89' lang='lat' dir='ltr'><strong>Bavariae</strong></span> <span class='ocrx_word' id='word_1_99' title='bbox 651 1987 818 2067; x_wconf 83' lang='lat' dir='ltr'><strong>legasset,</strong></span> <span class='ocrx_word' id='word_1_100' title='bbox 833 1986 1004 2068; x_wconf 89' lang='lat' dir='ltr'><strong>Princeps</strong></span> <span class='ocrx_word' id='word_1_101' title='bbox 1024 1986 1156 2050; x_wconf 91' lang='lat' dir='ltr'><strong>nostris</strong></span> <span class='ocrx_word' id='word_1_102' title='bbox 1170 2002 1251 2049; x_wconf 91' lang='lat' dir='ltr'><strong>eam</strong></span> <span class='ocrx_word' id='word_1_103' title='bbox 1269 1983 1363 2047; x_wconf 92' lang='lat' dir='ltr'><strong>dono</strong></span> <span class='ocrx_word' id='word_1_104' title='bbox 1379 1982 1487 2047; x_wconf 86' lang='lat' dir='ltr'><strong>dedit.</strong></span> 
     </span>
    </p>

    <p class='ocr_par' dir='ltr' id='par_1_5' title="bbox 262 2090 1487 2281">
     <span class='ocr_line' id='line_1_16' title="bbox 322 2090 1487 2183; baseline 0 -29"><span class='ocrx_word' id='word_1_105' title='bbox 322 2090 410 2156; x_wconf 91' lang='lat'>1668.</span> <span class='ocrx_word' id='word_1_106' title='bbox 453 2092 552 2173; x_wconf 88' lang='lat' dir='ltr'><strong>Quae</strong></span> <span class='ocrx_word' id='word_1_107' title='bbox 568 2093 614 2157; x_wconf 91' lang='lat' dir='ltr'><strong>ad</strong></span> <span class='ocrx_word' id='word_1_108' title='bbox 628 2102 747 2157; x_wconf 84' lang='lat' dir='ltr'><strong>vestes</strong></span> <span class='ocrx_word' id='word_1_109' title='bbox 761 2094 869 2183; x_wconf 79' lang='lat' dir='ltr'><strong>etiam</strong></span> <span class='ocrx_word' id='word_1_110' title='bbox 888 2104 924 2158; x_wconf 93' lang='lat' dir='ltr'><strong>et</strong></span> <span class='ocrx_word' id='word_1_111' title='bbox 943 2094 1012 2157; x_wconf 87' lang='lat' dir='ltr'><strong>alia</strong></span> <span class='ocrx_word' id='word_1_112' title='bbox 1027 2093 1231 2158; x_wconf 88' lang='lat' dir='ltr'><strong>necessaria</strong></span> <span class='ocrx_word' id='word_1_113' title='bbox 1250 2090 1487 2171; x_wconf 87' lang='lat' dir='ltr'><strong>pertinebant,</strong></span> 
     </span>
     <span class='ocr_line' id='line_1_17' title="bbox 262 2199 829 2281; baseline 0.005 -18"><span class='ocrx_word' id='word_1_114' title='bbox 262 2199 368 2281; x_wconf 87' lang='lat' dir='ltr'><strong>paulo</strong></span> <span class='ocrx_word' id='word_1_115' title='bbox 383 2209 462 2280; x_wconf 93' lang='lat' dir='ltr'><strong>post</strong></span> <span class='ocrx_word' id='word_1_116' title='bbox 476 2210 664 2281; x_wconf 89' lang='lat' dir='ltr'><strong>prospecta</strong></span> <span class='ocrx_word' id='word_1_117' title='bbox 678 2200 829 2266; x_wconf 87' lang='lat' dir='ltr'><strong>suerunt.</strong></span> 
     </span>
    </p>

    <p class='ocr_par' dir='ltr' id='par_1_6' title="bbox 258 2298 1572 2817">
     <span class='ocr_line' id='line_1_18' title="bbox 322 2298 1572 2399; baseline -0.001 -29"><span class='ocrx_word' id='word_1_118' title='bbox 322 2306 409 2371; x_wconf 89' lang='lat'>1669.</span> <span class='ocrx_word' id='word_1_119' title='bbox 434 2298 655 2388; x_wconf 53' lang='lat' dir='ltr'><strong>&#39;Aliquando</strong></span> <span class='ocrx_word' id='word_1_120' title='bbox 675 2308 711 2372; x_wconf 89' lang='lat' dir='ltr'><strong>in</strong></span> <span class='ocrx_word' id='word_1_121' title='bbox 730 2310 861 2373; x_wconf 90' lang='lat' dir='ltr'><strong>sacello</strong></span> <span class='ocrx_word' id='word_1_122' title='bbox 886 2309 1032 2389; x_wconf 93' lang='lat' dir='ltr'><strong>proprio</strong></span> <span class='ocrx_word' id='word_1_123' title='bbox 1057 2307 1166 2389; x_wconf 90' lang='lat' dir='ltr'><strong>aliqui</strong></span> <span class='ocrx_word' id='word_1_124' title='bbox 1190 2326 1236 2372; x_wconf 84' lang='lat' dir='ltr'><strong>ex</strong></span> <span class='ocrx_word' id='word_1_125' title='bbox 1260 2307 1393 2371; x_wconf 90' lang='lat' dir='ltr'><strong>nostris</strong></span> <span class='ocrx_word' id='word_1_126' title='bbox 1415 2322 1487 2370; x_wconf 91' lang='lat' dir='ltr'><strong>non</strong></span> <span class='ocrx_word' id='word_1_127' title='bbox 1570 2395 1572 2399; x_wconf 40' lang='lat'>.</span> 
     </span>
     <span class='ocr_line' id='line_1_19' title="bbox 258 2414 1486 2497; baseline -0.001 -19"><span class='ocrx_word' id='word_1_128' title='bbox 258 2415 495 2492; x_wconf 90' lang='lat' dir='ltr'><strong>celebrabant,</strong></span> <span class='ocrx_word' id='word_1_129' title='bbox 511 2414 625 2479; x_wconf 89' lang='lat' dir='ltr'><strong>sedin</strong></span> <span class='ocrx_word' id='word_1_130' title='bbox 639 2414 759 2480; x_wconf 88' lang='lat' dir='ltr'><strong>vicina</strong></span> <span class='ocrx_word' id='word_1_131' title='bbox 778 2414 933 2497; x_wconf 90' lang='lat' dir='ltr'><strong>quadam</strong></span> <span class='ocrx_word' id='word_1_132' title='bbox 951 2415 1118 2495; x_wconf 81' lang='lat' dir='ltr'><strong>ecclesia3</strong></span> <span class='ocrx_word' id='word_1_133' title='bbox 1139 2415 1257 2480; x_wconf 89' lang='lat' dir='ltr'><strong>sedin</strong></span> <span class='ocrx_word' id='word_1_134' title='bbox 1276 2416 1407 2479; x_wconf 87' lang='lat' dir='ltr'><strong>sacello</strong></span> <span class='ocrx_word' id='word_1_135' title='bbox 1427 2432 1486 2477; x_wconf 91' lang='lat' dir='ltr'><strong>no·</strong></span> 
     </span>
     <span class='ocr_line' id='line_1_20' title="bbox 258 2520 1488 2603; baseline -0.001 -18"><span class='ocrx_word' id='word_1_136' title='bbox 258 2521 323 2585; x_wconf 89' lang='lat' dir='ltr'><strong>stri</strong></span> <span class='ocrx_word' id='word_1_137' title='bbox 338 2521 469 2585; x_wconf 84' lang='lat' dir='ltr'><strong>fratres</strong></span> <span class='ocrx_word' id='word_1_138' title='bbox 483 2522 803 2601; x_wconf 87' lang='lat' dir='ltr'><strong>communicabant,</strong></span> <span class='ocrx_word' id='word_1_139' title='bbox 825 2522 919 2603; x_wconf 90' lang='lat' dir='ltr'><strong>quod</strong></span> <span class='ocrx_word' id='word_1_140' title='bbox 941 2540 1022 2586; x_wconf 92' lang='lat' dir='ltr'><strong>cum</strong></span> <span class='ocrx_word' id='word_1_141' title='bbox 1041 2523 1089 2587; x_wconf 92' lang='lat' dir='ltr'><strong>ibi</strong></span> <span class='ocrx_word' id='word_1_142' title='bbox 1108 2523 1193 2585; x_wconf 91' lang='lat' dir='ltr'><strong>etin</strong></span> <span class='ocrx_word' id='word_1_143' title='bbox 1209 2522 1336 2586; x_wconf 90' lang='lat' dir='ltr'><strong>itinere</strong></span> <span class='ocrx_word' id='word_1_144' title='bbox 1355 2530 1390 2585; x_wconf 90' lang='lat' dir='ltr'><strong>et</strong></span> <span class='ocrx_word' id='word_1_145' title='bbox 1409 2520 1488 2585; x_wconf 88' lang='lat' dir='ltr'><strong>aliis</strong></span> 
     </span>
     <span class='ocr_line' id='line_1_21' title="bbox 258 2625 1487 2712; baseline -0.001 -20"><span class='ocrx_word' id='word_1_146' title='bbox 258 2629 294 2693; x_wconf 91' lang='lat' dir='ltr'><strong>in</strong></span> <span class='ocrx_word' id='word_1_147' title='bbox 317 2630 406 2694; x_wconf 91' lang='lat' dir='ltr'><strong>locis</strong></span> <span class='ocrx_word' id='word_1_148' title='bbox 430 2628 620 2709; x_wconf 83' lang='lat' dir='ltr'><strong>iaciebant,</strong></span> <span class='ocrx_word' id='word_1_149' title='bbox 645 2625 818 2712; x_wconf 90' lang='lat' dir='ltr'><strong>[multum]</strong></span> <span class='ocrx_word' id='word_1_150' title='bbox 842 2637 878 2693; x_wconf 92' lang='lat' dir='ltr'><strong>et</strong></span> <span class='ocrx_word' id='word_1_151' title='bbox 903 2628 1148 2694; x_wconf 89' lang='lat' dir='ltr'><strong>admirationis</strong></span> <span class='ocrx_word' id='word_1_152' title='bbox 1170 2638 1204 2694; x_wconf 92' lang='lat' dir='ltr'><strong>et</strong></span> <span class='ocrx_word' id='word_1_153' title='bbox 1230 2628 1487 2694; x_wconf 83' lang='lat' dir='ltr'><strong>aedificationis</strong></span> 
     </span>
     <span class='ocr_line' id='line_1_22' title="bbox 259 2737 745 2817; baseline -0.008 -17"><span class='ocrx_word' id='word_1_154' title='bbox 259 2737 501 2817; x_wconf 87' lang='lat' dir='ltr'><strong>spectantibus</strong></span> <span class='ocrx_word' id='word_1_155' title='bbox 516 2737 745 2816; x_wconf 89' lang='lat' dir='ltr'><strong>praebebant.</strong></span> 
     </span>
    </p>

    <p class='ocr_par' dir='ltr' id='par_1_7' title="bbox 258 2842 1488 3229">
     <span class='ocr_line' id='line_1_23' title="bbox 322 2842 1488 2926; baseline -0.001 -18"><span class='ocrx_word' id='word_1_156' title='bbox 322 2842 409 2908; x_wconf 89' lang='lat'>1670.</span> <span class='ocrx_word' id='word_1_157' title='bbox 454 2843 553 2924; x_wconf 87' lang='lat' dir='ltr'><strong>Quae</strong></span> <span class='ocrx_word' id='word_1_158' title='bbox 580 2843 625 2908; x_wconf 91' lang='lat' dir='ltr'><strong>ad</strong></span> <span class='ocrx_word' id='word_1_159' title='bbox 653 2844 770 2909; x_wconf 89' lang='lat' dir='ltr'><strong>studia</strong></span> <span class='ocrx_word' id='word_1_160' title='bbox 799 2845 1044 2926; x_wconf 87' lang='lat' dir='ltr'><strong>pertinebant,</strong></span> <span class='ocrx_word' id='word_1_161' title='bbox 1073 2845 1266 2911; x_wconf 77' lang='lat' dir='ltr'><strong>differenda</strong></span> <span class='ocrx_word' id='word_1_162' title='bbox 1294 2844 1488 2925; x_wconf 91' lang='lat' dir='ltr'><strong>scripserat</strong></span> 
     </span>
     <span class='ocr_line' id='line_1_24' title="bbox 261 2949 1485 3035; baseline 0.001 -21"><span class='ocrx_word' id='word_1_163' title='bbox 261 2949 297 3014; x_wconf 90' lang='lat' dir='ltr'>P.</span> <span class='ocrx_word' id='word_1_164' title='bbox 318 2949 493 3030; x_wconf 82' lang='lat' dir='ltr'><strong>Carisius,</strong></span> <span class='ocrx_word' id='word_1_165' title='bbox 515 2967 595 3014; x_wconf 91' lang='lat' dir='ltr'><strong>cum</strong></span> <span class='ocrx_word' id='word_1_166' title='bbox 620 2960 712 3015; x_wconf 90' lang='lat' dir='ltr'><strong>esset</strong></span> <span class='ocrx_word' id='word_1_167' title='bbox 737 2950 888 3032; x_wconf 88' lang='lat' dir='ltr'><strong>Pragae‚</strong></span> <span class='ocrx_word' id='word_1_168' title='bbox 914 2954 1089 3035; x_wconf 90' lang='lat' dir='ltr'><strong>usquead</strong></span> <span class='ocrx_word' id='word_1_169' title='bbox 1114 2971 1218 3019; x_wconf 88' lang='lat' dir='ltr'><strong>suum</strong></span> <span class='ocrx_word' id='word_1_170' title='bbox 1243 2953 1437 3016; x_wconf 89' lang='lat' dir='ltr'><strong>adventum</strong></span> <span class='ocrx_word' id='word_1_171' title='bbox 1464 2950 1485 3029; x_wconf 82' lang='lat'><strong>¹,</strong></span> 
     </span>
     <span class='ocr_line' id='line_1_25' title="bbox 259 3058 1486 3139; baseline 0 -16"><span class='ocrx_word' id='word_1_172' title='bbox 259 3058 423 3139; x_wconf 87' lang='lat' dir='ltr'><strong>quamvis</strong></span> <span class='ocrx_word' id='word_1_173' title='bbox 447 3058 599 3123; x_wconf 90' lang='lat' dir='ltr'><strong>domiin</strong></span> <span class='ocrx_word' id='word_1_174' title='bbox 623 3059 851 3124; x_wconf 90' lang='lat' dir='ltr'><strong>concionibus</strong></span> <span class='ocrx_word' id='word_1_175' title='bbox 880 3077 923 3124; x_wconf 89' lang='lat' dir='ltr'><strong>ac</strong></span> <span class='ocrx_word' id='word_1_176' title='bbox 952 3061 1161 3126; x_wconf 92' lang='lat' dir='ltr'><strong>lectionibus</strong></span> <span class='ocrx_word' id='word_1_177' title='bbox 1185 3078 1223 3124; x_wconf 93' lang='lat' dir='ltr'><strong>se</strong></span> <span class='ocrx_word' id='word_1_178' title='bbox 1249 3060 1363 3124; x_wconf 92' lang='lat' dir='ltr'><strong>nostri</strong></span> <span class='ocrx_word' id='word_1_179' title='bbox 1388 3075 1486 3124; x_wconf 85' lang='lat' dir='ltr'><strong>exer·</strong></span> 
     </span>
     <span class='ocr_line' id='line_1_26' title="bbox 258 3165 740 3229; baseline -0.002 0"><span class='ocrx_word' id='word_1_180' title='bbox 258 3165 397 3229; x_wconf 89' lang='lat' dir='ltr'><strong>cebant.</strong></span> <span class='ocrx_word' id='word_1_181' title='bbox 739 3165 740 3170; x_wconf 76' lang='grc'>’</span> 
     </span>
    </p>

    <p class='ocr_par' dir='ltr' id='par_1_8' title="bbox 258 3262 1487 3888">
     <span class='ocr_line' id='line_1_27' title="bbox 321 3262 1486 3357; baseline 0.003 -23"><span class='ocrx_word' id='word_1_182' title='bbox 321 3271 408 3335; x_wconf 89' lang='lat'>1671.</span> <span class='ocrx_word' id='word_1_183' title='bbox 452 3270 595 3336; x_wconf 90' lang='lat' dir='ltr'><strong>Interim</strong></span> <span class='ocrx_word' id='word_1_184' title='bbox 620 3273 685 3338; x_wconf 55' lang='grc' dir='ltr'><strong>15]ι</strong></span> <span class='ocrx_word' id='word_1_185' title='bbox 705 3273 799 3357; x_wconf 90' lang='lat' dir='ltr'><strong>Julii,</strong></span> <span class='ocrx_word' id='word_1_186' title='bbox 823 3275 907 3339; x_wconf 90' lang='lat' dir='ltr'><strong>dum</strong></span> <span class='ocrx_word' id='word_1_187' title='bbox 930 3262 1151 3350; x_wconf 58' lang='lat' dir='ltr'><strong>Unive&#39;rsitas</strong></span> <span class='ocrx_word' id='word_1_188' title='bbox 1173 3284 1254 3339; x_wconf 91' lang='lat' dir='ltr'><strong>octo</strong></span> <span class='ocrx_word' id='word_1_189' title='bbox 1275 3275 1312 3339; x_wconf 90' lang='lat' dir='ltr'><strong>in</strong></span> <span class='ocrx_word' id='word_1_190' title='bbox 1334 3274 1486 3356; x_wconf 88' lang='lat' dir='ltr'><strong>philoso-</strong></span> 
     </span>
     <span class='ocr_line' id='line_1_28' title="bbox 258 3378 1487 3463; baseline 0.002 -21"><span class='ocrx_word' id='word_1_191' title='bbox 258 3378 342 3459; x_wconf 90' lang='lat' dir='ltr'><strong>phia</strong></span> <span class='ocrx_word' id='word_1_192' title='bbox 361 3379 407 3443; x_wconf 87' lang='lat' dir='ltr'><strong>ad</strong></span> <span class='ocrx_word' id='word_1_193' title='bbox 426 3381 671 3460; x_wconf 86' lang='lat' dir='ltr'><strong>magisterium</strong></span> <span class='ocrx_word' id='word_1_194' title='bbox 690 3382 819 3445; x_wconf 85' lang='lat' dir='ltr'><strong>artium</strong></span> <span class='ocrx_word' id='word_1_195' title='bbox 841 3393 1080 3463; x_wconf 87' lang='lat' dir='ltr'><strong>promoveret,</strong></span> <span class='ocrx_word' id='word_1_196' title='bbox 1102 3401 1145 3446; x_wconf 91' lang='lat' dir='ltr'><strong>ac</strong></span> <span class='ocrx_word' id='word_1_197' title='bbox 1165 3393 1308 3447; x_wconf 90' lang='lat' dir='ltr'><strong>nostros</strong></span> <span class='ocrx_word' id='word_1_198' title='bbox 1328 3381 1375 3446; x_wconf 89' lang='lat' dir='ltr'><strong>ad</strong></span> <span class='ocrx_word' id='word_1_199' title='bbox 1400 3384 1487 3446; x_wconf 89' lang='lat' dir='ltr'><strong>cele-</strong></span> 
     </span>
     <span class='ocr_line' id='line_1_29' title="bbox 258 3485 1487 3570; baseline 0.002 -21"><span class='ocrx_word' id='word_1_200' title='bbox 258 3485 357 3550; x_wconf 89' lang='lat' dir='ltr'><strong>brem</strong></span> <span class='ocrx_word' id='word_1_201' title='bbox 372 3487 470 3551; x_wconf 91' lang='lat' dir='ltr'><strong>illum</strong></span> <span class='ocrx_word' id='word_1_202' title='bbox 485 3497 605 3570; x_wconf 81' lang='lat' dir='ltr'><strong>actum</strong></span> <span class='ocrx_word' id='word_1_203' title='bbox 618 3487 816 3568; x_wconf 87' lang='lat' dir='ltr'><strong>invitasset;</strong></span> <span class='ocrx_word' id='word_1_204' title='bbox 830 3489 925 3553; x_wconf 89' lang='lat' dir='ltr'><strong>misit</strong></span> <span class='ocrx_word' id='word_1_205' title='bbox 936 3488 1068 3554; x_wconf 90' lang='lat' dir='ltr'><strong>Rector</strong></span> <span class='ocrx_word' id='word_1_206' title='bbox 1079 3507 1160 3554; x_wconf 91' lang='lat' dir='ltr'><strong>cum</strong></span> <span class='ocrx_word' id='word_1_207' title='bbox 1170 3490 1255 3554; x_wconf 89' lang='lat' dir='ltr'><strong>Dre.</strong></span> <span class='ocrx_word' id='word_1_208' title='bbox 1274 3489 1487 3570; x_wconf 86' lang='lat' dir='ltr'><strong>Coviglonio</strong></span> 
     </span>
     <span class='ocr_line' id='line_1_30' title="bbox 258 3593 1487 3672; baseline 0.004 -16"><span class='ocrx_word' id='word_1_209' title='bbox 258 3593 451 3658; x_wconf 92' lang='lat' dir='ltr'><strong>Doctorem</strong></span> <span class='ocrx_word' id='word_1_210' title='bbox 461 3593 714 3672; x_wconf 86' lang='lat' dir='ltr'><strong>Hermannum,</strong></span> <span class='ocrx_word' id='word_1_211' title='bbox 725 3604 763 3659; x_wconf 94' lang='lat' dir='ltr'><strong>ut</strong></span> <span class='ocrx_word' id='word_1_212' title='bbox 776 3596 970 3660; x_wconf 89' lang='lat' dir='ltr'><strong>amicitiam</strong></span> <span class='ocrx_word' id='word_1_213' title='bbox 982 3614 1063 3660; x_wconf 88' lang='lat' dir='ltr'><strong>curn</strong></span> <span class='ocrx_word' id='word_1_214' title='bbox 1075 3597 1189 3661; x_wconf 90' lang='lat' dir='ltr'><strong>doctis</strong></span> <span class='ocrx_word' id='word_1_215' title='bbox 1200 3596 1288 3661; x_wconf 90' lang='lat' dir='ltr'><strong>viris</strong></span> <span class='ocrx_word' id='word_1_216' title='bbox 1300 3597 1487 3661; x_wconf 91' lang='lat' dir='ltr'><strong>contrahe·</strong></span> 
     </span>
     <span class='ocr_line' id='line_1_31' title="bbox 259 3700 1487 3792; baseline 0.003 -28"><span class='ocrx_word' id='word_1_217' title='bbox 259 3710 350 3778; x_wconf 88' lang='lat' dir='ltr'><strong>rent;</strong></span> <span class='ocrx_word' id='word_1_218' title='bbox 372 3700 432 3780; x_wconf 94' lang='lat' dir='ltr'><strong>qui</strong></span> <span class='ocrx_word' id='word_1_219' title='bbox 451 3709 570 3765; x_wconf 90' lang='lat' dir='ltr'><strong>tamen</strong></span> <span class='ocrx_word' id='word_1_220' title='bbox 589 3702 768 3792; x_wconf 85' lang='lat' dir='ltr'><strong>convivio,</strong></span> <span class='ocrx_word' id='word_1_221' title='bbox 791 3702 872 3766; x_wconf 91' lang='lat' dir='ltr'><strong>licet</strong></span> <span class='ocrx_word' id='word_1_222' title='bbox 892 3705 1041 3768; x_wconf 89' lang='lat' dir='ltr'><strong>multum</strong></span> <span class='ocrx_word' id='word_1_223' title='bbox 1060 3715 1311 3785; x_wconf 89' lang='lat' dir='ltr'><strong>rogarentura</strong></span> <span class='ocrx_word' id='word_1_224' title='bbox 1333 3703 1487 3768; x_wconf 90' lang='lat' dir='ltr'><strong>Rectore</strong></span> 
     </span>
     <span class='ocr_line' id='line_1_32' title="bbox 260 3808 872 3888; baseline 0.003 -16"><span class='ocrx_word' id='word_1_225' title='bbox 260 3808 523 3888; x_wconf 90' lang='lat' dir='ltr'><strong>Universitatis,</strong></span> <span class='ocrx_word' id='word_1_226' title='bbox 540 3827 610 3873; x_wconf 91' lang='lat' dir='ltr'><strong>non</strong></span> <span class='ocrx_word' id='word_1_227' title='bbox 626 3809 872 3875; x_wconf 86' lang='lat' dir='ltr'><strong>interfuerunt.</strong></span> 
     </span>
    </p>

    <p class='ocr_par' dir='ltr' id='par_1_9' title="bbox 258 3915 1488 4108">
     <span class='ocr_line' id='line_1_33' title="bbox 323 3915 1488 4000; baseline 0.005 -22"><span class='ocrx_word' id='word_1_228' title='bbox 323 3915 410 3980; x_wconf 85' lang='lat'>1672.</span> <span class='ocrx_word' id='word_1_229' title='bbox 451 3915 653 3980; x_wconf 89' lang='lat' dir='ltr'><strong>Honoravit</strong></span> <span class='ocrx_word' id='word_1_230' title='bbox 674 3926 794 3982; x_wconf 91' lang='lat' dir='ltr'><strong>tamen</strong></span> <span class='ocrx_word' id='word_1_231' title='bbox 814 3918 1041 3983; x_wconf 86' lang='lat' dir='ltr'><strong>Universitas</strong></span> <span class='ocrx_word' id='word_1_232' title='bbox 1061 3919 1270 3999; x_wconf 88' lang='lat' dir='ltr'><strong>Collegium,</strong></span> <span class='ocrx_word' id='word_1_233' title='bbox 1291 3936 1390 3984; x_wconf 90' lang='lat' dir='ltr'><strong>more</strong></span> <span class='ocrx_word' id='word_1_234' title='bbox 1408 3936 1488 4000; x_wconf 88' lang='lat' dir='ltr'><strong>ger·</strong></span> 
     </span>
     <span class='ocr_line' id='line_1_34' title="bbox 258 4023 1486 4108; baseline 0.002 -19"><span class='ocrx_word' id='word_1_235' title='bbox 258 4024 409 4104; x_wconf 87' lang='lat' dir='ltr'><strong>manico,</strong></span> <span class='ocrx_word' id='word_1_236' title='bbox 422 4024 535 4088; x_wconf 85' lang='lat' dir='ltr'><strong>variis</strong></span> <span class='ocrx_word' id='word_1_237' title='bbox 545 4023 619 4086; x_wconf 90' lang='lat' dir='ltr'><strong>vini</strong></span> <span class='ocrx_word' id='word_1_238' title='bbox 630 4024 733 4089; x_wconf 91' lang='lat' dir='ltr'><strong>doliis</strong></span> <span class='ocrx_word' id='word_1_239' title='bbox 745 4024 766 4104; x_wconf 84' lang='lat'><strong>¹,</strong></span> <span class='ocrx_word' id='word_1_240' title='bbox 781 4043 872 4106; x_wconf 88' lang='lat' dir='ltr'><strong>quae</strong></span> <span class='ocrx_word' id='word_1_241' title='bbox 884 4027 1000 4091; x_wconf 89' lang='lat' dir='ltr'><strong>oratio</strong></span> <span class='ocrx_word' id='word_1_242' title='bbox 1012 4028 1158 4108; x_wconf 88' lang='lat' dir='ltr'><strong>elegans</strong></span> <span class='ocrx_word' id='word_1_243' title='bbox 1169 4036 1203 4091; x_wconf 90' lang='lat' dir='ltr'><strong>et</strong></span> <span class='ocrx_word' id='word_1_244' title='bbox 1219 4025 1324 4091; x_wconf 89' lang='lat' dir='ltr'><strong>docta</strong></span> <span class='ocrx_word' id='word_1_245' title='bbox 1339 4028 1486 4092; x_wconf 92' lang='lat' dir='ltr'><strong>comita·</strong></span> 
     </span>
    </p>
   </div>
   <div class='ocr_carea' id='block_1_3' title="bbox 257 4263 1488 4755">
    <p class='ocr_par' dir='ltr' id='par_1_10' title="bbox 257 4263 1488 4683">
     <span class='ocr_line' id='line_1_35' title="bbox 298 4263 1488 4324; baseline 0.004 -14"><span class='ocrx_word' id='word_1_246' title='bbox 298 4266 307 4300; x_wconf 68' lang='grc' dir='ltr'>ί</span> <span class='ocrx_word' id='word_1_247' title='bbox 336 4263 467 4310; x_wconf 77' lang='lat' dir='ltr'><strong>Audiatur</strong></span> <span class='ocrx_word' id='word_1_248' title='bbox 478 4263 694 4320; x_wconf 77' lang='lat' dir='ltr'><strong>Buunsunnusu,</strong></span> <span class='ocrx_word' id='word_1_249' title='bbox 709 4266 726 4310; x_wconf 86' lang='lat' dir='ltr'><strong>t.</strong></span> <span class='ocrx_word' id='word_1_250' title='bbox 738 4277 770 4319; x_wconf 71' lang='lat' dir='ltr'>c..</span> <span class='ocrx_word' id='word_1_251' title='bbox 786 4273 804 4312; x_wconf 88' lang='lat' dir='ltr'><strong>t.</strong></span> <span class='ocrx_word' id='word_1_252' title='bbox 816 4279 833 4317; x_wconf 88' lang='lat' dir='ltr'><strong>r.</strong></span> <span class='ocrx_word' id='word_1_253' title='bbox 844 4279 904 4323; x_wconf 77' lang='lat' dir='ltr'><strong>pag.</strong></span> <span class='ocrx_word' id='word_1_254' title='bbox 914 4268 963 4313; x_wconf 71' lang='lat'>⁶1⁶:</span> <span class='ocrx_word' id='word_1_255' title='bbox 975 4268 1076 4324; x_wconf 78' lang='lat' dir='ltr'><strong>Aliquis</strong></span> <span class='ocrx_word' id='word_1_256' title='bbox 1086 4281 1119 4313; x_wconf 85' lang='lat' dir='ltr'><strong>ex</strong></span> <span class='ocrx_word' id='word_1_257' title='bbox 1129 4270 1155 4314; x_wconf 83' lang='grc'><strong>18</strong></span> <span class='ocrx_word' id='word_1_258' title='bbox 1167 4270 1220 4315; x_wconf 90' lang='lat' dir='ltr'><strong>lllls</strong></span> <span class='ocrx_word' id='word_1_259' title='bbox 1230 4269 1370 4316; x_wconf 81' lang='lat' dir='ltr'><strong>Societatls</strong></span> <span class='ocrx_word' id='word_1_260' title='bbox 1380 4271 1488 4316; x_wconf 82' lang='lat' dir='ltr'><strong>homini·</strong></span> 
     </span>
     <span class='ocr_line' id='line_1_36' title="bbox 257 4335 1488 4398; baseline 0.004 -16"><span class='ocrx_word' id='word_1_261' title='bbox 257 4337 312 4392; x_wconf 87' lang='lat' dir='ltr'><strong>bus,</strong></span> <span class='ocrx_word' id='word_1_262' title='bbox 324 4337 366 4392; x_wconf 91' lang='lat' dir='ltr'><strong>qul</strong></span> <span class='ocrx_word' id='word_1_263' title='bbox 376 4337 389 4381; x_wconf 88' lang='lat'>7</span> <span class='ocrx_word' id='word_1_264' title='bbox 399 4336 459 4390; x_wconf 86' lang='lat' dir='ltr'><strong>Jultl</strong></span> <span class='ocrx_word' id='word_1_265' title='bbox 470 4336 524 4381; x_wconf 73' lang='lat'>1516</span> <span class='ocrx_word' id='word_1_266' title='bbox 534 4335 719 4390; x_wconf 72' lang='lat' dir='ltr'><strong>ingolstadlum</strong></span> <span class='ocrx_word' id='word_1_267' title='bbox 730 4338 902 4394; x_wconf 78' lang='lat' dir='ltr'><strong>advenerunt,</strong></span> <span class='ocrx_word' id='word_1_268' title='bbox 913 4341 978 4385; x_wconf 84' lang='lat' dir='ltr'><strong>haec</strong></span> <span class='ocrx_word' id='word_1_269' title='bbox 988 4342 1078 4385; x_wconf 82' lang='lat' dir='ltr'><strong>refert:</strong></span> <span class='ocrx_word' id='word_1_270' title='bbox 1089 4341 1238 4386; x_wconf 78' lang='lat' dir='ltr'><strong>Invenimus</strong></span> <span class='ocrx_word' id='word_1_271' title='bbox 1248 4342 1402 4398; x_wconf 78' lang='lat' dir='ltr'><strong>ingolstadii</strong></span> <span class='ocrx_word' id='word_1_272' title='bbox 1412 4343 1488 4398; x_wconf 84' lang='lat' dir='ltr'><strong>“quo-</strong></span> 
     </span>
     <span class='ocr_line' id='line_1_37' title="bbox 257 4407 1487 4471; baseline 0.004 -19"><span class='ocrx_word' id='word_1_273' title='bbox 257 4408 367 4454; x_wconf 81' lang='lat' dir='ltr'><strong>rundam</strong></span> <span class='ocrx_word' id='word_1_274' title='bbox 376 4407 551 4464; x_wconf 78' lang='lat' dir='ltr'><strong>professorum</strong></span> <span class='ocrx_word' id='word_1_275' title='bbox 565 4409 664 4453; x_wconf 84' lang='lat' dir='ltr'><strong>animos</strong></span> <span class='ocrx_word' id='word_1_276' title='bbox 678 4420 743 4464; x_wconf 72' lang='lat' dir='ltr'><strong>erga</strong></span> <span class='ocrx_word' id='word_1_277' title='bbox 758 4409 918 4456; x_wconf 82' lang='lat' dir='ltr'><strong>Societatem</strong></span> <span class='ocrx_word' id='word_1_278' title='bbox 930 4424 1023 4468; x_wconf 85' lang='lat' dir='ltr'><strong>parum</strong></span> <span class='ocrx_word' id='word_1_279' title='bbox 1037 4423 1167 4471; x_wconf 79' lang='lat' dir='ltr'><strong>syncaros.</strong></span> <span class='ocrx_word' id='word_1_280' title='bbox 1182 4421 1211 4458; x_wconf 85' lang='lat' dir='ltr'><strong>vt</strong></span> <span class='ocrx_word' id='word_1_281' title='bbox 1226 4415 1307 4459; x_wconf 84' lang='lat' dir='ltr'><strong>etlam</strong></span> <span class='ocrx_word' id='word_1_282' title='bbox 1321 4414 1487 4460; x_wconf 83' lang='lat' dir='ltr'><strong>Reuerendus</strong></span> 
     </span>
     <span class='ocr_line' id='line_1_38' title="bbox 258 4479 1487 4537; baseline 0.006 -13"><span class='ocrx_word' id='word_1_283' title='bbox 258 4479 338 4525; x_wconf 83' lang='lat' dir='ltr'><strong>Pater</strong></span> <span class='ocrx_word' id='word_1_284' title='bbox 348 4479 467 4525; x_wconf 82' lang='lat' dir='ltr'><strong>Canlslus</strong></span> <span class='ocrx_word' id='word_1_285' title='bbox 476 4492 509 4525; x_wconf 86' lang='lat' dir='ltr'><strong>ex</strong></span> <span class='ocrx_word' id='word_1_286' title='bbox 519 4480 605 4536; x_wconf 77' lang='lat' dir='ltr'><strong>Praga</strong></span> <span class='ocrx_word' id='word_1_287' title='bbox 621 4491 668 4537; x_wconf 90' lang='lat' dir='ltr'><strong>per</strong></span> <span class='ocrx_word' id='word_1_288' title='bbox 683 4481 786 4527; x_wconf 80' lang='lat' dir='ltr'><strong>litteras</strong></span> <span class='ocrx_word' id='word_1_289' title='bbox 797 4483 950 4528; x_wconf 84' lang='lat' dir='ltr'><strong>hortaretur</strong></span> <span class='ocrx_word' id='word_1_290' title='bbox 963 4484 1142 4529; x_wconf 84' lang='lat' dir='ltr'><strong>abstinendum</strong></span> <span class='ocrx_word' id='word_1_291' title='bbox 1153 4496 1210 4530; x_wconf 80' lang='lat' dir='ltr'><strong>esse</strong></span> <span class='ocrx_word' id='word_1_292' title='bbox 1223 4488 1261 4531; x_wconf 80' lang='lat' dir='ltr'><strong>ab&#39;</strong></span> <span class='ocrx_word' id='word_1_293' title='bbox 1271 4487 1373 4531; x_wconf 86' lang='lat' dir='ltr'><strong>illorum</strong></span> <span class='ocrx_word' id='word_1_294' title='bbox 1383 4497 1487 4531; x_wconf 83' lang='lat' dir='ltr'><strong>consor·</strong></span> 
     </span>
     <span class='ocr_line' id='line_1_39' title="bbox 259 4551 1488 4613; baseline 0.006 -17"><span class='ocrx_word' id='word_1_295' title='bbox 259 4551 303 4605; x_wconf 85' lang='lat' dir='ltr'><strong>tio,</strong></span> <span class='ocrx_word' id='word_1_296' title='bbox 314 4551 395 4596; x_wconf 88' lang='lat' dir='ltr'><strong>donec</strong></span> <span class='ocrx_word' id='word_1_297' title='bbox 409 4552 463 4607; x_wconf 80' lang='lat' dir='ltr'><strong>ipse</strong></span> <span class='ocrx_word' id='word_1_298' title='bbox 475 4551 588 4598; x_wconf 85' lang='lat' dir='ltr'><strong>aduentu</strong></span> <span class='ocrx_word' id='word_1_299' title='bbox 602 4564 657 4604; x_wconf 84' lang='lat' dir='ltr'><strong>suo.</strong></span> <span class='ocrx_word' id='word_1_300' title='bbox 673 4553 704 4598; x_wconf 89' lang='lat' dir='ltr'><strong>de</strong></span> <span class='ocrx_word' id='word_1_301' title='bbox 720 4554 761 4597; x_wconf 84' lang='lat' dir='ltr'><strong>his</strong></span> <span class='ocrx_word' id='word_1_302' title='bbox 770 4555 887 4600; x_wconf 86' lang='lat' dir='ltr'><strong>omuibus</strong></span> <span class='ocrx_word' id='word_1_303' title='bbox 896 4556 1022 4601; x_wconf 84' lang='lat' dir='ltr'><strong>certiores</strong></span> <span class='ocrx_word' id='word_1_304' title='bbox 1032 4556 1158 4601; x_wconf 78' lang='lat' dir='ltr'><strong>iaceret...</strong></span> <span class='ocrx_word' id='word_1_305' title='bbox 1173 4556 1289 4603; x_wconf 77' lang='lat' dir='ltr'><strong>Tundem</strong></span> <span class='ocrx_word' id='word_1_306' title='bbox 1299 4559 1342 4602; x_wconf 88' lang='lat' dir='ltr'><strong>diu</strong></span> <span class='ocrx_word' id='word_1_307' title='bbox 1352 4563 1488 4613; x_wconf 81' lang='lat' dir='ltr'><strong>exspecta·</strong></span> 
     </span>
     <span class='ocr_line' id='line_1_40' title="bbox 260 4620 1245 4683; baseline 0.008 -18"><span class='ocrx_word' id='word_1_308' title='bbox 260 4628 303 4668; x_wconf 86' lang='lat' dir='ltr'><strong>tus</strong></span> <span class='ocrx_word' id='word_1_309' title='bbox 312 4623 386 4668; x_wconf 67' lang='lat' dir='ltr'><strong>adest</strong></span> <span class='ocrx_word' id='word_1_310' title='bbox 401 4620 433 4667; x_wconf 82' lang='lat' dir='ltr'>R.</span> <span class='ocrx_word' id='word_1_311' title='bbox 448 4620 477 4667; x_wconf 88' lang='lat' dir='ltr'>P.</span> <span class='ocrx_word' id='word_1_312' title='bbox 491 4622 611 4668; x_wconf 83' lang='lat' dir='ltr'><strong>Canlslus</strong></span> <span class='ocrx_word' id='word_1_313' title='bbox 621 4623 661 4667; x_wconf 82' lang='lat' dir='ltr'><strong>t.⁰</strong></span> <span class='ocrx_word' id='word_1_314' title='bbox 676 4625 788 4679; x_wconf 75' lang='lat' dir='ltr'><strong>Augusti</strong></span> <span class='ocrx_word' id='word_1_315' title='bbox 798 4636 831 4669; x_wconf 88' lang='lat' dir='ltr'><strong>ex</strong></span> <span class='ocrx_word' id='word_1_316' title='bbox 841 4624 1045 4681; x_wconf 72' lang='lat' dir='ltr'><strong>Praga.,-V1de</strong></span> <span class='ocrx_word' id='word_1_317' title='bbox 1055 4628 1133 4683; x_wconf 77' lang='lat' dir='ltr'><strong>loire,</strong></span> <span class='ocrx_word' id='word_1_318' title='bbox 1143 4639 1168 4673; x_wconf 88' lang='lat' dir='ltr'><strong>n.</strong></span> <span class='ocrx_word' id='word_1_319' title='bbox 1181 4629 1245 4673; x_wconf 67' lang='lat'>1⁶83.</span> 
     </span>
    </p>

    <p class='ocr_par' dir='ltr' id='par_1_11' title="bbox 299 4689 1488 4755">
     <span class='ocr_line' id='line_1_41' title="bbox 299 4689 1488 4755; baseline 0.006 -18"><span class='ocrx_word' id='word_1_320' title='bbox 299 4691 312 4725; x_wconf 84' lang='lat'>⁸</span> <span class='ocrx_word' id='word_1_321' title='bbox 337 4689 383 4737; x_wconf 78' lang='lat' dir='ltr'><strong>lla.</strong></span> <span class='ocrx_word' id='word_1_322' title='bbox 395 4692 482 4737; x_wconf 77' lang='lat' dir='ltr'><strong>donts.</strong></span> <span class='ocrx_word' id='word_1_323' title='bbox 493 4691 567 4739; x_wconf 76' lang='lat' dir='ltr'><strong>“Vtut</strong></span> <span class='ocrx_word' id='word_1_324' title='bbox 579 4692 654 4738; x_wconf 83' lang='lat' dir='ltr'><strong>simul</strong></span> <span class='ocrx_word' id='word_1_325' title='bbox 668 4693 801 4740; x_wconf 83' lang='lat' dir='ltr'><strong>honorarll</strong></span> <span class='ocrx_word' id='word_1_326' title='bbox 815 4697 924 4750; x_wconf 64' lang='lat' dir='ltr'><strong>lacense</strong></span> <span class='ocrx_word' id='word_1_327' title='bbox 938 4698 1038 4752; x_wconf 82' lang='lat' dir='ltr'><strong>aliquot</strong></span> <span class='ocrx_word' id='word_1_328' title='bbox 1049 4709 1082 4743; x_wconf 85' lang='lat' dir='ltr'><strong>ex</strong></span> <span class='ocrx_word' id='word_1_329' title='bbox 1097 4709 1168 4743; x_wconf 88' lang='lat' dir='ltr'><strong>more</strong></span> <span class='ocrx_word' id='word_1_330' title='bbox 1177 4699 1265 4755; x_wconf 78' lang='lat' dir='ltr'><strong>patrio</strong></span> <span class='ocrx_word' id='word_1_331' title='bbox 1276 4701 1430 4751; x_wconf 84' lang='lat' dir='ltr'><strong>attuleruut.</strong></span> <span class='ocrx_word' id='word_1_332' title='bbox 1441 4699 1488 4744; x_wconf 80' lang='lat' dir='ltr'><strong>ad·</strong></span> 
     </span>
    </p>
   </div>
   <div class='ocr_carea' id='block_1_4' title="bbox 0 0 1826 5350">
    <p class='ocr_par' dir='ltr' id='par_1_12' title="bbox 0 0 1826 5350">
     <span class='ocr_line' id='line_1_42' title="bbox 0 0 1826 5350; baseline 0 1"><span class='ocrx_word' id='word_1_333' title='bbox 0 0 1826 5350; x_wconf 95' lang='lat' dir='ltr'><strong> </strong></span> 
     </span>
    </p>
   </div>
  </div>
 </body>
</html>
