3642 5350
793 456 855 518 Au.
878 454 949 519 1556
1428 455 1483 516 373

311 600 399 667 1567.
441 602 521 667 Duo
533 603 793 669 haereticorum
807 606 1091 685 concionatores
1105 614 1140 669 et
1151 603 1293 685 quidem
1305 619 1391 684 prae
1402 602 1481 666 aliis

249 710 423 790 celebreS,
445 712 497 776 sic
519 711 729 775 lectionibus
753 710 921 777 Doctoris
946 712 1093 777 Henrici
1113 712 1354 793 profecerunt,
1381 719 1419 773 ut
1443 709 1482 772 in

247 816 488 899 frequentibus
503 818 770 899 picarditarum,
787 818 1056 884 lutheranorum
1071 831 1105 883 et
1121 818 1271 882 aliorum
1286 816 1480 881 haeretico·

248 942 327 990 rum
342 926 576 989 conventibus
590 924 766 991 catholica
782 926 950 1007 dogmata
966 927 1105 1008 publice
1120 925 1382 1008 profiterentur,
1398 940 1479 987 con·

250 1042 305 1097 tra
320 1048 426 1114 quam
440 1031 581 1113 ipsimet
596 1033 785 1115 aliquando
805 1045 991 1099 senserant
1011 1044 1044 1099 et
1064 1033 1373 1115 praedicaverant,
1390 1031 1479 1094 adeo

247 1149 286 1205 ut
299 1140 443 1221 quidam
457 1138 628 1204 haeretici
643 1140 689 1204 ad
703 1151 845 1205 nostros
860 1144 1035 1220 venerint,
1053 1140 1168 1223 quide
1180 1156 1323 1203 suorum
1340 1138 1479 1202 concio·

248 1256 413 1311 natorum
428 1248 668 1311 inconstantia
683 1249 933 1329 querebantur,
950 1260 984 1312 et
1000 1248 1043 1312 de
1054 1249 1141 1329 ipsis
1154 1247 1262 1311 etiam
1276 1245 1480 1309 fatebantur

247 1352 408 1418 dubitare
423 1371 461 1417 se
476 1354 603 1434 quibus
617 1353 704 1418 fides
719 1354 918 1418 adhibenda
931 1365 1035 1418 esset.

312 1460 400 1525 1568.
443 1460 691 1543 Philosophus
713 1462 749 1526 id
768 1472 834 1542 est,
857 1462 921 1527 Dr.
942 1462 1100 1541 TilanuS,
1127 1478 1264 1545 paucos
1285 1460 1479 1541 discipulos

249 1569 413 1650 habebat,
429 1570 493 1633 sed
507 1586 659 1650 magnae
680 1570 767 1651 spei.
784 1570 893 1634 iidem
915 1578 1033 1633 autem
1053 1570 1205 1634 rhetoris
1220 1579 1322 1633 erant
1344 1566 1479 1632 audito·

249 1694 317 1741 res.
335 1676 458 1759 ltaque
473 1676 609 1742 fructus
623 1678 837 1759 praecipuus
856 1678 925 1742 hoc
940 1696 1034 1742 anno
1049 1695 1096 1742 ex
1108 1676 1336 1741 inferioribus
1358 1674 1479 1738 classi·

251 1785 317 1849 bus
332 1784 549 1867 capiebatur.

312 1890 401 1957 1569.
444 1890 577 1973 Sparsa
599 1902 652 1956 est
674 1904 794 1958 autem
814 1911 877 1975 per
897 1892 1104 1958 Bohemiam
1128 1893 1256 1977 harum
1276 1892 1479 1956 scholarum

248 1999 355 2080 fama,
372 2008 407 2064 et
422 2017 639 2081 magnopere
653 2000 873 2082 diligentiam
894 2010 1166 2082 praeceptorum
1181 2009 1215 2063 et
1231 2016 1354 2064 curam
1369 1999 1478 2063 admi·

250 2105 401 2172 randam
416 2109 454 2172 in
468 2108 588 2187 pueris
602 2108 803 2173 erudiendis
819 2110 1057 2173 celebrabant.

311 2214 398 2277 1570,
441 2213 534 2279 Hinc
559 2231 639 2279 cum
659 2216 890 2296 magistratus
914 2216 1111 2279 husitarum
1131 2216 1205 2279 suis
1223 2213 1480 2295 ludimagistris

250 2338 391 2386 omnem
408 2321 630 2403 juventutem
649 2323 874 2387 adimendam
894 2333 1077 2403 metueret,
1095 2333 1190 2387 etex
1206 2333 1307 2403 parte
1326 2322 1475 2402 videret,

247 2446 332 2495 suas
347 2430 488 2494 scholas
503 2430 703 2494 instaurare
724 2430 868 2510 studuit,
892 2438 926 2494 et
941 2430 1091 2512 publicis
1111 2430 1217 2494 etiam
1239 2430 1391 2494 decretis
1408 2446 1476 2492 ma·

244 2535 357 2617 jorem
372 2536 592 2617 diligentiam
605 2538 678 2601 suis
694 2538 875 2617 magistris
897 2538 1090 2619 praecepit.
1107 2537 1257 2601 Frustra
1272 2546 1392 2601 tamen
1407 2535 1475 2599 hac

243 2644 382 2710 ratione
397 2654 431 2709 et
446 2644 633 2709 calumniis
654 2646 888 2728 quorumdam
907 2646 1250 2727 ludimagistrorum,
1265 2644 1475 2709 imminuere

245 2753 387 2817 scholas
411 2763 615 2817 nostrorum
640 2753 840 2817 tentabant:
868 2754 932 2817 sed
957 2763 1123 2835 parentes
1146 2753 1361 2832 husitarum,
1392 2753 1475 2816 licet

247 2861 428 2941 haeretici,
444 2861 615 2941 paulatim
633 2861 749 2941 magis
769 2860 1011 2926 afficiebantur
1030 2861 1175 2926 scholae
1190 2859 1251 2926 stt
1271 2860 1472 2934 Clementis

245 2978 280 3032 et
294 2968 495 3033 fatebantur
510 2967 603 3050 quod
619 2985 688 3031 uno
701 2985 821 3033 mense
833 2969 869 3032 in
881 2969 1005 3033 schola
1016 2979 1138 3034 nostra
1151 2969 1302 3050 amplius
1314 2969 1475 3050 ipsorum

244 3075 306 3140 filii
321 3076 565 3158 proiecissent,
581 3093 689 3158 quam
704 3075 740 3140 in
755 3077 834 3141 aliis
849 3087 924 3141 toto
941 3077 1081 3141 biennio
1095 3077 1332 3159 proiecerant;
1349 3087 1384 3140 et
1400 3095 1472 3142 cer·

246 3184 312 3265 viS,
329 3184 437 3265 apris,
454 3183 633 3265 leporibus
654 3194 689 3248 et
709 3185 788 3249 aliis
808 3185 1025 3265 muneribus
1042 3203 1086 3249 ne
1107 3185 1239 3266 ingrati
1255 3185 1473 3259 viderentur,

245 3301 387 3356 nostros
408 3291 539 3356 invitos
559 3291 765 3371 obruebant;
789 3302 824 3356 et
843 3310 887 3356 ea
908 3293 1077 3374 recipere,
1101 3294 1133 3357 si
1158 3310 1231 3357 non
1253 3303 1292 3357 ut
1313 3310 1473 3372 munera,

245 3401 371 3464 saltem
390 3409 428 3462 ut
447 3400 704 3480 eleemosynas
731 3401 924 3480 cogebant;
946 3401 1046 3464 multi
1073 3410 1191 3464 autem
1216 3419 1262 3464 ex
1286 3401 1473 3480 nobilibus

246 3507 355 3572 etiam
374 3523 419 3572 ex
439 3507 502 3586 eis,
524 3524 612 3589 quos
631 3507 791 3572 Berones
810 3517 953 3589 vocant,
975 3527 1059 3572 suos
1079 3507 1170 3573 filios
1189 3527 1261 3572 non
1282 3519 1420 3573 tantum
1438 3511 1474 3574 in

247 3615 494 3694 scholasticos,
516 3614 579 3678 sed
598 3616 706 3679 etiam
720 3616 756 3679 in
777 3617 1002 3680 convictores
1023 3615 1233 3695 offerebant;
1249 3626 1283 3680 et
1302 3617 1444 3681 omnino
1465 3617 1474 3649 ¹

247 3723 474 3788 existimabat
488 3722 526 3788 P.
543 3721 706 3788 Carisius
722 3724 768 3787 ad
782 3723 870 3788 bene
882 3723 1090 3788 merendum
1100 3723 1144 3787 de
1158 3741 1270 3805 regno
1285 3724 1475 3790 Bohemiae

247 3831 341 3896 hanc
356 3829 463 3894 etiam
477 3831 699 3911 provinciam
720 3831 859 3912 Pragae
880 3831 1143 3912 suscipiendam
1157 3848 1247 3911 esse;
1263 3840 1297 3895 et
1311 3831 1476 3912 quamvis

248 3937 462 4020 promissum
478 3937 563 4018 ipsis
578 3947 641 4016 est,
659 3948 696 4001 ut
712 3939 849 4021 aliquos
864 3939 1089 4003 convictores
1103 3936 1302 4018 hujusmodi
1317 3938 1475 4003 admitte·

247 4056 342 4125 rent;
368 4039 573 4109 nostrorum
598 4046 760 4127 paucitas
786 4046 982 4126 (duodecim
1002 4047 1095 4110 enim
1117 4045 1327 4126 missisunt,
1347 4045 1475 4110 etsere

246 4152 394 4218 totidem
408 4151 532 4234 primis
546 4153 726 4218 mensibus
741 4153 870 4218 ibidem
890 4153 1169 4236 perseverabant
1182 4153 1219 4235 ²),
1235 4154 1366 4236 partim
1381 4154 1475 4236 quod

284 4357 294 4391 ¹
322 4355 390 4402 Usus
399 4365 439 4402 est
450 4359 572 4404 librarius
583 4359 775 4416 compendiaria
783 4367 854 4415 nota,
863 4372 930 4416 quae
940 4361 992 4414 legi
1003 4360 1083 4404 etiam
1093 4365 1180 4416 potest
1190 4361 1294 4405 animo.

284 4427 296 4462 ¹
324 4427 364 4475 En
375 4441 463 4476 eorum
477 4433 581 4476 nomina
591 4440 617 4477 et
634 4433 717 4477 officia
733 4434 872 4478 secundum
887 4431 1010 4485 Scauros,
1026 4432 1098 4476 Htsr.
1114 4431 1169 4476 Soc.
1184 4432 1241 4489 Jes.
1254 4431 1377 4476 Provinc.
1393 4430 1477 4476 Bohe-

247 4501 328 4554 miae,
337 4509 406 4558 pert.
416 4513 433 4558 r,
444 4504 488 4548 lib.
497 4515 524 4558 rr,
535 4515 560 4548 n.
569 4504 602 4548 27.
612 4503 789 4550 “Sacerdotem
805 4507 825 4558 l,
841 4505 869 4549 Ρ.
880 4505 1022 4551 Ursnrarns
1033 4504 1191 4555 Goissonius.
1208 4504 1353 4554 leodiensis,
1364 4502 1475 4559 Collegil

245 4571 349 4630 Restat,
359 4573 380 4630 2,
392 4573 526 4620 Cornelius
536 4575 750 4632 Brogelmannus,
761 4578 868 4632 flander,
884 4577 993 4632 Collegit
1008 4575 1126 4623 Minister
1135 4585 1162 4622 et
1177 4575 1280 4621 Nostris
1294 4576 1322 4621 ln
1336 4576 1431 4632 spiritu
1441 4577 1476 4620 dr-

245 4645 359 4700 rigendis
369 4645 529 4703 Praefectum
543 4647 565 4704 3,
575 4647 622 4693 Dr.
632 4647 759 4694 ilenricns
771 4649 937 4708 Blyssemins,
948 4649 1096 4704 bonnensis,
1111 4649 1270 4703 tneologiam
1285 4656 1311 4693 et
1325 4648 1476 4693 hebraicam

245 4717 370 4774 llngusm;
379 4719 401 4774 i,
411 4718 461 4764 Dr.
470 4718 582 4774 ,ioannes
592 4719 716 4774 Tillenus,
725 4722 823 4776 gelder,
833 4721 1023 4778 philosophiam
1034 4721 1188 4766 docebanta
1199 4719 1325 4775 Magistrb
1338 4719 1360 4775 l,
1371 4719 1475 4766 Guilieb
