3642 5350
362 364 417 425 482
821 361 949 424 Canon.
969 362 1047 423 Soc
1066 364 1138 439 Jus-

347 594 349 599 ,
361 528 493 592 scopus
507 511 757 591 assignaturus
771 520 860 588 erat,
873 526 940 573 nec
955 510 1053 590 prius
1067 528 1148 573 eam
1161 508 1309 590 fecerat,
1325 528 1406 576 cum
1420 513 1457 576 in
1470 512 1591 593 huius·

361 620 457 683 modi
471 618 576 681 rebus
591 618 684 681 lente
699 618 787 681 satis
800 617 1090 697 progrederetur.

420 724 512 789 2075.
555 724 728 805 Quamvis
742 736 966 789 contractum
978 743 1060 788 cum
1074 727 1269 805 canonicis,
1283 726 1329 789 ad
1340 744 1431 807 quos
1442 727 1592 792 Univer-

360 833 476 897 sitatis
500 832 694 895 dominium
715 831 930 911 pertinebat,
951 842 990 895 ut
1010 833 1179 911 diximus,
1196 834 1324 897 inierat
1340 833 1367 909 ¹,
1383 843 1418 898 et
1438 851 1519 898 cum
1538 834 1590 898 illi

359 939 513 1003 studium
527 956 630 1002 suum
644 937 813 1002 Societati
827 948 972 1001 nostrae
986 941 1227 1018 resignarunt,
1247 942 1356 1003 etiam
1375 940 1494 1004 dotem
1513 940 1590 1021 ipse

360 1047 532 1128 promisit.
553 1045 736 1110 Scribebat
761 1054 880 1108 autem
904 1043 942 1108 P.
969 1044 1185 1110 Paschasius
1209 1048 1278 1111 hoc
1302 1063 1382 1111 esse
1406 1048 1588 1127 ingenium

359 1152 541 1217 hominum
554 1152 630 1233 ejus
644 1152 812 1232 regionis.
829 1162 867 1215 ut
882 1150 1052 1217 Societati
1067 1153 1172 1217 fidem
1192 1154 1348 1219 habituri
1366 1172 1439 1219 uon
1457 1166 1588 1232 esseut,

358 1262 427 1325 nisi
451 1270 621 1343 quantum
653 1277 762 1339 opera
791 1262 870 1341 ipsa
898 1261 1162 1324 convincerent.
1189 1260 1281 1341 Quia
1306 1272 1427 1326 tamen
1451 1263 1590 1326 alverni

358 1369 490 1449 optime
509 1367 554 1431 de
572 1366 749 1431 Societate
764 1367 974 1445 sentiebant,
991 1384 1228 1449 magnamque
1243 1370 1357 1432 nostri
1377 1368 1590 1433 aedificatio·

358 1492 439 1539 nem
454 1482 678 1554 acceperant,
695 1483 731 1536 et
745 1474 877 1537 scholis
888 1475 1029 1550 additis,
1042 1474 1213 1554 majorem
1225 1478 1408 1557 accepturi
1419 1475 1589 1541 videban-

357 1596 429 1659 tur;
445 1581 603 1645 Parisios
616 1598 728 1661 usque
743 1582 915 1660 paulatim
936 1581 1219 1646 aedificationem
1239 1592 1493 1664 perventuram
1511 1601 1589 1664 spe·

360 1690 498 1753 rabant.

415 1795 507 1859 2076.
551 1794 723 1859 Voluerat
738 1793 776 1857 P.
792 1793 953 1873 Ignatius
967 1796 1176 1875 intelligere,
1192 1815 1273 1861 cum
1285 1797 1329 1861 de
1341 1798 1521 1861 mittendis
1531 1797 1586 1861 Bi-

356 1904 527 1983 gliomum
543 1892 834 1982 praeceptoribus
845 1912 1024 1982 ageretur,
1038 1904 1127 1967 etde
1139 1902 1380 1968 Universitate
1391 1905 1451 1967 illa
1462 1904 1587 1968 admit·

355 2011 474 2087 tenda,
496 2027 586 2090 quae
607 2008 814 2089 disciplinae
834 2008 869 2071 in
889 2027 931 2071 ea
948 2009 1041 2072 tradi
1059 2011 1186 2073 solitae
1207 2021 1338 2090 essent;
1359 2021 1395 2074 et
1414 2012 1587 2075 intellexit

355 2118 584 2189 humaniores
598 2116 734 2179 litteras
749 2133 792 2178 ac
807 2116 1082 2195 philosophiam,
1100 2126 1134 2179 et
1149 2135 1231 2181 cum
1246 2117 1370 2181 aderat
1384 2119 1583 2199 theologuS,

353 2225 462 2288 etiam
476 2224 713 2303 theologicam
728 2221 831 2301 tradi,
848 2233 883 2286 et
898 2224 947 2284 ita
962 2240 1043 2286 cum
1058 2224 1127 2285 hoc
1141 2234 1301 2304 tempore
1316 2224 1355 2286 P.
1376 2224 1554 2289 Robertus
1574 2228 1587 2259 ²

354 2331 519 2409 Bigliomi
534 2340 750 2407 versaretur,
767 2329 811 2391 ab
827 2347 868 2393 eo
888 2330 1105 2409 theologiam
1120 2333 1397 2411 praelegendam
1410 2350 1489 2397 esse
1505 2332 1585 2398 Cla·

355 2438 592 2502 ramontensis
606 2436 804 2517 Episcopus
819 2438 997 2501 censebat.
1015 2437 1106 2500 Tres
1125 2449 1244 2502 autem
1259 2440 1513 2504 humaniorum
1531 2441 1586 2504 lit·

354 2556 522 2621 terarum,
552 2557 718 2625 quartum
744 2545 955 2623 rhetoriceS,
983 2547 1144 2626 quintum
1170 2558 1288 2610 autem
1309 2548 1518 2611 dialecticae
1542 2565 1586 2611 ac

352 2653 597 2734 philosophiae
611 2652 780 2716 lectorem
794 2651 870 2716 sore
885 2651 924 2716 P.
940 2649 1155 2716 Paschasius
1169 2654 1358 2717 scribebat.
1375 2653 1447 2719 Eos
1466 2663 1585 2719 autem

352 2762 463 2824 libros
475 2760 523 2822 ibi
538 2761 719 2838 legendos
736 2777 825 2840 quos
839 2757 1002 2823 Societas
1015 2761 1212 2840 probasset,
1229 2761 1329 2840 cuius
1344 2762 1493 2826 arbitrio
1512 2772 1584 2826 stu·

353 2869 412 2933 dia
428 2868 595 2930 universa
610 2867 800 2930 commissa
815 2877 929 2930 erant.
1333 2951 1340 2962 .

412 2973 504 3038 2077.
548 2974 637 3038 Cum
652 2976 759 3038 etiam
775 2974 972 3053 intelligere
994 2975 1165 3038 voluisset
1187 2976 1281 3039 idem
1296 2974 1334 3039 P.
1357 2975 1517 3056 ignatius
1539 2977 1584 3040 de

352 3081 661 3145 constitutionibus
682 3080 946 3157 Universitatis,
969 3078 1151 3154 reditibus,
1175 3099 1324 3146 numero
1338 3081 1582 3162 collegiorum,

353 3199 448 3250 etan
468 3189 503 3250 in
522 3195 731 3268 perpetuum
749 3188 998 3251 stabiliendum
1020 3197 1114 3250 esset
1132 3190 1321 3269 collegium
1342 3200 1516 3268 nostrum,
1530 3208 1585 3254 re·

353 3310 522 3373 sponsum
538 3295 605 3376 ipsi
620 3305 673 3358 est
688 3296 803 3357 nullas
818 3311 895 3358 esse
918 3297 1189 3361 constitutiones
1209 3301 1244 3361 in
1266 3316 1309 3360 ea
1328 3298 1583 3375 Universitate,

352 3418 444 3483 quae
458 3411 603 3482 possent
617 3411 777 3465 nostrum
799 3403 1015 3481 procedendi
1034 3405 1177 3468 modum
1198 3405 1387 3484 impedire;
1409 3408 1518 3470 immo
1539 3407 1586 3469 ab

352 3511 430 3589 ipsa
444 3507 620 3573 Societate
635 3509 763 3572 confici
778 3526 884 3588 posse
900 3519 1050 3589 statuta,
1065 3528 1130 3591 pro
1154 3512 1265 3592 ipsius
1279 3513 1455 3576 arbitratu
1473 3515 1510 3578 in
1527 3513 1583 3578 Bi·

352 3617 540 3696 gliomensi
555 3615 796 3680 Universitate
813 3616 1051 3680 observanda.

410 3722 503 3787 2078.
546 3723 669 3788 Nullos
684 3733 802 3787 autem
819 3741 861 3786 ea
879 3723 1105 3789 Universitas
1126 3744 1284 3807 unquam
1305 3727 1480 3791 habuerat
1493 3727 1583 3790 redi-

352 3841 429 3895 tus:
444 3839 695 3911 praeceptores
709 3846 775 3892 sua
790 3831 967 3910 stipendia
982 3849 1004 3895 a
1022 3833 1248 3896 scholasticis
1265 3834 1497 3915 recipiebant.
1520 3833 1582 3914 At,

350 3948 539 4018 postquam
555 3938 591 4000 in
611 3937 824 4002 Societatem
847 3939 1021 4002 translata
1040 3952 1106 4018 est,
1122 3940 1322 4021 Episcopus
1340 3941 1582 4006 Claramonta·

350 4063 417 4109 nus
432 4044 595 4125 promisit
609 4061 647 4107 se
670 4045 859 4125 collegium
875 4045 1155 4126 aedificaturum,
1178 4057 1213 4110 et
1232 4047 1277 4110 ad
1299 4047 1487 4112 duodecim
1506 4066 1583 4128 per·
1645 4122 1650 4130 .

350 4169 459 4215 sonas
473 4149 662 4216 Societatis
677 4153 931 4216 sustentandas
951 4153 1071 4217 dotem
1092 4154 1371 4234 assignaturum,
1389 4156 1584 4236 etquidem

391 4320 400 4352 ¹
410 4331 413 4339 ¹
427 4319 524 4374 Nuper,
535 4331 560 4362 ιι.
570 4318 632 4363 2072.
643 4319 709 4363 Vide
720 4321 800 4364 etism
811 4332 876 4376 quae
888 4322 978 4376 attigit
987 4323 1019 4366 de
1030 4324 1062 4367 iis
1077 4323 1188 4377 negotiis
1204 4324 1331 4368 Polancus
1341 4325 1367 4368 in
1382 4325 1431 4368 hoc
1443 4325 1585 4379 volumine,

349 4403 439 4446 supra,
450 4401 511 4446 pag.
521 4390 557 4442 lid,
569 4402 593 4434 n.
600 4389 634 4438 78.
643 4391 678 4434 79.

388 4462 400 4494 ¹
428 4461 557 4506 Robertus
568 4462 745 4519 Clayssonius.
756 4462 822 4508 Vide
838 4475 926 4520 supra,
944 4474 964 4509 t.
975 4478 999 4520 v,
1011 4478 1071 4521 pag.
1088 4467 1135 4519 320,
1151 4480 1178 4510 n.
1188 4468 1237 4520 869,
1252 4479 1314 4522 pag.
1327 4469 1376 4519 337,
1388 4481 1414 4513 ιι.
1428 4469 1469 4513 907
1483 4475 1585 4526 etseq.;

349 4543 368 4577 t.
379 4546 414 4588 tv,
424 4545 483 4589 pag.
494 4535 592 4587 3.·ιι322,
605 4547 628 4579 ιι.
638 4534 736 4588 otidis,
747 4543 772 4580 et
784 4537 845 4581 allbi
857 4548 944 4591 saepe,
959 4549 1017 4582 cum
1027 4550 1112 4582 sermo
1122 4547 1162 4582 cst
1172 4541 1204 4583 dc
1220 4542 1319 4585 nostris
1333 4539 1359 4584 iu
1375 4541 1462 4586 Gallia
1471 4553 1584 4586 commo-

350 4606 476 4651 rantibus.
