3642 5350
799 466 863 527 Au.
883 464 955 528 1556
1439 462 1495 531 333

262 610 298 675 in
310 608 467 693 Collegio
477 570 600 677 nostro
611 611 743 677 Goeusi
754 611 1015 688 instituebatur;
1029 620 1064 676 et
1076 630 1098 677 a
1108 611 1326 679 Provinciali
1339 614 1494 697 aliquem

264 716 355 782 mitti
368 714 407 783 P.
423 714 599 783 Henricus
614 719 772 801 optabat,
789 718 848 801 qui
862 736 986 784 curam
1000 718 1141 784 illorum
1154 730 1311 800 gereret.

324 822 416 889 3443.
458 824 497 889 ln
522 826 667 891 civitate
686 824 746 891 85¹
765 825 924 891 Thomae
943 822 981 890 P.
1003 824 1205 908 Cyprianus
1223 824 1233 859 ⁸
1252 827 1403 908 septimo
1420 827 1495 909 J'am
1617 796 1621 803 ¹

242 934 246 943 '
266 950 359 998 anno
374 932 561 999 residebat:
577 934 721 999 lusitani
735 934 885 1015 aprima
900 949 1012 1015 usque
1022 932 1129 998 domo
1140 934 1360 1015 praedictam
1370 936 1495 1000 urbem

266 1037 542 1105 aedificaverant
564 1057 608 1104 eo
633 1042 724 1119 loco,
751 1041 812 1105 ubi
835 1038 1031 1122 Apostolus
1054 1038 1212 1105 Thomas
1230 1042 1363 1107 diutius
1387 1060 1493 1125 qnam

265 1146 348 1211 alibi
361 1147 552 1227 resederat,
565 1148 808 1224 concionatus,
821 1156 857 1211 et
866 1147 1041 1229 martyrio
1053 1146 1199 1213 affectus
1210 1158 1246 1213 et
1255 1151 1415 1231 sepultus
1426 1161 1493 1231 est;

264 1264 299 1319 et
319 1254 400 1320 inde
425 1253 501 1337 ejus
520 1272 650 1337 corpus
668 1252 735 1320 fuit
753 1255 962 1331 abductum,
982 1255 1076 1335 quod
1095 1255 1217 1336 colligi
1235 1257 1321 1321 dicit
1340 1275 1386 1322 ex
1404 1257 1494 1324 libro

264 1362 434 1444 anonymi
448 1361 852 1441 PhalaretiEusebtbm‘,
871 1362 907 1426 in
926 1364 1020 1427 vitas
1039 1364 1293 1446 passionesque
1307 1364 1494 1446 Apostolo-

263 1487 354 1551 rum,
370 1486 475 1552 quem
489 1470 675 1553 rapsodias
694 1479 841 1551 vocant;
864 1478 900 1535 et
921 1470 997 1552 ipse
1016 1472 1116 1535 locus
1134 1488 1210 1537 rem
1228 1472 1387 1557 indicare
1405 1474 1495 1540 satis

265 1577 450 1643 videbatur
461 1575 485 1641 ¹.
597 1578 602 1587 '
664 1653 667 1659 ¹

323 1683 415 1749 3444.
459 1683 594 1750 Domus
618 1685 761 1768 quidem
784 1686 878 1750 illius
902 1686 1001 1751 urbis
1024 1688 1114 1751 satis
1137 1686 1351 1769 magnificae
1379 1698 1493 1768 eraut,

265 1793 475 1874 praesertim
499 1810 580 1857 cum
604 1792 640 1857 in
665 1809 777 1875 regno
802 1790 989 1873 cujusdam
1013 1792 1200 1876 Principis,
1227 1794 1320 1860 inter
1344 1796 1495 1877 gentiles

266 1886 519 1981 praepotentis,
543 1916 586 1964 ea
601 1899 730 1965 civitas
748 1908 858 1980 esset;
874 1917 941 1965 nec
960 1900 1154 1966 humanum
1172 1902 1406 1983 praesidium,
1432 1902 1495 1968 sed

266 2004 426 2073 divinum
440 2016 577 2099 tantum
592 2016 717 2073 contra
737 2008 835 2072 illum
854 2007 987 2072 babere
1000 2018 1132 2089 posset.
1149 2006 1220 2073 Sed
1244 2025 1372 2092 parum
1396 2010 1495 2075 vide·

261 2115 394 2207 'bantur
408 2114 447 2179 P.
463 2113 644 2196 cypriano
659 2115 749 2179 haec
767 2110 780 2145 ³
801 2114 1022 2179 considerari
1042 2132 1063 2178 a
1082 2114 1258 2197 lusitanis,
1279 2116 1323 2182 de
1343 2134 1495 2199 quorum
1521 2173 1524 2178 ,

266 2220 449 2287 affectibus
475 2221 520 2286 ad
545 2231 686 2287 terrena
710 2220 816 2286 valde
840 2221 1026 2303 propensis
1051 2224 1348 2305 conquerebatur;
1371 2234 1407 2289 et
1425 2225 1494 2306 ipsi

264 2328 373 2393 etiam
398 2330 549 2409 gentiles
573 2329 788 2410 exprobrare
813 2328 1074 2410 quodammodo
1096 2330 1165 2393 iilis
1186 2330 1412 2413 videbantur3
1435 2331 1496 2413 qui

265 2436 382 2501 dicere
397 2436 494 2501 soliti
508 2446 621 2501 erant:
638 2434 730 2517 Quid
744 2436 810 2501 sibi
825 2437 901 2499 vult
917 2436 1014 2518 quod
1026 2436 1064 2502 hi
1078 2438 1216 2502 externi
1236 2437 1300 2517 (sic
1319 2439 1414 2504 enim
1433 2458 1494 2504 vo·

266 2544 395 2608 cabant
411 2542 596 2623 lusitanos)
611 2543 751 2608 radices
762 2552 874 2624 agunt
887 2543 925 2607 in
936 2552 1033 2608 terra
1043 2560 1115 2608 non
1127 2560 1203 2623 sua,
1216 2556 1252 2609 et
1262 2546 1294 2609 si
1304 2546 1429 2611 verum
1441 2554 1494 2611 est

265 2650 360 2734 quod
373 2650 441 2736 ipsi
452 2650 600 2734 jnctant,
616 2650 754 2717 coelum
768 2650 855 2734 ipsis
868 2660 1035 2734 paratum
1049 2666 1128 2717 esse
1145 2661 1227 2734 post
1246 2662 1408 2735 mortem,
1429 2670 1495 2721 cur

267 2767 408 2824 terrena
423 2768 608 2841 tantopere
623 2759 772 2824 curanti

328 2865 419 2931 3445.
462 2867 513 2932 Ea
533 2875 652 2932 autem
670 2875 748 2932 erat
767 2867 862 2932 vitae
880 2867 1028 2932 libertas
1047 2868 1084 2931 in
1103 2867 1202 2932 bisce
1222 2867 1435 2949 hominibus,
1455 2878 1495 2933 ut

266 2974 306 3039 Ρ.
327 2974 528 3057 Cyprianus
548 2973 682 3054 scribit,
706 2982 742 3037 et
763 2989 806 3038 ea
826 2974 994 3055 propriae
1016 2975 1141 3039 salutis
1160 2975 1304 3052 oblivio,
1327 2984 1367 3040 ut
1387 2975 1494 3041 etiam

265 3082 386 3147 fideles
407 3099 451 3145 ex
470 3081 654 3146 saracenis
672 3089 707 3145 et
726 3081 918 3161 gentilibus
938 3081 1104 3146 conversi
1122 3081 1368 3147 dilabebantur
1389 3083 1495 3149 inter·

265 3191 348 3255 dum
362 3197 397 3254 et
411 3188 457 3254 ad
475 3187 614 3253 vicinos
633 3185 792 3252 infideles
811 3189 1087 3269 degenerabant,
1108 3188 1203 3270 quod
1222 3191 1385 3271 exempla
1404 3190 1493 3254 chri·

262 3297 459 3362 stianorum
472 3304 634 3360 veterum
647 3295 763 3376 magis
774 3296 819 3360 ad
834 3312 898 3359 eos
912 3295 1173 3385 depravandos,
1190 3313 1297 3378 quam
1312 3297 1494 3378 praedica·

263 3407 313 3470 tio
328 3405 590 3469 concionatoris
605 3402 650 3467 ad
669 3419 732 3467 eos
750 3402 997 3468 reformandos
1015 3413 1049 3466 et
1065 3403 1104 3467 in
1126 3402 1241 3467 officio
1263 3404 1495 3469 continendos

262 3513 433 3592 valerent;
449 3520 484 3576 et
498 3509 708 3591 gubernatio
722 3520 796 3574 tam
807 3509 1048 3574 ecclesiastica
1064 3526 1171 3591 quam
1185 3511 1392 3592 saecularis,
1409 3510 1493 3576 dum

265 3619 530 3686 Gubernatores
544 3628 718 3701 quaerunt
733 3634 824 3699 quae
839 3634 904 3681 sua
919 3628 1012 3696 sunt,
1030 3618 1147 3700 potius
1165 3635 1273 3699 quam
1292 3636 1383 3700 quae
1396 3618 1493 3683 Chri-

265 3726 322 3807 sti,
340 3743 467 3809 parum
481 3725 526 3790 ad
548 3725 819 3790 conversionem
838 3722 1031 3789 infidelium
1050 3724 1276 3803 conferebat,
1288 3734 1323 3789 et
1342 3725 1425 3807 quia
1445 3726 1494 3789 vi-

266 3835 347 3900 cina
369 3833 559 3900 admodum
580 3840 683 3896 erant
701 3833 780 3896 loca
804 3829 1007 3909 infidelium,
1029 3831 1093 3895 vix
1115 3832 1275 3897 adhiberi
1299 3832 1496 3897 remedium

266 3944 325 4007 ille
339 3941 507 4007 censebat
522 3939 737 4018 humanitus
755 3938 823 4002 nisi
843 3937 922 4003 Rex
935 3938 1012 4019 ipse
1033 3939 1126 4003 illius
1147 3939 1304 4019 regionis
1324 3938 1371 4003 ad
1391 3938 1496 4005 tidem

265 4057 359 4114 esset
373 4063 580 4125 conversus,
596 4046 654 4110 vel
668 4045 769 4111 multi
783 4045 904 4128 populi
918 4045 1209 4125 christianorum,
1223 4047 1331 4111 etiam
1342 4046 1379 4110 in
1390 4046 1497 4111 medi-

266 4156 452 4236 terraneiS,
469 4155 781 4220 constituerentur.

323 4263 415 4327 3446.
458 4261 538 4327 Non
548 4261 767 4326 accedebant
782 4269 901 4326 autem
915 4277 958 4325 eo
973 4262 1009 4326 in
1023 4263 1104 4326 loco
1115 4260 1190 4343 jam
1205 4262 1356 4344 amplius
1369 4263 1433 4326 ulli
1446 4262 1496 4326 in·

264 4371 384 4438 fideles
398 4370 446 4436 ad
459 4369 576 4450 fidem;
591 4386 684 4451 quae
699 4367 792 4434 enim
807 4369 844 4432 in
858 4368 1022 4433 lusitanis
1037 4367 1219 4450 videbant,
1231 4369 1349 4450 potius
1359 4369 1407 4435 ad
1418 4369 1497 4434 reli·

304 4581 312 4612 ¹
342 4578 371 4622 P.
382 4577 532 4634 alphonsus
542 4575 698 4635 Cyprianus,
708 4575 766 4621 slve
777 4573 901 4628 debriari,
910 4575 984 4631 cnjus
995 4585 1073 4630 saepe
1084 4574 1239 4619 mentionem
1249 4573 1365 4619 iacimus.

303 4651 315 4684 ¹
342 4651 409 4697 Vide
420 4661 486 4707 quae
496 4651 529 4695 de
540 4649 591 4694 lanc
600 4660 629 4693 re
639 4649 761 4694 dicuntur
770 4659 859 4704 supra,
869 4655 889 4692 t.
903 4658 932 4702 11,
941 4658 1003 4704 pag.
1013 4647 1062 4701 766,
1072 4657 1097 4692 n.
1106 4645 1156 4702 738,
1166 4653 1192 4690 et
1208 4654 1226 4692 t.
1236 4659 1263 4702 v,
1274 4657 1334 4703 pag.
1343 4645 1392 4701 683,
1403 4655 1428 4690 a.
1440 4643 1499 4690 lew.

308 4725 319 4758 ³
347 4723 441 4769 liam.
