3642 5350
366 412 424 472 610
826 407 956 470 Canon.
976 406 1053 467 Soc.
1073 407 1144 482 Jns.

368 557 612 640 proximorum
627 553 808 633 auxilium,
825 563 977 636 quatuor
992 553 1144 617 lectores
1159 552 1342 632 ordinarii,
1358 559 1499 632 praeter
1520 553 1599 616 sub·

368 667 531 730 levantes
544 662 782 743 coadjutores,
797 659 968 724 studiosis
982 660 1114 726 dabant
1129 677 1287 743 operam,
1301 677 1392 741 quae
1405 675 1464 723 res
1476 658 1596 724 civita·

369 772 398 836 ti
410 789 454 834 ac
467 769 622 835 dioecesi
635 768 842 850 gratissima
858 767 1056 832 accidebat.
1073 767 1128 831 Ex
1142 777 1218 830 tota
1234 767 1328 831 enim
1347 766 1519 845 dioecesi,
1540 765 1598 830 bo·

370 896 417 942 no
431 877 628 942 studiorum
643 876 751 940 odore
767 893 810 940 ac
823 874 920 938 sama
938 873 958 954 ¹,
975 873 1193 938 Placentiam
1209 883 1247 937 ut
1268 873 1315 938 ad
1329 872 1599 938 universitatem

369 982 889 1067 quamdamconveniebant,et
899 983 1046 1062 regulae
1058 989 1262 1046 nostrarum
1273 980 1488 1058 scholarum,
1499 996 1599 1061 prae·

370 1093 472 1174 cipue
483 1107 576 1172 quae
591 1089 637 1154 ad
651 1099 854 1153 menstruas
874 1088 1117 1153 confessiones
1132 1087 1349 1167 attinebant,
1365 1104 1448 1151 cum
1467 1103 1599 1166 magna

369 1197 667 1264 scholasticorum
688 1197 865 1277 spirituali
885 1195 1054 1273 utilitate,
1077 1195 1136 1276 qui
1156 1195 1269 1258 vitam
1289 1195 1325 1259 in
1345 1195 1469 1259 melius
1488 1203 1600 1258 muta-

372 1307 468 1385 bant,
495 1316 529 1369 et
553 1305 728 1386 singulari
752 1313 942 1385 parentum
966 1303 1210 1368 consolatione
1238 1303 1539 1380 observabantur;
1566 1313 1602 1364 et

369 1430 586 1495 quamquam
601 1430 644 1477 ea
658 1412 759 1490 regio
774 1412 932 1475 aestibus
953 1409 1115 1475 infestari
1136 1410 1239 1474 solita
1261 1411 1317 1486 sit,
1339 1427 1409 1474 non
1429 1409 1510 1474 ideo
1530 1427 1601 1473 ma·

370 1521 564 1600 gistrorum
579 1528 642 1582 aut
656 1517 869 1582 discentium
882 1529 1035 1582 conatus
1054 1517 1280 1596 frigescebat.

429 1624 522 1690 2629.
565 1624 739 1705 Discipuli
754 1635 856 1688 erant
871 1624 1058 1704 morigeri,
1081 1625 1232 1700 honesti,
1249 1625 1447 1688 litterarum
1468 1623 1600 1704 cupidi,

371 1733 635 1797 confessionum
646 1742 681 1796 et
690 1731 940 1796 Eucharistiae
953 1741 1127 1796 amantes.
1139 1730 1263 1812 Itaque
1273 1747 1347 1794 non
1358 1731 1486 1796 mirum
1496 1739 1561 1806 est,
1573 1731 1603 1792 si

371 1849 539 1920 parentes
553 1839 711 1903 dicerent
725 1836 876 1903 feliciter
889 1857 929 1903 se
943 1839 1112 1919 genuisse
1124 1838 1267 1918 liberos,
1284 1856 1374 1919 quos
1389 1838 1441 1902 sic
1457 1838 1603 1901 educari

371 1961 406 2011 et
421 1947 557 2010 institui
576 1946 641 2009 sub
661 1954 866 2010 nostrorum
882 1946 1072 2027 disciplina
1088 1945 1308 2025 contigisset;
1326 1954 1360 2009 et
1375 1953 1602 2026 praemature

372 2053 515 2135 quidam
529 2069 654 2116 eorum
668 2069 752 2116 suos
767 2053 897 2116 liberos
911 2052 1123 2117 erudiendos
1138 2053 1271 2116 nostris
1284 2051 1485 2116 tradebant.

431 2158 523 2222 2630.
567 2159 669 2222 Multi
680 2169 799 2223 autern
815 2161 905 2223 inter
921 2161 1058 2223 nobiles
1072 2160 1319 2224 adolescentes
1339 2168 1453 2238 erant,
1477 2161 1537 2241 qui
1555 2170 1605 2224 to·

373 2267 419 2331 tis
433 2266 527 2330 votis
543 2267 673 2330 ostium
688 2265 877 2331 Societatis
891 2277 1036 2331 nostrae
1050 2267 1118 2330 sibi
1133 2267 1265 2347 aperiri
1276 2268 1501 2347 expetebant;
1514 2285 1605 2349 quos

374 2383 491 2437 tamen
508 2372 701 2437 Villanova
716 2375 838 2438 statim
853 2371 1091 2438 admittendos
1105 2391 1177 2437 non
1193 2374 1372 2452 censebat,
1390 2374 1453 2438 sed
1467 2375 1514 2438 ad
1527 2392 1604 2455 per·

373 2480 613 2545 severandum
640 2480 677 2543 in
703 2480 864 2543 honestis
888 2480 1015 2544 studiis
1039 2469 1267 2558 hortabatur,
1295 2491 1333 2544 ut
1358 2481 1603 2561 opportunius,

371 2597 490 2651 aetate
505 2587 691 2665 adultiore,
708 2587 873 2666 religioni
887 2604 926 2650 se
940 2597 1087 2667 possent
1105 2604 1329 2652 consecrare.

431 2694 523 2759 2631.
567 2694 736 2775 Quintum
781 2694 864 2759 addi
896 2705 1166 2777 praeceptorem
1200 2696 1372 2776 temporis
1411 2712 1605 2776 progressu

372 2820 464 2883 opus
477 2802 558 2880 fuit,
576 2812 611 2864 et
626 2819 707 2865 cum
721 2800 760 2865 P.
776 2800 974 2883 Dionysius
989 2801 1174 2884 VasqueZ,
1196 2804 1257 2883 qui
1276 2803 1493 2867 rhetoricam
1511 2804 1604 2883 lege·

374 2911 451 2989 bat,
467 2917 502 2973 et
516 2919 693 2990 quartana
707 2908 815 2986 febri,
836 2910 965 2989 hyeme
979 2910 1192 2990 praeterita,
1208 2908 1325 2974 fuerat
1343 2919 1516 2988 vexatus,
1533 2911 1603 2973 alio

374 3016 593 3094 recessisset,
610 3034 631 3079 a
646 3016 684 3079 P.
700 3016 896 3081 Francisco
912 3026 1100 3097 evocatus,
1118 3018 1324 3098 Alphonsus
1344 3016 1507 3083 Ramirez
1522 3018 1555 3081 ei
1568 3018 1604 3080 in

373 3124 442 3187 hoc
457 3123 611 3187 docendi
625 3140 771 3187 munere
785 3125 970 3188 successit.

433 3228 525 3293 2632.
567 3228 721 3308 Magnus
735 3239 854 3294 autem
867 3230 1108 3295 studiosorum
1122 3232 1187 3295 luit
1202 3240 1409 3313 proventus
1422 3230 1517 3312 quod
1532 3246 1605 3295 ma·

372 3337 432 3416 gis
447 3336 546 3399 multi
560 3336 782 3400 mirabantur
798 3338 843 3400 ob
859 3338 944 3401 anni
959 3337 1053 3401 illius
1068 3338 1242 3418 inopiam,
1260 3338 1323 3401 sed
1343 3348 1378 3401 et
1393 3338 1536 3418 ingenia
1557 3338 1606 3401 in·

376 3453 431 3507 ter
451 3442 530 3506 illos
551 3444 661 3506 multa
686 3446 871 3523 praeclara
895 3454 1014 3510 erant:
1036 3446 1156 3525 plures
1178 3454 1297 3508 autem
1314 3445 1426 3508 multo
1446 3444 1607 3526 sequenti

374 3566 471 3614 anno
486 3550 777 3631 expectabantur.

434 3655 526 3721 2633.
568 3655 654 3720 Post
673 3656 802 3720 festum
821 3657 1051 3721 Pentecostes
1067 3659 1214 3723 recessit
1228 3658 1428 3740 Episcopus
1442 3659 1488 3723 ad
1503 3676 1606 3723 suum

374 3764 544 3845 oppidum
569 3765 712 3828 nomine
733 3764 957 3845 Zarayzego,
981 3777 1019 3828 ut
1042 3765 1123 3829 inde
1141 3766 1356 3831 Madridium
1376 3775 1542 3848 pergeret
1560 3765 1606 3829 ad

374 3870 552 3951 quaedam
572 3871 715 3950 negotia
733 3871 969 3950 conficienda,
986 3880 1021 3935 et
1036 3880 1074 3935 ut
1094 3890 1165 3936 non
1184 3873 1333 3938 libenter
1351 3872 1533 3938 Placentia
1553 3890 1605 3937 re·

376 3977 495 4056 cessit,
513 3978 563 4041 ita
578 3977 625 4040 ad
639 3977 768 4041 festum
782 3977 867 4041 Divi
881 3978 1001 4041 Lucae
1016 3996 1054 4041 se
1069 3978 1264 4044 rediturum
1284 3980 1460 4061 promisit.

436 4084 528 4147 2634.
570 4082 656 4148 Post
668 4084 797 4148 festum
812 4083 873 4148 Sal
889 4085 1039 4167 Joaunis
1058 4104 1103 4149 ex
1122 4088 1342 4167 praescripto
1364 4086 1402 4152 P.
1423 4085 1609 4151 Francisci

376 4189 531 4269 Borgiae
555 4190 672 4254 studia
698 4199 900 4270 cessarunt,
930 4192 986 4255 vel
1010 4195 1127 4273 potius
1147 4194 1310 4258 relaxata
1332 4194 1491 4272 suerunt,
1514 4192 1610 4273 quod

375 4306 496 4360 aestus
521 4314 564 4361 eo
589 4297 625 4361 in
649 4299 728 4361 loco
754 4298 1024 4362 molestissimus
1048 4308 1161 4380 esset3
1188 4301 1416 4367 nihilominus
1435 4301 1472 4364 in
1494 4300 1609 4364 tribus

375 4403 549 4467 classibus
562 4421 674 4485 usque
687 4404 733 4468 ad
751 4402 880 4468 festum
901 4404 946 4467 D.
967 4404 1102 4486 Lucae,
1126 4423 1230 4472 mane
1249 4408 1522 4489 praelegebatur
1546 4422 1610 4488 per

415 4643 426 4679 ¹
452 4642 500 4691 lie.
509 4644 588 4690 habet
599 4646 640 4691 hic
650 4648 748 4701 accipi,
756 4645 825 4701 quod
835 4646 993 4702 superfluum
1006 4649 1118 4696 videtur.
