<?xml version="1.0" encoding="UTF-8"?>
<!DOCTYPE html PUBLIC "-//W3C//DTD XHTML 1.0 Transitional//EN"
    "http://www.w3.org/TR/xhtml1/DTD/xhtml1-transitional.dtd">
<html xmlns="http://www.w3.org/1999/xhtml" xml:lang="en" lang="en">
 <head>
  <title>
</title>
<meta http-equiv="Content-Type" content="text/html;charset=utf-8" />
  <meta name='ocr-system' content='tesseract 3.04.00' />
  <meta name='ocr-capabilities' content='ocr_page ocr_carea ocr_par ocr_line ocrx_word'/>
</head>
<body>
  <div class='ocr_page' id='page_1' title='image "./vitaignatiiloio00polagoog_0640.png"; bbox 0 0 3642 5350; ppageno 0'>
   <div class='ocr_carea' id='block_1_1' title="bbox 331 395 1111 469">
    <p class='ocr_par' dir='ltr' id='par_1_1' title="bbox 331 395 1111 469">
     <span class='ocr_line' id='line_1_1' title="bbox 331 395 1111 469; baseline -0.004 -11"><span class='ocrx_word' id='word_1_1' title='bbox 331 398 391 458; x_wconf 76' lang='grc'>620</span> <span class='ocrx_word' id='word_1_2' title='bbox 792 395 922 457; x_wconf 81' lang='lat' dir='ltr'>Canon.</span> <span class='ocrx_word' id='word_1_3' title='bbox 943 395 1019 456; x_wconf 88' lang='lat' dir='ltr'><strong>Soc.</strong></span> <span class='ocrx_word' id='word_1_4' title='bbox 1040 396 1111 469; x_wconf 82' lang='lat' dir='ltr'>Jas.</span> 
     </span>
    </p>
   </div>
   <div class='ocr_carea' id='block_1_2' title="bbox 299 540 1572 4481">
    <p class='ocr_par' dir='ltr' id='par_1_2' title="bbox 326 540 1571 1691">
     <span class='ocr_line' id='line_1_2' title="bbox 329 540 1567 624; baseline -0.002 -17"><span class='ocrx_word' id='word_1_5' title='bbox 329 544 572 609; x_wconf 81' lang='lat' dir='ltr'>functionibus</span> <span class='ocrx_word' id='word_1_6' title='bbox 586 543 787 622; x_wconf 84' lang='lat' dir='ltr'>exercebat,</span> <span class='ocrx_word' id='word_1_7' title='bbox 804 551 842 606; x_wconf 93' lang='lat' dir='ltr'>ut</span> <span class='ocrx_word' id='word_1_8' title='bbox 857 560 928 606; x_wconf 90' lang='lat' dir='ltr'>non</span> <span class='ocrx_word' id='word_1_9' title='bbox 943 543 1056 606; x_wconf 91' lang='lat' dir='ltr'>solum</span> <span class='ocrx_word' id='word_1_10' title='bbox 1077 559 1253 624; x_wconf 81' lang='lat' dir='ltr'>pauperes</span> <span class='ocrx_word' id='word_1_11' title='bbox 1273 542 1310 605; x_wconf 90' lang='lat' dir='ltr'>in</span> <span class='ocrx_word' id='word_1_12' title='bbox 1330 540 1497 620; x_wconf 91' lang='lat' dir='ltr'>hospitali</span> <span class='ocrx_word' id='word_1_13' title='bbox 1515 542 1567 605; x_wconf 92' lang='lat' dir='ltr'>in·</span> 
     </span>
     <span class='ocr_line' id='line_1_3' title="bbox 326 647 1571 728; baseline -0.002 -14"><span class='ocrx_word' id='word_1_14' title='bbox 326 652 464 715; x_wconf 76' lang='lat' dir='ltr'>viseret</span> <span class='ocrx_word' id='word_1_15' title='bbox 474 658 509 714; x_wconf 91' lang='lat' dir='ltr'>et</span> <span class='ocrx_word' id='word_1_16' title='bbox 520 649 753 714; x_wconf 83' lang='lat' dir='ltr'>christianam</span> <span class='ocrx_word' id='word_1_17' title='bbox 765 649 965 714; x_wconf 85' lang='lat' dir='ltr'><strong>doctrinam</strong></span> <span class='ocrx_word' id='word_1_18' title='bbox 976 666 1038 713; x_wconf 92' lang='lat' dir='ltr'>eos</span> <span class='ocrx_word' id='word_1_19' title='bbox 1050 649 1205 728; x_wconf 90' lang='lat' dir='ltr'>doceret,</span> <span class='ocrx_word' id='word_1_20' title='bbox 1219 648 1282 712; x_wconf 92' lang='lat' dir='ltr'>sed</span> <span class='ocrx_word' id='word_1_21' title='bbox 1293 665 1340 712; x_wconf 80' lang='lat' dir='ltr'>ex</span> <span class='ocrx_word' id='word_1_22' title='bbox 1352 647 1446 712; x_wconf 81' lang='lat' dir='ltr'>fonte</span> <span class='ocrx_word' id='word_1_23' title='bbox 1458 648 1571 712; x_wconf 87' lang='lat' dir='ltr'>etiam</span> 
     </span>
     <span class='ocr_line' id='line_1_4' title="bbox 329 755 1561 838; baseline -0.003 -16"><span class='ocrx_word' id='word_1_24' title='bbox 329 758 469 838; x_wconf 92' lang='lat' dir='ltr'>publice</span> <span class='ocrx_word' id='word_1_25' title='bbox 484 774 615 838; x_wconf 92' lang='lat' dir='ltr'>aquam</span> <span class='ocrx_word' id='word_1_26' title='bbox 626 757 730 820; x_wconf 91' lang='lat' dir='ltr'>hilari</span> <span class='ocrx_word' id='word_1_27' title='bbox 743 757 861 821; x_wconf 89' lang='lat' dir='ltr'>animo</span> <span class='ocrx_word' id='word_1_28' title='bbox 872 756 993 834; x_wconf 78' lang='lat' dir='ltr'>ferret3</span> <span class='ocrx_word' id='word_1_29' title='bbox 1006 765 1041 819; x_wconf 93' lang='lat' dir='ltr'>et</span> <span class='ocrx_word' id='word_1_30' title='bbox 1056 773 1137 820; x_wconf 91' lang='lat' dir='ltr'>cum</span> <span class='ocrx_word' id='word_1_31' title='bbox 1152 772 1345 837; x_wconf 84' lang='lat' dir='ltr'>pauperem</span> <span class='ocrx_word' id='word_1_32' title='bbox 1359 755 1561 836; x_wconf 88' lang='lat' dir='ltr'>quemdam,</span> 
     </span>
     <span class='ocr_line' id='line_1_5' title="bbox 328 861 1563 943; baseline -0.001 -17"><span class='ocrx_word' id='word_1_33' title='bbox 328 865 502 942; x_wconf 79' lang='lat' dir='ltr'>chirurgo</span> <span class='ocrx_word' id='word_1_34' title='bbox 522 864 750 943; x_wconf 82' lang='lat' dir='ltr'>indigentem,</span> <span class='ocrx_word' id='word_1_35' title='bbox 771 863 932 942; x_wconf 88' lang='lat' dir='ltr'>vidisset,</span> <span class='ocrx_word' id='word_1_36' title='bbox 956 863 1027 943; x_wconf 90' lang='lat' dir='ltr'>(qui</span> <span class='ocrx_word' id='word_1_37' title='bbox 1046 874 1166 927; x_wconf 91' lang='lat' dir='ltr'>tamen</span> <span class='ocrx_word' id='word_1_38' title='bbox 1186 862 1232 926; x_wconf 89' lang='lat' dir='ltr'>ad</span> <span class='ocrx_word' id='word_1_39' title='bbox 1253 880 1334 926; x_wconf 91' lang='lat' dir='ltr'>cum</span> <span class='ocrx_word' id='word_1_40' title='bbox 1355 879 1427 926; x_wconf 93' lang='lat' dir='ltr'>nou</span> <span class='ocrx_word' id='word_1_41' title='bbox 1446 861 1563 926; x_wconf 89' lang='lat' dir='ltr'>venie-</span> 
     </span>
     <span class='ocr_line' id='line_1_6' title="bbox 327 969 1567 1063; baseline 0.001 -29"><span class='ocrx_word' id='word_1_42' title='bbox 327 972 415 1063; x_wconf 76' lang='lat' dir='ltr'>bati,</span> <span class='ocrx_word' id='word_1_43' title='bbox 432 972 590 1034; x_wconf 87' lang='lat' dir='ltr'>humeris</span> <span class='ocrx_word' id='word_1_44' title='bbox 603 970 765 1034; x_wconf 89' lang='lat' dir='ltr'>eumdem</span> <span class='ocrx_word' id='word_1_45' title='bbox 780 971 922 1035; x_wconf 86' lang='lat' dir='ltr'>sustulit</span> <span class='ocrx_word' id='word_1_46' title='bbox 937 971 1088 1050; x_wconf 89' lang='lat' dir='ltr'>publice,</span> <span class='ocrx_word' id='word_1_47' title='bbox 1105 980 1141 1033; x_wconf 96' lang='lat' dir='ltr'>et</span> <span class='ocrx_word' id='word_1_48' title='bbox 1162 970 1278 1033; x_wconf 89' lang='lat' dir='ltr'>medio</span> <span class='ocrx_word' id='word_1_49' title='bbox 1293 969 1365 1048; x_wconf 92' lang='lat' dir='ltr'>die,</span> <span class='ocrx_word' id='word_1_50' title='bbox 1387 979 1425 1034; x_wconf 93' lang='lat' dir='ltr'>ut</span> <span class='ocrx_word' id='word_1_51' title='bbox 1441 969 1489 1034; x_wconf 93' lang='lat' dir='ltr'>ibi</span> <span class='ocrx_word' id='word_1_52' title='bbox 1508 987 1567 1035; x_wconf 92' lang='lat' dir='ltr'>cu·</span> 
     </span>
     <span class='ocr_line' id='line_1_7' title="bbox 331 1076 1567 1158; baseline -0.002 -16"><span class='ocrx_word' id='word_1_53' title='bbox 331 1078 406 1142; x_wconf 85' lang='lat' dir='ltr'>rari</span> <span class='ocrx_word' id='word_1_54' title='bbox 428 1087 547 1158; x_wconf 88' lang='lat' dir='ltr'>posset</span> <span class='ocrx_word' id='word_1_55' title='bbox 563 1094 644 1142; x_wconf 92' lang='lat' dir='ltr'>eum</span> <span class='ocrx_word' id='word_1_56' title='bbox 664 1077 866 1158; x_wconf 84' lang='lat' dir='ltr'>deportavit</span> <span class='ocrx_word' id='word_1_57' title='bbox 887 1076 906 1136; x_wconf 88' lang='lat'>¹.</span> <span class='ocrx_word' id='word_1_58' title='bbox 931 1077 1074 1141; x_wconf 88' lang='lat' dir='ltr'>Etcum</span> <span class='ocrx_word' id='word_1_59' title='bbox 1095 1093 1218 1140; x_wconf 91' lang='lat' dir='ltr'>curam</span> <span class='ocrx_word' id='word_1_60' title='bbox 1240 1077 1386 1140; x_wconf 89' lang='lat' dir='ltr'>haberet</span> <span class='ocrx_word' id='word_1_61' title='bbox 1407 1076 1567 1140; x_wconf 89' lang='lat' dir='ltr'>mulieris</span> 
     </span>
     <span class='ocr_line' id='line_1_8' title="bbox 327 1183 1569 1265; baseline 0.001 -18"><span class='ocrx_word' id='word_1_62' title='bbox 327 1183 528 1265; x_wconf 82' lang='lat' dir='ltr'>cujusdam,</span> <span class='ocrx_word' id='word_1_63' title='bbox 544 1201 636 1265; x_wconf 89' lang='lat' dir='ltr'>quae</span> <span class='ocrx_word' id='word_1_64' title='bbox 650 1200 733 1248; x_wconf 92' lang='lat' dir='ltr'>crus</span> <span class='ocrx_word' id='word_1_65' title='bbox 747 1185 890 1264; x_wconf 88' lang='lat' dir='ltr'>plenum</span> <span class='ocrx_word' id='word_1_66' title='bbox 905 1184 1084 1248; x_wconf 86' lang='lat' dir='ltr'>ulceribus</span> <span class='ocrx_word' id='word_1_67' title='bbox 1099 1183 1264 1258; x_wconf 89' lang='lat' dir='ltr'>habebat,</span> <span class='ocrx_word' id='word_1_68' title='bbox 1280 1201 1347 1247; x_wconf 92' lang='lat' dir='ltr'>nec</span> <span class='ocrx_word' id='word_1_69' title='bbox 1362 1183 1487 1257; x_wconf 88' lang='lat' dir='ltr'>alium,</span> <span class='ocrx_word' id='word_1_70' title='bbox 1506 1185 1569 1265; x_wconf 93' lang='lat' dir='ltr'>qui</span> 
     </span>
     <span class='ocr_line' id='line_1_9' title="bbox 328 1289 1569 1370; baseline 0 -16"><span class='ocrx_word' id='word_1_71' title='bbox 328 1309 412 1354; x_wconf 87' lang='lat' dir='ltr'>eam</span> <span class='ocrx_word' id='word_1_72' title='bbox 431 1300 585 1370; x_wconf 85' lang='lat' dir='ltr'>curaret,</span> <span class='ocrx_word' id='word_1_73' title='bbox 602 1290 816 1366; x_wconf 89' lang='lat' dir='ltr'>inveniebat;</span> <span class='ocrx_word' id='word_1_74' title='bbox 834 1308 915 1353; x_wconf 94' lang='lat' dir='ltr'>cum</span> <span class='ocrx_word' id='word_1_75' title='bbox 937 1289 1014 1370; x_wconf 89' lang='lat' dir='ltr'>ejus</span> <span class='ocrx_word' id='word_1_76' title='bbox 1033 1289 1173 1354; x_wconf 90' lang='lat' dir='ltr'>animus</span> <span class='ocrx_word' id='word_1_77' title='bbox 1195 1290 1404 1353; x_wconf 87' lang='lat' dir='ltr'>abhorreret</span> <span class='ocrx_word' id='word_1_78' title='bbox 1426 1303 1461 1354; x_wconf 88' lang='lat' dir='ltr'>et</span> <span class='ocrx_word' id='word_1_79' title='bbox 1482 1308 1569 1354; x_wconf 90' lang='lat' dir='ltr'>nau-</span> 
     </span>
     <span class='ocr_line' id='line_1_10' title="bbox 330 1396 1565 1477; baseline 0 -17"><span class='ocrx_word' id='word_1_80' title='bbox 330 1407 461 1474; x_wconf 88' lang='lat' dir='ltr'>searet,</span> <span class='ocrx_word' id='word_1_81' title='bbox 478 1407 517 1460; x_wconf 94' lang='lat' dir='ltr'>ut</span> <span class='ocrx_word' id='word_1_82' title='bbox 531 1398 688 1477; x_wconf 90' lang='lat' dir='ltr'>seipsum</span> <span class='ocrx_word' id='word_1_83' title='bbox 709 1397 880 1472; x_wconf 87' lang='lat' dir='ltr'>vinceret,</span> <span class='ocrx_word' id='word_1_84' title='bbox 903 1413 1054 1476; x_wconf 78' lang='lat' dir='ltr'>pannea,</span> <span class='ocrx_word' id='word_1_85' title='bbox 1068 1398 1197 1477; x_wconf 92' lang='lat' dir='ltr'>quibus</span> <span class='ocrx_word' id='word_1_86' title='bbox 1207 1396 1284 1477; x_wconf 85' lang='lat' dir='ltr'>ejus</span> <span class='ocrx_word' id='word_1_87' title='bbox 1298 1399 1418 1460; x_wconf 89' lang='lat' dir='ltr'>ulcera</span> <span class='ocrx_word' id='word_1_88' title='bbox 1434 1397 1565 1461; x_wconf 88' lang='lat' dir='ltr'>abster·</span> 
     </span>
     <span class='ocr_line' id='line_1_11' title="bbox 328 1503 1569 1585; baseline 0.001 -18"><span class='ocrx_word' id='word_1_89' title='bbox 328 1504 450 1584; x_wconf 84' lang='lat' dir='ltr'>gebat,</span> <span class='ocrx_word' id='word_1_90' title='bbox 474 1505 510 1568; x_wconf 90' lang='lat' dir='ltr'>in</span> <span class='ocrx_word' id='word_1_91' title='bbox 531 1521 571 1568; x_wconf 91' lang='lat' dir='ltr'>os</span> <span class='ocrx_word' id='word_1_92' title='bbox 591 1503 782 1585; x_wconf 89' lang='lat' dir='ltr'>aliquando</span> <span class='ocrx_word' id='word_1_93' title='bbox 804 1503 959 1566; x_wconf 87' lang='lat' dir='ltr'>immisit.</span> <span class='ocrx_word' id='word_1_94' title='bbox 982 1503 1048 1568; x_wconf 90' lang='lat' dir='ltr'>Hic</span> <span class='ocrx_word' id='word_1_95' title='bbox 1064 1503 1284 1568; x_wconf 89' lang='lat' dir='ltr'>obedieutiae</span> <span class='ocrx_word' id='word_1_96' title='bbox 1300 1504 1336 1568; x_wconf 87' lang='lat' dir='ltr'>P.</span> <span class='ocrx_word' id='word_1_97' title='bbox 1356 1503 1509 1568; x_wconf 88' lang='lat' dir='ltr'>Pradani</span> <span class='ocrx_word' id='word_1_98' title='bbox 1530 1522 1569 1568; x_wconf 90' lang='lat' dir='ltr'>se</span> 
     </span>
     <span class='ocr_line' id='line_1_12' title="bbox 329 1609 714 1691; baseline -0.003 -17"><span class='ocrx_word' id='word_1_99' title='bbox 329 1612 477 1675; x_wconf 91' lang='lat' dir='ltr'>omnino</span> <span class='ocrx_word' id='word_1_100' title='bbox 493 1609 714 1691; x_wconf 89' lang='lat' dir='ltr'>subjiciebat.</span> 
     </span>
    </p>

    <p class='ocr_par' dir='ltr' id='par_1_3' title="bbox 331 1718 1568 2012">
     <span class='ocr_line' id='line_1_13' title="bbox 391 1718 1568 1800; baseline 0.002 -19"><span class='ocrx_word' id='word_1_101' title='bbox 391 1719 483 1782; x_wconf 85' lang='lat'>2672.</span> <span class='ocrx_word' id='word_1_102' title='bbox 525 1718 607 1782; x_wconf 88' lang='lat' dir='ltr'>Fuit</span> <span class='ocrx_word' id='word_1_103' title='bbox 622 1720 714 1782; x_wconf 88' lang='lat' dir='ltr'>inter</span> <span class='ocrx_word' id='word_1_104' title='bbox 733 1719 823 1783; x_wconf 91' lang='lat' dir='ltr'>alios</span> <span class='ocrx_word' id='word_1_105' title='bbox 843 1720 902 1799; x_wconf 88' lang='lat' dir='ltr'>qui</span> <span class='ocrx_word' id='word_1_106' title='bbox 923 1718 1161 1800; x_wconf 86' lang='lat' dir='ltr'>quadraginta</span> <span class='ocrx_word' id='word_1_107' title='bbox 1184 1719 1287 1782; x_wconf 89' lang='lat' dir='ltr'>annis</span> <span class='ocrx_word' id='word_1_108' title='bbox 1306 1735 1489 1800; x_wconf 89' lang='lat' dir='ltr'>nunquam</span> <span class='ocrx_word' id='word_1_109' title='bbox 1508 1735 1568 1783; x_wconf 89' lang='lat' dir='ltr'>ve·</span> 
     </span>
     <span class='ocr_line' id='line_1_14' title="bbox 331 1824 1567 1906; baseline 0.001 -17"><span class='ocrx_word' id='word_1_110' title='bbox 331 1843 410 1890; x_wconf 91' lang='lat' dir='ltr'>ram</span> <span class='ocrx_word' id='word_1_111' title='bbox 424 1825 558 1889; x_wconf 85' lang='lat' dir='ltr'>fecerat</span> <span class='ocrx_word' id='word_1_112' title='bbox 572 1824 845 1900; x_wconf 86' lang='lat' dir='ltr'>consessionem;</span> <span class='ocrx_word' id='word_1_113' title='bbox 863 1837 898 1890; x_wconf 92' lang='lat' dir='ltr'>et</span> <span class='ocrx_word' id='word_1_114' title='bbox 914 1844 935 1890; x_wconf 92' lang='lat' dir='ltr'>a</span> <span class='ocrx_word' id='word_1_115' title='bbox 956 1825 1108 1889; x_wconf 91' lang='lat' dir='ltr'>Domino</span> <span class='ocrx_word' id='word_1_116' title='bbox 1128 1825 1299 1888; x_wconf 89' lang='lat' dir='ltr'>auxilium</span> <span class='ocrx_word' id='word_1_117' title='bbox 1321 1843 1384 1906; x_wconf 90' lang='lat' dir='ltr'>per</span> <span class='ocrx_word' id='word_1_118' title='bbox 1404 1827 1567 1891; x_wconf 87' lang='lat' dir='ltr'>eumdem</span> 
     </span>
     <span class='ocr_line' id='line_1_15' title="bbox 335 1931 640 2012; baseline -0.007 -16"><span class='ocrx_word' id='word_1_119' title='bbox 335 1931 480 1996; x_wconf 88' lang='lat' dir='ltr'>Patrem</span> <span class='ocrx_word' id='word_1_120' title='bbox 491 1934 640 2012; x_wconf 89' lang='lat' dir='ltr'>accepit.</span> 
     </span>
    </p>

    <p class='ocr_par' dir='ltr' id='par_1_4' title="bbox 329 2038 1570 2747">
     <span class='ocr_line' id='line_1_16' title="bbox 391 2038 1569 2121; baseline 0.002 -19"><span class='ocrx_word' id='word_1_121' title='bbox 391 2039 483 2102; x_wconf 87' lang='grc'><strong>2673.</strong></span> <span class='ocrx_word' id='word_1_122' title='bbox 527 2038 617 2103; x_wconf 89' lang='lat' dir='ltr'>Cum</span> <span class='ocrx_word' id='word_1_123' title='bbox 637 2039 791 2104; x_wconf 88' lang='lat' dir='ltr'>Abulam</span> <span class='ocrx_word' id='word_1_124' title='bbox 813 2039 908 2103; x_wconf 88' lang='lat' dir='ltr'>veuit</span> <span class='ocrx_word' id='word_1_125' title='bbox 928 2039 965 2102; x_wconf 87' lang='lat' dir='ltr'>P.</span> <span class='ocrx_word' id='word_1_126' title='bbox 993 2039 1228 2104; x_wconf 83' lang='lat' dir='ltr'>Prouincialis</span> <span class='ocrx_word' id='word_1_127' title='bbox 1253 2039 1386 2119; x_wconf 87' lang='lat' dir='ltr'>Araoz,</span> <span class='ocrx_word' id='word_1_128' title='bbox 1415 2040 1569 2121; x_wconf 77' lang='lat' dir='ltr'>injunxit</span> 
     </span>
     <span class='ocr_line' id='line_1_17' title="bbox 332 2145 1567 2227; baseline 0.003 -19"><span class='ocrx_word' id='word_1_129' title='bbox 332 2146 414 2209; x_wconf 92' lang='lat' dir='ltr'>huic</span> <span class='ocrx_word' id='word_1_130' title='bbox 429 2146 467 2209; x_wconf 91' lang='lat' dir='ltr'>P.</span> <span class='ocrx_word' id='word_1_131' title='bbox 484 2145 648 2210; x_wconf 88' lang='lat' dir='ltr'>Pradano</span> <span class='ocrx_word' id='word_1_132' title='bbox 665 2156 702 2209; x_wconf 91' lang='lat' dir='ltr'>ut</span> <span class='ocrx_word' id='word_1_133' title='bbox 717 2147 990 2210; x_wconf 86' lang='lat' dir='ltr'>concionaretur</span> <span class='ocrx_word' id='word_1_134' title='bbox 1001 2155 1037 2209; x_wconf 90' lang='lat' dir='ltr'>et</span> <span class='ocrx_word' id='word_1_135' title='bbox 1052 2147 1253 2227; x_wconf 86' lang='lat' dir='ltr'>spiritualia</span> <span class='ocrx_word' id='word_1_136' title='bbox 1268 2147 1446 2227; x_wconf 90' lang='lat' dir='ltr'>colloquia</span> <span class='ocrx_word' id='word_1_137' title='bbox 1461 2149 1567 2212; x_wconf 92' lang='lat' dir='ltr'>habe·</span> 
     </span>
     <span class='ocr_line' id='line_1_18' title="bbox 333 2251 1569 2334; baseline 0.002 -18"><span class='ocrx_word' id='word_1_138' title='bbox 333 2262 397 2317; x_wconf 89' lang='lat' dir='ltr'>ret.</span> <span class='ocrx_word' id='word_1_139' title='bbox 421 2252 561 2316; x_wconf 86' lang='lat' dir='ltr'>Primae</span> <span class='ocrx_word' id='word_1_140' title='bbox 586 2263 706 2316; x_wconf 90' lang='lat' dir='ltr'>autem</span> <span class='ocrx_word' id='word_1_141' title='bbox 726 2253 836 2334; x_wconf 87' lang='lat' dir='ltr'>ipsius</span> <span class='ocrx_word' id='word_1_142' title='bbox 857 2253 1021 2317; x_wconf 89' lang='lat' dir='ltr'>concioni</span> <span class='ocrx_word' id='word_1_143' title='bbox 1046 2254 1139 2333; x_wconf 88' lang='lat' dir='ltr'>apud</span> <span class='ocrx_word' id='word_1_144' title='bbox 1161 2251 1225 2316; x_wconf 75' lang='lat' dir='ltr'>S.m</span> <span class='ocrx_word' id='word_1_145' title='bbox 1241 2253 1432 2334; x_wconf 85' lang='lat' dir='ltr'>Aegidium</span> <span class='ocrx_word' id='word_1_146' title='bbox 1449 2252 1461 2285; x_wconf 84' lang='lat'><strong>¹</strong></span> <span class='ocrx_word' id='word_1_147' title='bbox 1479 2255 1569 2318; x_wconf 84' lang='lat' dir='ltr'>inter</span> 
     </span>
     <span class='ocr_line' id='line_1_19' title="bbox 330 2359 1569 2442; baseline 0.002 -20"><span class='ocrx_word' id='word_1_148' title='bbox 330 2359 637 2440; x_wconf 79' lang='lat' dir='ltr'>frequentissimos</span> <span class='ocrx_word' id='word_1_149' title='bbox 660 2361 842 2424; x_wconf 86' lang='lat' dir='ltr'>auditores</span> <span class='ocrx_word' id='word_1_150' title='bbox 863 2361 979 2440; x_wconf 91' lang='lat' dir='ltr'>ipsum</span> <span class='ocrx_word' id='word_1_151' title='bbox 1004 2361 1112 2424; x_wconf 88' lang='lat' dir='ltr'>etiam</span> <span class='ocrx_word' id='word_1_152' title='bbox 1134 2361 1352 2442; x_wconf 87' lang='lat' dir='ltr'>Episcopum</span> <span class='ocrx_word' id='word_1_153' title='bbox 1378 2362 1513 2440; x_wconf 92' lang='lat' dir='ltr'>habuit;</span> <span class='ocrx_word' id='word_1_154' title='bbox 1534 2373 1569 2426; x_wconf 92' lang='lat' dir='ltr'>et</span> 
     </span>
     <span class='ocr_line' id='line_1_20' title="bbox 331 2468 1570 2549; baseline 0.002 -19"><span class='ocrx_word' id='word_1_155' title='bbox 331 2469 502 2548; x_wconf 87' lang='lat' dir='ltr'>lacrymis</span> <span class='ocrx_word' id='word_1_156' title='bbox 517 2468 627 2549; x_wconf 88' lang='lat' dir='ltr'>aliqui</span> <span class='ocrx_word' id='word_1_157' title='bbox 642 2468 916 2531; x_wconf 90' lang='lat' dir='ltr'>commotionem</span> <span class='ocrx_word' id='word_1_158' title='bbox 932 2469 1131 2532; x_wconf 88' lang='lat' dir='ltr'>animorum</span> <span class='ocrx_word' id='word_1_159' title='bbox 1150 2469 1271 2532; x_wconf 91' lang='lat' dir='ltr'>testati</span> <span class='ocrx_word' id='word_1_160' title='bbox 1291 2479 1385 2533; x_wconf 92' lang='lat' dir='ltr'>sunt.</span> <span class='ocrx_word' id='word_1_161' title='bbox 1408 2469 1570 2534; x_wconf 84' lang='lat' dir='ltr'>Perrexit</span> 
     </span>
     <span class='ocr_line' id='line_1_21' title="bbox 329 2574 1568 2657; baseline 0.002 -19"><span class='ocrx_word' id='word_1_162' title='bbox 329 2585 451 2640; x_wconf 88' lang='lat' dir='ltr'>autem</span> <span class='ocrx_word' id='word_1_163' title='bbox 465 2575 502 2639; x_wconf 91' lang='lat' dir='ltr'>in</span> <span class='ocrx_word' id='word_1_164' title='bbox 515 2575 716 2656; x_wconf 88' lang='lat' dir='ltr'>hujusmodi</span> <span class='ocrx_word' id='word_1_165' title='bbox 731 2574 973 2654; x_wconf 74' lang='lat' dir='ltr'>concionibuS,</span> <span class='ocrx_word' id='word_1_166' title='bbox 990 2593 1061 2639; x_wconf 90' lang='lat' dir='ltr'>non</span> <span class='ocrx_word' id='word_1_167' title='bbox 1077 2577 1248 2640; x_wconf 89' lang='lat' dir='ltr'>mediocri</span> <span class='ocrx_word' id='word_1_168' title='bbox 1264 2577 1385 2657; x_wconf 93' lang='lat' dir='ltr'>populi</span> <span class='ocrx_word' id='word_1_169' title='bbox 1404 2577 1568 2640; x_wconf 87' lang='lat' dir='ltr'>attentio·</span> 
     </span>
     <span class='ocr_line' id='line_1_22' title="bbox 331 2682 700 2747; baseline -0.008 -1"><span class='ocrx_word' id='word_1_170' title='bbox 331 2700 376 2747; x_wconf 92' lang='lat' dir='ltr'>ne</span> <span class='ocrx_word' id='word_1_171' title='bbox 392 2694 427 2746; x_wconf 90' lang='lat' dir='ltr'>et</span> <span class='ocrx_word' id='word_1_172' title='bbox 441 2682 700 2747; x_wconf 75' lang='lat' dir='ltr'>satisfactione.</span> 
     </span>
    </p>

    <p class='ocr_par' dir='ltr' id='par_1_5' title="bbox 299 2787 1569 4154">
     <span class='ocr_line' id='line_1_23' title="bbox 391 2787 1568 2872; baseline 0.003 -19"><span class='ocrx_word' id='word_1_173' title='bbox 391 2790 483 2853; x_wconf 79' lang='lat'><strong>2674.</strong></span> <span class='ocrx_word' id='word_1_174' title='bbox 526 2791 623 2854; x_wconf 91' lang='lat' dir='ltr'>Inter</span> <span class='ocrx_word' id='word_1_175' title='bbox 637 2808 711 2865; x_wconf 92' lang='lat' dir='ltr'>eos,</span> <span class='ocrx_word' id='word_1_176' title='bbox 727 2790 787 2870; x_wconf 91' lang='lat' dir='ltr'>qui</span> <span class='ocrx_word' id='word_1_177' title='bbox 803 2788 942 2852; x_wconf 89' lang='lat' dir='ltr'>admitti</span> <span class='ocrx_word' id='word_1_178' title='bbox 957 2790 993 2853; x_wconf 92' lang='lat' dir='ltr'>in</span> <span class='ocrx_word' id='word_1_179' title='bbox 1009 2787 1225 2855; x_wconf 90' lang='lat' dir='ltr'>Societatem</span> <span class='ocrx_word' id='word_1_180' title='bbox 1239 2792 1441 2872; x_wconf 87' lang='lat' dir='ltr'>cupiebant,</span> <span class='ocrx_word' id='word_1_181' title='bbox 1459 2802 1493 2857; x_wconf 93' lang='lat' dir='ltr'>et</span> <span class='ocrx_word' id='word_1_182' title='bbox 1509 2810 1568 2857; x_wconf 92' lang='lat' dir='ltr'>vo·</span> 
     </span>
     <span class='ocr_line' id='line_1_24' title="bbox 329 2894 1569 2979; baseline 0.005 -20"><span class='ocrx_word' id='word_1_183' title='bbox 329 2898 446 2960; x_wconf 90' lang='lat' dir='ltr'>caria</span> <span class='ocrx_word' id='word_1_184' title='bbox 461 2896 616 2960; x_wconf 92' lang='lat' dir='ltr'>Domino</span> <span class='ocrx_word' id='word_1_185' title='bbox 632 2896 679 2960; x_wconf 74' lang='lat' dir='ltr'>ad·</span> <span class='ocrx_word' id='word_1_186' title='bbox 692 2894 767 2977; x_wconf 88' lang='lat' dir='ltr'>ejus</span> <span class='ocrx_word' id='word_1_187' title='bbox 782 2896 980 2959; x_wconf 90' lang='lat' dir='ltr'>institutum</span> <span class='ocrx_word' id='word_1_188' title='bbox 996 2914 1034 2961; x_wconf 91' lang='lat' dir='ltr'>se</span> <span class='ocrx_word' id='word_1_189' title='bbox 1050 2897 1265 2977; x_wconf 86' lang='lat' dir='ltr'>sentiebant,</span> <span class='ocrx_word' id='word_1_190' title='bbox 1287 2899 1433 2979; x_wconf 89' lang='lat' dir='ltr'>quidam</span> <span class='ocrx_word' id='word_1_191' title='bbox 1453 2916 1569 2965; x_wconf 88' lang='lat' dir='ltr'>sacer·</span> 
     </span>
     <span class='ocr_line' id='line_1_25' title="bbox 334 3002 1568 3087; baseline 0.004 -21"><span class='ocrx_word' id='word_1_192' title='bbox 334 3003 399 3067; x_wconf 88' lang='lat' dir='ltr'>dos</span> <span class='ocrx_word' id='word_1_193' title='bbox 419 3003 619 3083; x_wconf 87' lang='lat' dir='ltr'>spiritualia</span> <span class='ocrx_word' id='word_1_194' title='bbox 644 3002 816 3067; x_wconf 82' lang='lat' dir='ltr'>exercitia</span> <span class='ocrx_word' id='word_1_195' title='bbox 842 3003 1011 3083; x_wconf 91' lang='lat' dir='ltr'>suscepit,</span> <span class='ocrx_word' id='word_1_196' title='bbox 1038 3019 1190 3083; x_wconf 86' lang='lat' dir='ltr'>magnae</span> <span class='ocrx_word' id='word_1_197' title='bbox 1217 3007 1475 3070; x_wconf 88' lang='lat' dir='ltr'>sanctimoniae</span> <span class='ocrx_word' id='word_1_198' title='bbox 1499 3008 1568 3087; x_wconf 87' lang='lat' dir='ltr'>vir,</span> 
     </span>
     <span class='ocr_line' id='line_1_26' title="bbox 331 3109 1569 3192; baseline 0.003 -19"><span class='ocrx_word' id='word_1_199' title='bbox 331 3127 438 3190; x_wconf 91' lang='lat' dir='ltr'>quem</span> <span class='ocrx_word' id='word_1_200' title='bbox 463 3110 524 3173; x_wconf 89' lang='lat' dir='ltr'>alii</span> <span class='ocrx_word' id='word_1_201' title='bbox 547 3111 648 3192; x_wconf 89' lang='lat' dir='ltr'>sequi</span> <span class='ocrx_word' id='word_1_202' title='bbox 667 3110 869 3190; x_wconf 90' lang='lat' dir='ltr'>cupiebant.</span> <span class='ocrx_word' id='word_1_203' title='bbox 891 3109 1065 3190; x_wconf 87' lang='lat' dir='ltr'>Quamvis</span> <span class='ocrx_word' id='word_1_204' title='bbox 1087 3120 1207 3175; x_wconf 86' lang='lat' dir='ltr'>tamen</span> <span class='ocrx_word' id='word_1_205' title='bbox 1227 3114 1380 3192; x_wconf 91' lang='lat' dir='ltr'>populus</span> <span class='ocrx_word' id='word_1_206' title='bbox 1400 3112 1569 3179; x_wconf 87' lang='lat' dir='ltr'>Societati</span> 
     </span>
     <span class='ocr_line' id='line_1_27' title="bbox 334 3216 1567 3298; baseline 0.004 -19"><span class='ocrx_word' id='word_1_207' title='bbox 334 3226 478 3279; x_wconf 87' lang='lat' dir='ltr'>nostrae</span> <span class='ocrx_word' id='word_1_208' title='bbox 507 3216 611 3280; x_wconf 87' lang='lat' dir='ltr'>valde</span> <span class='ocrx_word' id='word_1_209' title='bbox 640 3216 873 3295; x_wconf 85' lang='lat' dir='ltr'>afficiebatur,</span> <span class='ocrx_word' id='word_1_210' title='bbox 895 3216 1040 3297; x_wconf 91' lang='lat' dir='ltr'>quidam</span> <span class='ocrx_word' id='word_1_211' title='bbox 1064 3216 1130 3280; x_wconf 87' lang='lat' dir='ltr'>fuit</span> <span class='ocrx_word' id='word_1_212' title='bbox 1159 3218 1388 3283; x_wconf 90' lang='lat' dir='ltr'>concionator</span> <span class='ocrx_word' id='word_1_213' title='bbox 1416 3221 1567 3298; x_wconf 90' lang='lat' dir='ltr'>Abulae,</span> 
     </span>
     <span class='ocr_line' id='line_1_28' title="bbox 334 3323 1566 3408; baseline 0.004 -23"><span class='ocrx_word' id='word_1_214' title='bbox 334 3323 499 3387; x_wconf 90' lang='lat' dir='ltr'>doctrina</span> <span class='ocrx_word' id='word_1_215' title='bbox 523 3340 596 3388; x_wconf 90' lang='lat' dir='ltr'>non</span> <span class='ocrx_word' id='word_1_216' title='bbox 626 3325 770 3403; x_wconf 88' lang='lat' dir='ltr'>vulgari</span> <span class='ocrx_word' id='word_1_217' title='bbox 799 3324 997 3404; x_wconf 90' lang='lat' dir='ltr'>praeditus,</span> <span class='ocrx_word' id='word_1_218' title='bbox 1028 3333 1062 3387; x_wconf 90' lang='lat' dir='ltr'>et</span> <span class='ocrx_word' id='word_1_219' title='bbox 1090 3326 1221 3406; x_wconf 92' lang='lat' dir='ltr'>populo</span> <span class='ocrx_word' id='word_1_220' title='bbox 1250 3325 1355 3390; x_wconf 89' lang='lat' dir='ltr'>valde</span> <span class='ocrx_word' id='word_1_221' title='bbox 1384 3337 1566 3408; x_wconf 90' lang='lat' dir='ltr'>acceptus:</span> 
     </span>
     <span class='ocr_line' id='line_1_29' title="bbox 329 3429 1568 3512; baseline 0.005 -19"><span class='ocrx_word' id='word_1_222' title='bbox 329 3446 437 3510; x_wconf 87' lang='lat' dir='ltr'>quem</span> <span class='ocrx_word' id='word_1_223' title='bbox 453 3446 533 3493; x_wconf 93' lang='lat' dir='ltr'>cum</span> <span class='ocrx_word' id='word_1_224' title='bbox 549 3429 656 3493; x_wconf 89' lang='lat' dir='ltr'>Pater</span> <span class='ocrx_word' id='word_1_225' title='bbox 675 3429 851 3509; x_wconf 89' lang='lat' dir='ltr'>Pradano,</span> <span class='ocrx_word' id='word_1_226' title='bbox 869 3430 1056 3494; x_wconf 89' lang='lat' dir='ltr'>charitatis</span> <span class='ocrx_word' id='word_1_227' title='bbox 1071 3431 1188 3509; x_wconf 86' lang='lat' dir='ltr'>gratia</span> <span class='ocrx_word' id='word_1_228' title='bbox 1209 3432 1395 3512; x_wconf 86' lang='lat' dir='ltr'>inviseret,</span> <span class='ocrx_word' id='word_1_229' title='bbox 1414 3434 1568 3499; x_wconf 85' lang='lat' dir='ltr'>officium</span> 
     </span>
     <span class='ocr_line' id='line_1_30' title="bbox 332 3536 1567 3618; baseline 0.006 -20"><span class='ocrx_word' id='word_1_230' title='bbox 332 3536 402 3599; x_wconf 88' lang='lat' dir='ltr'>hoc</span> <span class='ocrx_word' id='word_1_231' title='bbox 418 3536 454 3599; x_wconf 90' lang='lat' dir='ltr'>in</span> <span class='ocrx_word' id='word_1_232' title='bbox 469 3536 642 3616; x_wconf 80' lang='lat' dir='ltr'>suggestu</span> <span class='ocrx_word' id='word_1_233' title='bbox 658 3537 896 3617; x_wconf 87' lang='lat' dir='ltr'>reprehendit,</span> <span class='ocrx_word' id='word_1_234' title='bbox 910 3536 1105 3601; x_wconf 89' lang='lat' dir='ltr'>admonens</span> <span class='ocrx_word' id='word_1_235' title='bbox 1120 3540 1289 3618; x_wconf 92' lang='lat' dir='ltr'>populum</span> <span class='ocrx_word' id='word_1_236' title='bbox 1305 3549 1342 3602; x_wconf 93' lang='lat' dir='ltr'>ut</span> <span class='ocrx_word' id='word_1_237' title='bbox 1358 3551 1529 3609; x_wconf 88' lang='lat' dir='ltr'>caverent</span> <span class='ocrx_word' id='word_1_238' title='bbox 1545 3562 1567 3606; x_wconf 92' lang='lat' dir='ltr'>a</span> 
     </span>
     <span class='ocr_line' id='line_1_31' title="bbox 299 3643 1568 3728; baseline 0.006 -22"><span class='ocrx_word' id='word_1_239' title='bbox 299 3707 302 3713; x_wconf 85' lang='grc'>,</span> <span class='ocrx_word' id='word_1_240' title='bbox 329 3643 545 3723; x_wconf 90' lang='lat' dir='ltr'>quibusdam</span> <span class='ocrx_word' id='word_1_241' title='bbox 559 3644 772 3722; x_wconf 67' lang='lat' dir='ltr'>hominibus</span> <span class='ocrx_word' id='word_1_242' title='bbox 789 3644 852 3725; x_wconf 92' lang='lat' dir='ltr'>qui</span> <span class='ocrx_word' id='word_1_243' title='bbox 865 3644 1020 3707; x_wconf 89' lang='lat' dir='ltr'>demissa</span> <span class='ocrx_word' id='word_1_244' title='bbox 1036 3644 1176 3707; x_wconf 88' lang='lat' dir='ltr'>cervice</span> <span class='ocrx_word' id='word_1_245' title='bbox 1189 3645 1410 3726; x_wconf 88' lang='lat' dir='ltr'>incedebant,</span> <span class='ocrx_word' id='word_1_246' title='bbox 1424 3666 1491 3712; x_wconf 91' lang='lat' dir='ltr'>nec</span> <span class='ocrx_word' id='word_1_247' title='bbox 1503 3666 1568 3728; x_wconf 91' lang='lat' dir='ltr'>pro</span> 
     </span>
     <span class='ocr_line' id='line_1_32' title="bbox 335 3748 1566 3832; baseline 0.006 -19"><span class='ocrx_word' id='word_1_248' title='bbox 335 3748 453 3813; x_wconf 90' lang='lat' dir='ltr'>Missis</span> <span class='ocrx_word' id='word_1_249' title='bbox 469 3752 655 3832; x_wconf 88' lang='lat' dir='ltr'>pecuniam</span> <span class='ocrx_word' id='word_1_250' title='bbox 670 3751 906 3831; x_wconf 90' lang='lat' dir='ltr'>accipiebant;</span> <span class='ocrx_word' id='word_1_251' title='bbox 924 3752 975 3814; x_wconf 91' lang='lat' dir='ltr'>sic</span> <span class='ocrx_word' id='word_1_252' title='bbox 991 3750 1085 3815; x_wconf 90' lang='lat' dir='ltr'>enim</span> <span class='ocrx_word' id='word_1_253' title='bbox 1101 3752 1261 3831; x_wconf 90' lang='lat' dir='ltr'>coepisse</span> <span class='ocrx_word' id='word_1_254' title='bbox 1276 3752 1483 3832; x_wconf 90' lang='lat' dir='ltr'>Lutherum‚</span> <span class='ocrx_word' id='word_1_255' title='bbox 1497 3766 1566 3820; x_wconf 90' lang='lat' dir='ltr'>etc.</span> 
     </span>
     <span class='ocr_line' id='line_1_33' title="bbox 333 3855 1567 3940; baseline 0.005 -20"><span class='ocrx_word' id='word_1_256' title='bbox 333 3855 428 3920; x_wconf 89' lang='lat' dir='ltr'>Nihil</span> <span class='ocrx_word' id='word_1_257' title='bbox 442 3866 562 3922; x_wconf 92' lang='lat' dir='ltr'>tamen</span> <span class='ocrx_word' id='word_1_258' title='bbox 576 3868 700 3923; x_wconf 90' lang='lat' dir='ltr'>contra</span> <span class='ocrx_word' id='word_1_259' title='bbox 716 3857 932 3923; x_wconf 88' lang='lat' dir='ltr'>Societatem</span> <span class='ocrx_word' id='word_1_260' title='bbox 946 3858 982 3921; x_wconf 95' lang='lat' dir='ltr'>in</span> <span class='ocrx_word' id='word_1_261' title='bbox 998 3876 1040 3922; x_wconf 89' lang='lat' dir='ltr'>eo</span> <span class='ocrx_word' id='word_1_262' title='bbox 1055 3858 1217 3939; x_wconf 84' lang='lat' dir='ltr'>proiecit.</span> <span class='ocrx_word' id='word_1_263' title='bbox 1239 3859 1346 3923; x_wconf 92' lang='lat' dir='ltr'>immo</span> <span class='ocrx_word' id='word_1_264' title='bbox 1369 3864 1485 3940; x_wconf 80' lang='lat' dir='ltr'>magis</span> <span class='ocrx_word' id='word_1_265' title='bbox 1508 3863 1567 3927; x_wconf 89' lang='lat' dir='ltr'>ho·</span> 
     </span>
     <span class='ocr_line' id='line_1_34' title="bbox 330 3963 1569 4061; baseline 0.005 -33"><span class='ocrx_word' id='word_1_266' title='bbox 330 3964 467 4061; x_wconf 80' lang='lat' dir='ltr'>minum</span> <span class='ocrx_word' id='word_1_267' title='bbox 482 3982 569 4045; x_wconf 87' lang='lat' dir='ltr'>erga</span> <span class='ocrx_word' id='word_1_268' title='bbox 584 3982 663 4029; x_wconf 87' lang='lat' dir='ltr'>eam</span> <span class='ocrx_word' id='word_1_269' title='bbox 679 3963 739 4047; x_wconf 91' lang='lat' dir='ltr'>[et]</span> <span class='ocrx_word' id='word_1_270' title='bbox 755 3966 877 4046; x_wconf 91' lang='lat' dir='ltr'>populi</span> <span class='ocrx_word' id='word_1_271' title='bbox 890 3965 1034 4029; x_wconf 91' lang='lat' dir='ltr'>devotio</span> <span class='ocrx_word' id='word_1_272' title='bbox 1050 3966 1266 4046; x_wconf 84' lang='lat' dir='ltr'>augebatur,</span> <span class='ocrx_word' id='word_1_273' title='bbox 1283 3979 1316 4030; x_wconf 87' lang='lat' dir='ltr'>et</span> <span class='ocrx_word' id='word_1_274' title='bbox 1331 3968 1397 4031; x_wconf 84' lang='lat' dir='ltr'>luit</span> <span class='ocrx_word' id='word_1_275' title='bbox 1417 3970 1477 4049; x_wconf 93' lang='lat' dir='ltr'>qui</span> <span class='ocrx_word' id='word_1_276' title='bbox 1493 3986 1569 4035; x_wconf 89' lang='lat' dir='ltr'>sur·</span> 
     </span>
     <span class='ocr_line' id='line_1_35' title="bbox 328 4072 1425 4154; baseline 0.005 -20"><span class='ocrx_word' id='word_1_277' title='bbox 328 4088 418 4151; x_wconf 84' lang='lat' dir='ltr'>gere</span> <span class='ocrx_word' id='word_1_278' title='bbox 433 4084 561 4137; x_wconf 90' lang='lat' dir='ltr'>contra</span> <span class='ocrx_word' id='word_1_279' title='bbox 577 4072 863 4153; x_wconf 91' lang='lat' dir='ltr'>praedicatorem</span> <span class='ocrx_word' id='word_1_280' title='bbox 878 4092 923 4136; x_wconf 85' lang='lat' dir='ltr'>ex</span> <span class='ocrx_word' id='word_1_281' title='bbox 939 4074 1052 4154; x_wconf 90' lang='lat' dir='ltr'>ipsius</span> <span class='ocrx_word' id='word_1_282' title='bbox 1067 4073 1287 4137; x_wconf 91' lang='lat' dir='ltr'>auditoribus</span> <span class='ocrx_word' id='word_1_283' title='bbox 1303 4076 1425 4139; x_wconf 91' lang='lat' dir='ltr'>voluit.</span> 
     </span>
    </p>

    <p class='ocr_par' dir='ltr' id='par_1_6' title="bbox 331 4178 1572 4481">
     <span class='ocr_line' id='line_1_36' title="bbox 394 4178 1572 4261; baseline 0.005 -18"><span class='ocrx_word' id='word_1_284' title='bbox 394 4178 486 4243; x_wconf 88' lang='lat'><strong>2675.</strong></span> <span class='ocrx_word' id='word_1_285' title='bbox 531 4178 602 4243; x_wconf 92' lang='lat' dir='ltr'>Sub</span> <span class='ocrx_word' id='word_1_286' title='bbox 618 4180 722 4244; x_wconf 87' lang='lat' dir='ltr'>finem</span> <span class='ocrx_word' id='word_1_287' title='bbox 742 4180 826 4244; x_wconf 89' lang='lat' dir='ltr'>anni</span> <span class='ocrx_word' id='word_1_288' title='bbox 846 4181 1030 4261; x_wconf 90' lang='lat' dir='ltr'>praeteriti</span> <span class='ocrx_word' id='word_1_289' title='bbox 1052 4180 1129 4243; x_wconf 87' lang='lat'>1555</span> <span class='ocrx_word' id='word_1_290' title='bbox 1150 4180 1189 4245; x_wconf 94' lang='lat' dir='ltr'>P.</span> <span class='ocrx_word' id='word_1_291' title='bbox 1212 4180 1459 4247; x_wconf 89' lang='lat' dir='ltr'>Ferdinandus</span> <span class='ocrx_word' id='word_1_292' title='bbox 1475 4184 1572 4249; x_wconf 85' lang='lat' dir='ltr'>Abu·</span> 
     </span>
     <span class='ocr_line' id='line_1_37' title="bbox 332 4286 1569 4372; baseline 0.006 -24"><span class='ocrx_word' id='word_1_293' title='bbox 332 4286 405 4348; x_wconf 90' lang='lat' dir='ltr'>lam</span> <span class='ocrx_word' id='word_1_294' title='bbox 433 4305 478 4349; x_wconf 88' lang='lat' dir='ltr'>ex</span> <span class='ocrx_word' id='word_1_295' title='bbox 511 4287 734 4350; x_wconf 88' lang='lat' dir='ltr'>obedientiae</span> <span class='ocrx_word' id='word_1_296' title='bbox 769 4286 992 4367; x_wconf 90' lang='lat' dir='ltr'>praescripto</span> <span class='ocrx_word' id='word_1_297' title='bbox 1027 4287 1148 4367; x_wconf 89' lang='lat' dir='ltr'>rediit;</span> <span class='ocrx_word' id='word_1_298' title='bbox 1183 4288 1219 4351; x_wconf 94' lang='lat' dir='ltr'>in</span> <span class='ocrx_word' id='word_1_299' title='bbox 1253 4288 1376 4368; x_wconf 84' lang='lat' dir='ltr'>vigilia</span> <span class='ocrx_word' id='word_1_300' title='bbox 1413 4290 1569 4372; x_wconf 91' lang='lat' dir='ltr'>scilicet,</span> 
     </span>
     <span class='ocr_line' id='line_1_38' title="bbox 331 4391 1572 4481; baseline 0.006 -25"><span class='ocrx_word' id='word_1_301' title='bbox 331 4391 502 4457; x_wconf 91' lang='lat' dir='ltr'>Omnium</span> <span class='ocrx_word' id='word_1_302' title='bbox 516 4392 746 4473; x_wconf 89' lang='lat' dir='ltr'>Sanctorum,</span> <span class='ocrx_word' id='word_1_303' title='bbox 763 4403 797 4458; x_wconf 91' lang='lat' dir='ltr'>et</span> <span class='ocrx_word' id='word_1_304' title='bbox 814 4394 951 4458; x_wconf 89' lang='lat' dir='ltr'>invenit</span> <span class='ocrx_word' id='word_1_305' title='bbox 965 4394 1082 4473; x_wconf 85' lang='lat' dir='ltr'>magis</span> <span class='ocrx_word' id='word_1_306' title='bbox 1097 4394 1280 4474; x_wconf 82' lang='lat' dir='ltr'>affectam,</span> <span class='ocrx_word' id='word_1_307' title='bbox 1298 4413 1404 4475; x_wconf 91' lang='lat' dir='ltr'>quam</span> <span class='ocrx_word' id='word_1_308' title='bbox 1419 4398 1572 4481; x_wconf 85' lang='lat' dir='ltr'>relique·</span> 
     </span>
    </p>
   </div>
   <div class='ocr_carea' id='block_1_3' title="bbox 375 4560 640 4679">
    <p class='ocr_par' dir='ltr' id='par_1_7' title="bbox 375 4560 640 4679">
     <span class='ocr_line' id='line_1_39' title="bbox 378 4560 640 4617; baseline 0.011 -13"><span class='ocrx_word' id='word_1_309' title='bbox 378 4561 387 4594; x_wconf 81' lang='lat'>¹</span> <span class='ocrx_word' id='word_1_310' title='bbox 416 4560 463 4605; x_wconf 71' lang='lat' dir='ltr'>lla</span> <span class='ocrx_word' id='word_1_311' title='bbox 474 4563 640 4617; x_wconf 79' lang='lat' dir='ltr'>deportaret.</span> 
     </span>
     <span class='ocr_line' id='line_1_40' title="bbox 375 4631 590 4679; baseline 0.014 -4"><span class='ocrx_word' id='word_1_312' title='bbox 375 4631 387 4663; x_wconf 79' lang='lat'>¹</span> <span class='ocrx_word' id='word_1_313' title='bbox 414 4631 461 4676; x_wconf 74' lang='lat' dir='ltr'>bis.</span> <span class='ocrx_word' id='word_1_314' title='bbox 473 4637 499 4677; x_wconf 78' lang='lat' dir='ltr'>et</span> <span class='ocrx_word' id='word_1_315' title='bbox 510 4636 590 4679; x_wconf 73' lang='lat' dir='ltr'>inter.</span> 
     </span>
    </p>
   </div>
   <div class='ocr_carea' id='block_1_4' title="bbox 0 0 1830 5350">
    <p class='ocr_par' dir='ltr' id='par_1_8' title="bbox 0 0 1830 5350">
     <span class='ocr_line' id='line_1_41' title="bbox 0 0 1830 5350; baseline 0 0"><span class='ocrx_word' id='word_1_316' title='bbox 0 0 1830 5350; x_wconf 95' lang='lat' dir='ltr'> </span> 
     </span>
    </p>
   </div>
  </div>
 </body>
</html>
