3642 5350
347 418 404 483 310
803 416 934 479 Canon.
950 414 1033 479 Soet
1050 414 1123 491 Jas.

346 566 667 648 mntiaispopnlus
677 564 961 643 laborabat,etsi
971 572 1118 645 propter
1126 563 1302 639 eamdent,
1311 560 1481 642 adjuncta
1489 576 1578 644 pann

349 682 499 756 portate,
508 674 549 739 in
561 672 650 737 vitia
664 689 736 739 non
750 688 866 753 pauca
879 680 941 737 aut
954 687 1083 753 parum
1089 670 1226 752 :gravia
1238 670 1453 737 incidebant.

400 780 495 845 1247.
532 778 629 846 'Cum
643 789 762 847 antem
775 790 851 847 tam
869 778 1009 851 difficile
1026 778 1074 843 ad
1095 778 1286 843 conciones
1303 776 1501 843 andiendus
1514 776 1578 851 ad·⁷

345 889 568 967 ducerentur,
584 888 811 953 nibilominus
824 887 872 952 ad
885 904 993 965 vana,
1007 902 1099 968 quae
1112 886 1346 951 circulatores
1359 886 1398 949 in
1410 883 1491 949 loro
1503 883 1577 951 effi·

345 996 497 1076 ciebant,
513 994 703 1077 etquidem
723 1012 850 1077 parum
869 996 1029 1073 honesta,
1051 993 1243 1075 aliquando
1260 992 1517 1059 attentissimos
1529 1009 1574 1056 ac

347 1103 451 1169 valde
465 1102 666 1185 frequentes
679 1104 756 1184 ipso
770 1102 827 1168 die
840 1101 1070 1167 Pentecostes
1081 1119 1122 1167 se
1136 1102 1385 1183 praebuerant.
1401 1100 1576 1168 Curatum

346 1219 545 1287 esttamen,
560 1219 600 1275 ut
615 1208 887 1275 circumforanei
901 1209 1073 1291 praedicti
1086 1226 1135 1274 ex
1147 1210 1234 1273 urbe
1248 1208 1479 1273 lacesserent.

412 1316 500 1381 1218.
542 1318 693 1381 Fructus
717 1318 825 1397 igitur
839 1318 875 1381 in
894 1316 1131 1399 provectioris
1149 1317 1278 1380 aetatis
1294 1316 1497 1380 bominibus
1513 1315 1578 1381 mie

350 1442 416 1489 nor
441 1432 519 1489 erat
545 1441 652 1506 quam
676 1426 789 1490 nostri
813 1434 1008 1505 optassent,
1029 1422 1188 1506 eoquod
1210 1434 1284 1487 tam
1308 1440 1436 1504 pamm
1460 1431 1578 1490 essent

348 1530 469 1596 affecti
483 1531 529 1595 ad
543 1531 692 1597 verbum
706 1532 773 1597 Dei
788 1532 1018 1597 audiendum·
1010 1531 1130 1613 ,quod
1143 1541 1264 1595 tamen
1278 1542 1314 1595 et
1328 1548 1351 1594 a
1364 1528 1405 1594 P
1416 1530 1579 1656 Eleuthe

349 1639 405 1704 rio
421 1648 457 1703 et
470 1656 493 1703 a
507 1637 547 1703 P
563 1638 701 1704 Marino
715 1641 990 1721 proponebatur

413 1745 500 1811 1249.
542 1744 589 1811 Et
603 1746 796 1828 quidemP.
813 1746 974 1811 Marinus
987 1745 1179 1828 aliquando
1192 1754 1297 1810 extra
1311 1702 1579 1811 Bibonamcum

350 1852 598 1919 satisfactione
611 1854 812 1919 auditorum
827 1850 1143 1935 [concionabatur]
1159 1852 1256 1917 Idem
1270 1862 1391 1915 tamen
1410 1869 1482 1916 non
1502 1852 1580 1916 sine

351 1978 463 2025 cansa
487 1960 691 2026 concionari
719 1960 876 2025 Bibonae
904 1961 1050 2026 timebat
1077 1969 1158 2041 post
1184 1959 1398 2040 symbolum,
1429 1970 1468 2024 ut
1491 1960 1581 2031 dixi}

351 2082 431 2131 mus
448 2066 469 2142 ¹,
485 2066 568 2148 quia
582 2068 774 2132 conciones
789 2069 825 2131 in
839 2085 949 2133 causa
963 2084 1042 2131 esse
1055 2066 1281 2145 videbantur,
1297 2076 1335 2130 ut
1349 2068 1500 2147 populus
1510 2067 1582 2130 die·

348 2173 417 2237 bus
430 2172 616 2238 dominicis
631 2172 761 2239 Missae
776 2176 1006 2255 praecipuam
1021 2186 1159 2255 partem
1174 2191 1245 2238 non
1260 2174 1411 2253 audiret,
1430 2173 1516 2238 dum
1534 2191 1581 2239 ex

354 2280 508 2345 ecclesia
522 2280 567 2345 ob
581 2282 771 2347 conciones
784 2280 885 2362 sugit.
903 2281 942 2347 Si
957 2292 1077 2347 autem
1090 2282 1161 2346 alio
1176 2289 1334 2361 tempore
1349 2282 1581 2349 concionatus

352 2396 460 2464 esset,
477 2388 611 2452 nullum
626 2388 824 2454 auditorem
838 2398 900 2453 aut
915 2407 1036 2454 rarum
1051 2389 1238 2453 habiturus
1251 2398 1340 2453 erat.

417 2492 505 2558 1250.
550 2493 588 2558 Ιιι
608 2496 824 2559 monasterio
844 2498 1050 2561 monialium
1069 2496 1233 2561 omnibus
1250 2493 1437 2560 dominicis
1460 2496 1583 2567 diebus

352 2602 452 2665 idem
466 2601 505 2664 P.
522 2600 680 2667 Marinus
695 2605 989 2685 concionabatur3
1005 2613 1041 2668 et
1059 2604 1148 2668 satis
1166 2601 1326 2667 eruditae
1348 2602 1425 2686 ejus
1444 2604 1583 2667 concio·

355 2725 421 2773 nes
435 2719 548 2786 erant,
565 2711 729 2792 quamvis
743 2729 868 2792 parurn
883 2713 1006 2777 suavis
1020 2730 1094 2776 vox
1107 2720 1212 2776 esset.

418 2815 506 2880 1251.
550 2815 654 2881 Pater
669 2825 786 2883 autem
801 2819 1036 2899 Eleutherius,
1049 2829 1192 2901 praeter
1206 2819 1408 2898 conciones,
1420 2818 1582 2882 christia·

353 2941 435 2988 nam
452 2925 558 2987 etiam
573 2925 770 2988 doctrinam
782 2927 1030 3006 explicandam
1041 2935 1249 3007 susceperat
1258 2925 1446 2990 dominicis
1456 2925 1582 2990 diebus

353 3038 437 3112 post
452 3029 653 3110 prandium;
670 3041 704 3095 el
718 3033 883 3114 quamvis
897 3034 934 3097 id
948 3034 1081 3098 iaceret
1093 3034 1130 3096 in
1140 3032 1292 3097 ecclesia
1303 3032 1458 3114 quadam
1470 3051 1584 3114 prope

353 3135 521 3217 plateam,
538 3145 573 3200 et
586 3137 676 3201 duos
688 3136 838 3217 juvenes
853 3141 1042 3220 mitterent,
1059 3155 1149 3220 quos
1168 3149 1202 3203 et
1221 3140 1281 3203 alii
1301 3140 1507 3205 scholastici
1527 3156 1583 3203 co·

356 3243 573 3308 mitabantur
587 3261 667 3308 cum
683 3247 928 3326 tintinnabulo,
944 3257 983 3312 ut
997 3247 1159 3312 homines
1170 3247 1216 3310 ad
1227 3247 1444 3311 audiendum
1455 3248 1584 3312 invita·

356 3358 451 3429 rent;
468 3343 842 3434 quamvis'campanae
857 3355 963 3418 etiam
978 3354 1136 3435 ejusdem
1149 3355 1324 3418 ecclesiae
1343 3356 1584 3435 pulsarentur,

355 3457 429 3536 vix,
445 3466 587 3539 praeter
602 3476 731 3539 pueros
746 3461 892 3541 triginta
908 3463 964 3526 vel
979 3460 1229 3542 quadraginta,
1243 3462 1303 3524 alii
1317 3463 1583 3543 quodammodo

355 3565 457 3628 inviti
472 3565 518 3628 ad
532 3567 720 3631 ecclesiam
734 3569 984 3644 trahebantur;
1002 3586 1061 3633 res
1077 3570 1172 3633 enim
1187 3569 1331 3633 omnino
1346 3585 1440 3634 nova
1453 3579 1489 3634 et
1510 3571 1584 3634 inu·

355 3671 462 3736 sitata
476 3682 564 3751 erat,
581 3683 616 3736 et
631 3675 790 3738 homines
806 3676 851 3738 ad
865 3676 1121 3755 agriculturam
1134 3685 1169 3740 et
1185 3675 1318 3740 victum
1336 3678 1580 3758 quaerendum

358 3795 443 3843 suas
460 3780 697 3859 cogitationes
712 3784 980 3848 convertebant.

423 3885 512 3950 1252.
555 3885 613 3950 Ad
628 3898 795 3968 aegrotos
810 3891 923 3954 nostri
937 3907 1109 3972 persaepe
1123 3891 1356 3969 vocabantur,
1369 3901 1404 3955 et
1415 3889 1581 3956 familiari

359 3994 534 4074 colloquio
557 3993 767 4060 dissidentes
789 3998 880 4062 inter
898 4015 938 4062 se
957 4000 1086 4063 multos
1105 3997 1360 4077 conciliabant,
1384 3997 1475 4062 inter
1496 4014 1588 4080 quos

358 4099 429 4165 duo
444 4101 515 4164 viri
529 4101 688 4182 primarii
703 4103 801 4168 urbis
815 4103 963 4170 Xachae
977 4111 990 4146 ¹
1004 4104 1155 4171 fuerunt.

422 4207 510 4273 1253.
553 4209 822 4286 Xenodochium
847 4221 977 4292 autem,
998 4215 1130 4277 nostris
1149 4213 1295 4278 aedibus
1319 4214 1488 4293 vicinum,
1512 4232 1586 4280 ma·

360 4331 470 4396 gnam
484 4333 624 4398 semper
638 4318 900 4386 confessionum
914 4322 1100 4385 materiam
1114 4321 1376 4404 suppeditabat.

404 4593 412 4628 ι

402 4593 604 4722 ἱῧὲοῗιιρια,
616 4671 634 4711 t.
646 4676 665 4710 n
668 4679 741 4724 ,.pag
743 4641 800 4722 219,
812 4673 898 4712 annot.
910 4668 931 4725 2,
944 4673 962 4712 t.
973 4679 1001 4712 ιιι
1004 4679 1080 4726 ,pap
1090 4666 1138 4721 210,
1148 4675 1235 4716 annot.
1246 4671 1266 4717 l
