3642 5350
326 318 381 379 824
786 316 916 381 Canon.
935 317 1013 379 Soc.
1031 318 1103 393 Jas.

386 462 478 529 3528.
521 462 643 529 Refert
663 464 770 529 etiam
791 464 898 547 (quod
917 464 992 529 suis
1005 465 1082 546 ipse
1095 463 1247 529 Cosmus
1265 460 1394 526 litteris
1414 477 1487 525 non
1506 471 1559 525 at·

328 570 462 651 tingit),
487 570 627 636 labores
647 588 798 652 magnos
819 589 862 637 ac
883 571 1106 637 difficultates
1122 570 1264 635 fortiter
1284 569 1330 634 ab
1348 568 1428 650 ipso
1449 566 1558 632 luisse

329 678 545 759 Amangucii
560 688 759 760 superatas;
773 696 796 742 a
809 679 935 743 bonzis
947 678 1125 760 lapidibus
1137 686 1173 743 et
1187 676 1302 760 sputis
1315 675 1509 758 appetitum
1521 682 1558 738 et

328 778 583 851 contumeliose
601 794 810 862 tractatum,
838 786 930 851 adeo
953 794 993 850 ut
1010 786 1088 851 sine
1111 802 1244 866 magno
1268 784 1427 866 periculo
1450 782 1556 847 domo

328 892 455 975 pedem
474 890 600 957 efferre
621 909 693 958 non
716 901 853 975 posset;
876 902 912 958 et
930 894 1073 975 culpam
1093 892 1204 957 occisi
1223 890 1350 973 Regis,
1369 890 1556 971 magistra·

328 1009 429 1065 tuum
444 1017 488 1064 ac
502 1000 695 1065 nobilitatis
709 1000 900 1082 primariae
920 1002 957 1065 in
970 1018 1051 1065 eum
1067 1001 1076 1031 ⁸
1095 1001 1201 1065 bonzi
1218 998 1442 1082 rejiciebant,
1463 994 1557 1077 quod

330 1107 538 1189 religionem
558 1106 789 1172 christianam
810 1105 1070 1189 promovendo,
1090 1106 1225 1189 negligi
1244 1105 1393 1171 deorum
1413 1120 1558 1169 suorum

330 1216 464 1280 cultum
482 1214 636 1279 iecisset.

390 1320 482 1387 3529.
524 1322 563 1387 In
579 1338 753 1387 summam
767 1322 886 1403 itaque
900 1322 1072 1387 invidiam
1089 1322 1126 1386 P.
1144 1322 1313 1388 Cosmum
1325 1321 1558 1395 adduxerant;

332 1429 395 1495 sed
402 1430 460 1494 ille
471 1430 1199 1511 amanguccianamecclesiamconservari
1207 1441 1243 1496 et
1251 1430 1389 1511 augeri,
1398 1430 1560 1493 intersua

331 1536 557 1602 incommoda
571 1544 606 1601 et
621 1552 822 1618 aerumnas,
838 1538 1033 1603 laetissimo
1047 1539 1167 1603 animo
1181 1538 1361 1603 cernebat.
1373 1536 1419 1600 Et
1430 1535 1561 1599 fateba-

331 1654 389 1709 tur
404 1645 480 1726 ipse
494 1644 645 1711 Cosmus
659 1647 754 1710 nullo
770 1664 928 1729 unquam
941 1646 1037 1711 vitae
1050 1664 1137 1711 suae
1155 1655 1315 1728 tempore
1335 1654 1475 1710 tantum
1492 1644 1559 1725 spi·

333 1752 471 1817 ritualis
485 1752 750 1833 consolationis,
766 1771 872 1836 quam
887 1754 960 1835 illo,
976 1755 1190 1836 percepisse,
1205 1754 1296 1819 adeo
1306 1762 1345 1818 ut
1356 1753 1470 1818 aciem
1481 1768 1560 1815 ocu·

333 1861 461 1939 lorum,
477 1876 522 1924 ex
534 1860 700 1925 suavium
718 1859 961 1942 lacrymarum
978 1861 1159 1942 effusione,
1181 1878 1313 1943 magna
1330 1879 1376 1926 ex
1395 1868 1497 1942 parte
1513 1858 1561 1923 ibi

334 1964 439 2049 [eum]
454 1966 650 2047 perdidisse
664 1966 703 2032 Ρ.
718 1968 889 2033 Melchior
904 1968 1053 2050 Nugnez
1071 1970 1341 2035 existimaverit.

394 2071 487 2139 3530.
529 2074 653 2140 Invisit
667 2075 783 2157 Bungi
797 2074 932 2158 Regem
950 2075 990 2141 P.
1011 2076 1184 2142 Melchior
1202 2078 1393 2159 multisque
1412 2092 1494 2140 eum
1508 2092 1563 2138 ra·

334 2182 489 2247 tionibus
504 2183 550 2247 ad
563 2182 696 2248 Christi
714 2184 923 2266 religionem
942 2184 1130 2249 traducere
1149 2194 1299 2249 conatus
1319 2195 1384 2249 ast.
1407 2181 1477 2248 Sed
1494 2180 1564 2246 fru-

334 2297 420 2370 stra;
436 2290 566 2371 partim
581 2290 687 2372 quod,
703 2292 875 2372 religione
889 2300 1013 2356 nostra
1027 2300 1206 2374 suscepta,
1217 2308 1336 2357 mores
1348 2291 1416 2355 sibi
1429 2297 1564 2354 mutan-

334 2396 399 2463 dos
412 2413 491 2461 esse
505 2397 733 2479 intelligeret,
753 2401 885 2480 partim
903 2400 998 2482 quod
1018 2401 1208 2481 populares
1226 2416 1311 2463 suos
1331 2398 1478 2464 timebat
1498 2396 1568 2461 sibi

335 2505 562 2571 adversarios
575 2504 663 2583 fore,
676 2506 706 2570 si
717 2505 848 2571 Christi
859 2508 1070 2589 religionem
1080 2506 1317 2589 profiteretur;
1329 2506 1461 2588 partim
1470 2504 1565 2587 quod

334 2612 371 2678 in
386 2628 428 2678 ea
443 2620 541 2677 secta
557 2612 730 2680 enutritus
743 2613 871 2696 fuerat,
892 2614 1124 2682 nobilioribus
1140 2613 1394 2698 japonensibus
1415 2612 1564 2679 familia-

335 2721 377 2801 ri,
394 2737 485 2802 quae
500 2721 656 2786 animum
667 2738 748 2788 cum
760 2738 910 2804 corpore
920 2723 1076 2805 interire,
1092 2725 1297 2806 nullumque
1310 2723 1475 2805 spiritum
1487 2737 1565 2786 esse

336 2828 489 2893 tenebat.

394 2933 486 3000 3531.
529 2935 723 3019 Impetrare
737 2936 851 3003 nostri
864 2939 1052 3004 voluerunt
1067 2940 1183 3020 abeo,
1199 2947 1238 3003 ut
1252 2956 1334 3003 cum
1347 2937 1487 3017 bonzis,
1505 2937 1565 3019 qui

337 3043 571 3124 sapientiores
595 3045 828 3125 haberentur,
855 3062 979 3110 coram
997 3047 1074 3129 ipso
1093 3055 1128 3111 et
1150 3047 1230 3112 aliis
1251 3046 1476 3127 Principibus
1495 3043 1563 3108 dis·

337 3151 475 3232 putatio
490 3168 511 3214 a
526 3152 659 3217 nostris
672 3152 717 3216 de
733 3152 903 3234 religione
923 3153 1183 3234 institueretur;
1203 3171 1288 3218 nam
1308 3153 1500 3218 salsitatem
1515 3167 1565 3215 se·

339 3267 489 3339 ctarum,
505 3275 595 3339 quas
609 3258 787 3340 tenebant,
804 3269 839 3325 et
853 3260 1044 3326 veritatem
1057 3262 1276 3326 christianae
1294 3261 1376 3326 fidei
1394 3277 1434 3324 se
1447 3267 1569 3341 aperte

339 3366 644 3431 demonstraturos
661 3367 931 3448 pollicebantur.
951 3368 1118 3434 Promisit
1139 3348 1198 3433 ille
1217 3367 1359 3451 quidem
1376 3368 1567 3446 iacturum,

339 3475 402 3539 sed
415 3491 596 3555 nunquam
608 3475 645 3539 id
659 3475 847 3554 praestitit,
864 3476 960 3558 quod
969 3477 1074 3540 bonzi
1086 3477 1254 3542 affinitate
1265 3494 1348 3541 cum
1358 3474 1566 3556 proceribus

340 3581 441 3664 regni
462 3580 642 3661 conjuncti
659 3590 792 3662 essent,
816 3583 875 3665 qui
899 3584 1031 3648 nostris
1055 3593 1157 3648 erant
1180 3583 1286 3648 valde
1309 3583 1450 3664 infensi,
1472 3581 1568 3663 quod

340 3705 464 3754 eorum
478 3688 621 3754 fraudes
635 3698 671 3753 et
685 3689 821 3754 scelera
835 3691 966 3771 populo
982 3692 1203 3772 detegerent;
1219 3700 1255 3755 et
1272 3691 1317 3756 ab
1336 3689 1380 3755 iis
1398 3689 1568 3771 gravimi-

340 3813 418 3862 mas
432 3797 697 3876 persecutiones
711 3806 745 3862 et
759 3777 985 3862 incommoda
1000 3798 1038 3861 P.
1056 3797 1288 3863 Franciscum
1302 3798 1440 3883 Xavier
1453 3806 1569 3879 pertu-

341 3903 435 3985 lisse,
459 3904 634 3986 (quamvis
652 3905 709 3969 ille
731 3922 773 3969 ea
793 3922 865 3969 non
888 3906 1075 3986 retulerit),
1099 3906 1193 3970 idem
1216 3905 1253 3969 P.
1276 3905 1448 3971 Melchior
1472 3904 1570 3969 intel·

344 4011 442 4076 texit.

405 4118 496 4183 3532.
539 4117 624 4200 EJ'us
639 4119 747 4185 etiam
762 4120 869 4184 animi
884 4120 1084 4186 libertatem
1103 4130 1138 4185 et
1159 4120 1441 4200 magnitudinem
1456 4117 1574 4202 [testa-

262 4297 264 4300 ,
346 4223 416 4308 tur]
429 4226 465 4290 in
476 4225 620 4307 flagitiis
631 4224 739 4307 Regis
750 4226 966 4308 Amangucii
977 4224 1277 4309 reprehendendis
1287 4235 1323 4291 et
1334 4226 1485 4291 aliorum
1497 4243 1574 4308 pro

347 4351 469 4400 cerum
482 4333 557 4415 eius
573 4333 685 4416 regui,
704 4332 878 4417 [quorum]
899 4335 1015 4399 minas
1036 4352 1117 4399 cum
1138 4333 1429 4415 praesentissimo
1449 4331 1574 4398 mortis

388 4575 398 4612 ¹
425 4573 472 4623 iit.
481 4575 578 4633 repetit
588 4576 630 4622 hic
640 4576 757 4634 culpam.
