3642 5350
762 387 842 470 ¹un.
863 389 934 448 noo
1414 389 1471 448 495

293 532 385 598 2137.
428 533 758 598 Interaliossemina
769 533 945 614 quaedam
956 533 1083 612 fuerat,
1096 551 1199 615 quae,
1209 535 1465 598 lutheranismo

231 639 389 718 addicta,
404 639 512 704 immo
527 649 562 703 et
576 641 857 704 sacramentaria
866 639 967 720 juxta
980 640 1120 705 Calvini
1132 641 1327 722 perfidiam,
1341 642 1468 706 nihilo·

235 747 352 810 minus
363 747 518 810 humano
530 747 668 827 timore,
679 747 756 810 sine
767 745 846 827 lide,
857 746 1007 827 singulis
1016 749 1119 811 annis
1130 755 1357 812 sacramenta
1367 766 1465 830 repe·

234 853 342 916 tebat.
364 852 463 916 Haec
483 853 529 918 ad
548 851 743 918 Dominum
762 871 958 933 conversa,
979 853 1157 933 integram
1175 869 1183 899 ¹
1204 856 1466 920 confessionem

233 961 330 1041 apud
344 960 382 1024 P.
400 960 594 1026 Robertum
608 961 806 1037 instituens
823 971 858 1025 et
876 979 941 1041 per
963 962 1080 1042 ipsum
1100 963 1273 1044 absoluta,
1291 964 1467 1027 catholice

236 1067 359 1132 vivere
375 1068 493 1150 coepit
506 1067 530 1130 ⁸.

294 1174 387 1239 2138.
430 1175 511 1240 Fuit
527 1186 561 1240 et
576 1177 657 1254 alia,
676 1193 766 1256 quae
781 1177 970 1240 uberrimis
980 1178 1153 1258 lacrymis
1167 1187 1202 1242 et
1217 1179 1356 1241 sincere
1370 1179 1467 1258 apud

232 1283 398 1347 eumdem
413 1283 671 1348 confessionem
686 1283 836 1364 peregit,
853 1301 946 1365 quae
960 1286 1090 1348 multos
1105 1303 1219 1348 annos
1239 1285 1400 1350 mutilam
1418 1286 1469 1349 fe-

231 1399 343 1454 cerat.
360 1388 433 1454 Nec
448 1391 554 1471 pauci
567 1391 748 1472 utriusque
763 1409 870 1454 sexus
885 1409 907 1454 a
921 1391 1147 1470 gravissimis
1157 1392 1375 1470 criminibus,
1393 1393 1466 1474 qui·

233 1497 300 1560 bus
314 1497 460 1561 obnoxii
474 1497 533 1561 diu
548 1498 699 1574 fuerant,
717 1495 874 1577 ejusdem
889 1515 1000 1579 opera
1009 1515 1075 1579 per
1086 1498 1345 1564 consessionem
1356 1517 1466 1564 emer·

233 1615 358 1667 serant
372 1603 395 1667 ³.

294 1710 387 1775 2139.
430 1710 583 1790 Quidam
602 1712 708 1775 etiam
725 1709 875 1792 iuvenes
900 1711 1062 1791 studiosi,
1086 1713 1147 1793 qui
1171 1714 1267 1794 apud
1291 1714 1468 1796 hospitem

233 1817 392 1899 ejusdem
411 1817 506 1897 Mag.
528 1817 672 1883 Roberti
693 1820 985 1900 litterisoperam
1005 1819 1148 1898 dabant,
1166 1821 1211 1884 ab
1233 1821 1372 1902 eodem,
1396 1839 1469 1886 non

236 1926 349 1989 solum
363 1926 400 1988 in
415 1925 623 2004 eruditione,
640 1926 703 1990 sed
718 1926 899 2007 inpietate
914 1926 1022 1990 etiam
1042 1925 1152 2007 adJuti
1170 1928 1323 2005 fuerunt;
1346 1938 1380 1992 et
1399 1929 1466 1992 sin·

198 2013 201 2022 ¹
234 2033 329 2111 gulis
357 2035 537 2098 mensibus
566 2052 611 2097 ex
640 2033 715 2114 ejus
743 2034 967 2114 praescripto
993 2034 1270 2115 confitebantur;
1299 2046 1333 2099 et
1358 2037 1469 2116 aliqui

234 2141 364 2216 etiam,
394 2141 488 2222 quod
524 2152 628 2204 antea
661 2157 841 2220 nunquam
877 2141 1058 2220 fecerant,
1093 2142 1357 2206 communicare
1390 2161 1467 2207 coe·

236 2258 376 2328 perunt.
1320 2244 1323 2257 '

296 2353 386 2417 2140.
430 2352 514 2419 Post
530 2355 723 2420 adventum
738 2355 775 2419 P.
791 2355 974 2437 Baptistae
994 2355 1234 2421 deliberarunt
1249 2358 1318 2421 viri
1340 2359 1471 2438 prima·

235 2462 279 2525 rii
301 2463 399 2526 urbis
420 2462 596 2543 Bigliomi,
614 2463 719 2526 simul
734 2472 840 2543 atque
854 2460 1054 2544 Episcopus
1068 2465 1185 2530 locum
1204 2463 1250 2525 ad
1272 2463 1468 2544 Collegium

234 2570 445 2649 erigendum
460 2571 636 2649 elegisset,
654 2570 797 2633 scholas
817 2571 884 2650 ipsi
906 2571 1074 2651 pulchras
1089 2581 1125 2634 et
1145 2587 1296 2651 magnas
1314 2571 1470 2652 propriis

234 2678 402 2759 expensis
426 2676 632 2755 aedificare;
659 2687 694 2742 et
721 2679 886 2759 quamvis
911 2679 1068 2742 nondum
1097 2688 1246 2742 venerat
1269 2679 1468 2759 Episcopus

236 2786 313 2866 (qni
339 2786 403 2849 sub
428 2786 565 2850 initium
590 2784 808 2866 Septembris
832 2786 1119 2865 expectabatur),
1143 2795 1376 2867 praeceperat
1402 2803 1467 2850 suo

236 2892 470 2973 Cancellario,
487 2902 536 2973 ut,
552 2905 696 2974 praeter
708 2892 925 2957 frumentum
940 2901 975 2955 et
991 2894 1123 2971 vinum,
1147 2894 1276 2957 bonam
1295 2894 1468 2974 pecuniae

235 3017 411 3063 summam
426 3000 472 3063 ad
486 3000 731 3079 quotidianum
745 3002 880 3065 victum
896 2997 934 3062 P.
953 2998 1138 3081 Baptistae
1155 3000 1284 3063 Violae
1305 3018 1468 3064 numera-

236 3118 300 3171 ret:
317 3106 422 3170 ethis
438 3107 599 3171 curisrei
618 3107 803 3171 familiaris
822 3106 934 3171 nostri
949 3107 1100 3184 liberati,
1123 3106 1347 3171 instituendis
1367 3108 1466 3172 scho-

236 3214 279 3278 lis
303 3214 396 3278 serio
417 3231 550 3282 vacare
574 3224 785 3295 coeperunt;
807 3222 841 3277 et
863 3230 986 3277 omnes
1008 3212 1124 3278 officio
1147 3232 1211 3278 suo
1227 3232 1309 3278 cum
1329 3232 1469 3279 summa

235 3322 529 3385 scholasticorum
554 3328 590 3385 et
613 3322 722 3385 totius
746 3321 843 3385 urbis
868 3320 1113 3385 satisfactione
1134 3322 1208 3384 suis
1224 3321 1348 3385 officiis
1367 3322 1468 3404 fungi

235 3440 441 3510 coeperunt.

296 3535 388 3599 2141.
432 3535 521 3600 Cum
554 3546 672 3599 autem
706 3536 942 3600 observarent
975 3537 1227 3616 bigliomenses
1262 3537 1468 3617 singillatim

237 3644 471 3707 scholasticos
486 3644 694 3722 examinari,
711 3651 747 3706 et
765 3660 863 3707 more
884 3641 1075 3707 Societatis
1095 3660 1268 3724 quemque
1288 3644 1324 3707 in
1340 3661 1467 3707 conve·

237 3750 1469 3832 nientisibiclasseconstitui,necerebroferiari,utquaterautsexies

237 3860 275 3922 in
286 3876 379 3922 anno
391 3858 451 3921 alii
461 3858 555 3921 soliti
566 3868 679 3936 erant,
693 3857 756 3921 sed
768 3857 909 3922 assidue
922 3859 1056 3921 scholis
1068 3874 1212 3936 vacare;
1225 3857 1469 3921 consessiones

236 3966 342 4029 etiam
358 3966 655 4029 scholasticorum
675 3964 806 4041 audiri,
827 3974 861 4028 et
882 3966 1027 4029 eosdem
1041 3966 1078 4028 in
1097 3966 1204 4028 rebus
1225 3965 1468 4046 spiritualibus

233 4089 279 4136 ac
304 4073 407 4136 bonis
428 4072 586 4136 moribus
606 4074 825 4153 promoveri;
849 4073 971 4149 statim
992 4072 1083 4135 odor
1101 4074 1256 4153 optimus
1270 4090 1335 4153 per
1356 4082 1469 4136 totam

234 4180 457 4261 provinciam
472 4197 618 4261 sparsus
639 4190 709 4259 est;
731 4178 977 4260 undecumque
992 4180 1198 4243 scholastici
1214 4179 1392 4244 confluere
1414 4180 1469 4243 in-

233 4286 412 4370 cipiebant
435 4304 516 4351 cum
537 4304 674 4351 summa
694 4295 889 4368 parentum
906 4285 1163 4365 aedificatione
1185 4286 1273 4351 nihil
1294 4287 1389 4351 enim
1407 4304 1471 4351 un-

276 4492 285 4525 *
314 4492 342 4537 In
354 4504 399 4537 ms.
407 4492 531 4538 inseritur
541 4494 583 4538 hlc
594 4497 696 4538 tamen.

275 4564 287 4597 ⁸
314 4564 382 4609 Vide
393 4566 516 4610 Litterae
525 4564 754 4619 Quadrimestres,
765 4574 783 4611 t.
794 4578 830 4621 rr,
841 4577 901 4622 pag.
911 4566 961 4611 stt.

276 4636 288 4667 ³
315 4636 427 4681 ibidem.
439 4636 520 4681 Multa
531 4638 605 4690 enim,
617 4648 683 4691 qnae
694 4638 736 4683 hlc
747 4639 938 4691 describuntur,
946 4650 979 4682 ex
987 4638 1039 4689 illis
1048 4638 1146 4689 litteris,
1153 4638 1309 4693 deprompta
1319 4645 1389 4684 sunt.
1415 4672 1420 4680 .
