3642 5350
334 396 391 454 460
797 395 924 457 Canon.
944 394 1021 456 Soc.
1041 394 1112 469 las.

335 550 390 605 tre
410 548 532 606 nostro
547 542 741 607 Francisco
756 542 929 606 Ghiraldo
948 551 986 605 ut
1004 540 1071 605 sibi
1093 541 1248 619 adesset,
1267 538 1399 622 [voluit
1414 538 1464 621 ut]
1488 556 1569 607 cum

337 648 489 730 primum
516 649 657 713 adesset
683 648 721 713 P.
743 649 1010 730 Ribadeneyra;
1031 659 1066 712 et
1086 649 1136 711 ita
1158 646 1282 712 eadem
1301 647 1479 711 dominica
1498 647 1568 725 die,

333 773 407 836 qua
422 765 587 835 venerat,
603 773 726 819 coram
748 758 826 837 ipso
841 765 1052 836 aegrotante
1074 754 1221 818 Missam
1239 755 1450 833 celebravit,
1467 755 1569 819 etsie

337 880 418 927 eum
437 864 633 927 animatum
654 864 701 927 ad
722 872 872 927 mortem
892 862 1113 927 subeundam
1130 860 1233 942 juxta
1254 860 1322 925 Dei
1347 862 1568 926 voluntatem

333 970 483 1049 invenit,
495 979 536 1033 ut
547 979 694 1033 sanctae
705 970 798 1035 illius
812 971 919 1035 morti
933 987 1004 1034 non
1016 987 1142 1050 parum
1155 968 1386 1033 invidendum
1398 984 1476 1032 esse
1488 986 1567 1031 cen·

337 1086 447 1157 seret;
473 1078 638 1158 quamvis
663 1077 765 1141 aliter
790 1077 927 1141 nobiles
953 1077 1074 1140 curiae
1094 1086 1245 1139 mortem
1261 1073 1338 1155 ejus
1357 1076 1568 1153 sentiebant,

333 1200 416 1247 cum
432 1184 525 1247 enim
540 1184 644 1247 valde
665 1184 710 1246 ab
730 1184 892 1248 omnibus
914 1184 1137 1263 diligeretur,
1158 1184 1208 1246 ita
1226 1182 1357 1245 acerbe
1376 1181 1568 1247 admodum

336 1308 401 1356 eos
417 1290 476 1354 hic
492 1290 702 1354 immaturus
717 1291 835 1356 obitus
849 1292 1074 1371 percellebat.

404 1396 491 1460 1980.
536 1396 756 1477 Quibusdam
785 1407 903 1461 autem
931 1398 1056 1461 diebus
1084 1411 1119 1461 et
1147 1396 1312 1460 noctibus
1337 1413 1417 1460 eum
1445 1397 1571 1462 eodem

338 1504 469 1567 mansit
483 1504 521 1568 P.
538 1503 800 1585 Ribadeneyra,
818 1504 944 1583 donec,
961 1503 1123 1569 omnibus
1142 1504 1378 1567 sacramentis
1399 1498 1571 1585 acceptiS,

336 1611 501 1691 spiritum
526 1609 679 1675 Domino
704 1611 872 1691 reddidit,
899 1623 935 1675 et
960 1610 1004 1674 de
1028 1610 1122 1675 felici
1151 1610 1228 1692 ejus
1255 1611 1408 1674 transitu
1433 1611 1571 1691 prolixe

339 1716 377 1781 P.
394 1717 643 1799 Ribadeneyra
658 1720 704 1783 ad
720 1718 928 1799 Pro-regem
946 1717 1100 1797 Siciliae,
1117 1717 1277 1795 fratrem,
1298 1718 1344 1782 ad
1359 1718 1570 1782 consolatio·

337 1842 421 1890 nem
436 1833 472 1889 et
488 1826 646 1890 omnium
661 1824 943 1890 aedificationem
959 1826 1101 1906 scripsit
1117 1823 1137 1888 ¹.

402 1930 489 1995 1981.
534 1932 723 2009 Negotium
756 1933 898 1996 interim
932 1932 1158 1996 admissionis
1189 1943 1335 1996 nostrae
1369 1929 1569 2010 Societatis,

336 2039 431 2103 sicut
445 2049 480 2102 et
501 2040 571 2101 alia
596 2038 669 2102 sere
693 2038 823 2116 omnia,
847 2040 1058 2113 haerebant,
1081 2037 1236 2120 [partim]
1258 2040 1304 2103 ob
1322 2038 1432 2119 Regis
1454 2040 1572 2103 minus

340 2161 551 2225 prosperam
567 2144 816 2223 valetudinem,
830 2146 961 2226 partim
973 2146 1056 2227 quia
1068 2145 1196 2225 frigide
1209 2156 1353 2226 propter
1365 2146 1455 2209 alias
1469 2163 1573 2209 oecu-

339 2252 501 2331 pationes
516 2251 663 2332 majoris
677 2254 859 2326 momenti,
872 2270 963 2333 quae
980 2253 1026 2316 ad
1040 2253 1168 2316 bellum
1188 2252 1407 2332 pontificium
1423 2254 1571 2333 pertine·

339 2358 437 2437 bant,
454 2342 622 2439 proeer'es
637 2361 915 2440 occupabantur.
940 2359 1020 2441 Ipso
1041 2372 1158 2423 tamen
1180 2360 1236 2423 die
1256 2360 1487 2432 Ascensipnis
1502 2358 1572 2422 Do-

339 2464 439 2543 mini,
456 2464 676 2530 Secretarius
691 2468 845 2530 Erassus
859 2466 1075 2545 significavit
1090 2465 1244 2530 Domino
1260 2466 1365 2529 Petro
1385 2468 1429 2530 de
1444 2466 1573 2531 Zarate

342 2573 436 2652 quod
453 2572 530 2636 Rex
546 2572 728 2653 Philippus
745 2574 970 2651 admittebat,
992 2583 1027 2636 et
1046 2573 1325 2653 amplectebatur
1340 2575 1407 2636 hoc
1422 2590 1511 2653 opus
1526 2575 1571 2637 ad

337 2681 511 2744 honorem
527 2681 643 2745 sancti
657 2679 843 2762 Sepulchri
863 2691 897 2744 et
923 2681 1106 2760 religionis
1126 2691 1357 2759 augmentum
1378 2682 1569 2760 pertinens,

341 2788 436 2868 quod
448 2787 521 2869 jam
538 2787 725 2852 duodecim
737 2790 839 2851 annis
851 2789 938 2869 ipse,
953 2788 1129 2851 indefesso
1141 2788 1273 2867 labore,
1286 2805 1498 2868 promovere
1513 2806 1571 2852 eu·

341 2907 502 2974 severat,
520 2913 584 2958 nec
600 2895 680 2958 illae
697 2896 918 2959 conditiones
933 2903 994 2957 aut
1014 2895 1238 2958 accessiones
1256 2896 1482 2958 necessariae
1500 2895 1571 2960 sue·

339 3011 433 3078 runt,
451 3020 540 3082 quas
555 3003 721 3066 monachi
735 3011 796 3066 aut
811 3019 934 3065 eorum
948 3003 1106 3065 fautores
1122 3003 1376 3083 proponebant.

404 3108 491 3172 1982.
535 3109 648 3190 Aprili
664 3127 785 3174 mense
799 3110 976 3173 Bruxellis
991 3121 1162 3172 evocatus
1173 3110 1289 3172 suerat
1302 3109 1338 3172 Ρ.
1353 3109 1569 3190 Bernaruus,

338 3216 435 3296 quod
450 3215 526 3296 ejus
540 3227 653 3280 mater
668 3217 774 3280 morti
789 3217 909 3280 vicina
925 3216 1120 3292 diceretur;
1136 3217 1198 3280 sed
1219 3217 1265 3280 ad
1286 3215 1362 3297 ejus
1380 3217 1573 3280 adventum

338 3339 422 3385 cum
447 3323 506 3385 illa
531 3323 656 3386 melius
679 3323 810 3387 habere
835 3323 1022 3404 coepisset,
1046 3323 1249 3386 Tornacum
1271 3341 1309 3386 se
1332 3325 1496 3400 contulit,
1513 3323 1573 3386 ubi

340 3431 450 3492 semel
470 3439 577 3509 atque
596 3431 723 3505 iterum
746 3447 827 3494 cum
847 3429 982 3509 ingenti
1003 3446 1179 3492 concursu
1199 3439 1234 3492 et
1253 3431 1333 3510 pari
1354 3430 1471 3494 fructu
1491 3448 1571 3495 cou-

340 3537 505 3599 eionatus
521 3545 589 3616 est,
608 3537 707 3600 multi
726 3547 843 3600 autem
865 3553 945 3599 eum
965 3536 1094 3599 ibidem
1116 3536 1269 3599 retinere
1284 3537 1521 3614 conabantur,
1538 3545 1572 3601 et

343 3643 435 3705 inter
456 3643 545 3706 alios
565 3643 728 3705 dominus
747 3645 817 3706 loci
838 3644 980 3722 saepius
999 3644 1183 3721 nominati,
1199 3643 1242 3706 de
1261 3642 1418 3724 Torquin
1433 3651 1456 3723 2,
1472 3641 1572 3723 eujus

339 3760 506 3830 quartam
533 3760 670 3830 partem
688 3751 827 3814 haeresi
848 3750 1016 3814 infectam
1038 3767 1132 3827 esse,
1149 3761 1338 3831 postquam
1357 3751 1439 3814 inde
1458 3768 1570 3814 reces-

339 3867 439 3924 serat
454 3856 490 3920 P.
508 3857 726 3931 BernarduS,
743 3857 959 3920 affirmabat:
975 3868 1009 3919 et
1025 3874 1172 3937 prorsus
1192 3874 1343 3937 magnos
1357 3874 1571 3939 progressus

340 3980 385 4026 eo
400 3973 557 4044 tempore
577 3965 735 4027 haeresis
755 3963 928 4042 iaciebat;
945 3975 980 4027 et
995 3964 1186 4044 aliquando
1201 3982 1246 4027 ex
1261 3982 1332 4027 uno
1347 3966 1478 4044 exiguo
1492 3966 1572 4028 loco

339 4071 512 4152 quinque,
529 4089 574 4134 ex
589 4072 658 4134 alio
679 4072 817 4150 decem,
841 4090 886 4135 ex
906 4072 1053 4135 civitate
1074 4081 1192 4135 autem
1213 4072 1384 4136 insulensi
1404 4073 1572 4152 quinqua·

338 4178 442 4259 ginta
455 4178 609 4242 familiae
624 4179 728 4242 simul
750 4181 785 4242 in
802 4178 1050 4255 Germaniam,
1065 4189 1104 4241 ut
1119 4180 1337 4243 haereticam
1356 4180 1469 4243 vitam
1491 4180 1573 4243 libe·

343 4286 418 4349 rius
432 4303 540 4365 agere
555 4295 716 4366 possent,
738 4285 963 4349 recedebant.
986 4285 1031 4349 Et
1050 4285 1163 4349 nostri
1181 4286 1323 4366 quidem
1344 4297 1575 4350 tornacenses
1657 4311 1662 4316 ⁴

341 4392 523 4456 ferventer
542 4392 733 4456 admodum
758 4393 793 4455 in
813 4391 960 4456 Domini
975 4393 1081 4455 vinea
1100 4392 1326 4472 laborabant,
1344 4403 1382 4456 ut
1400 4393 1457 4456 his
1471 4393 1576 4456 malis

386 4566 393 4594 ¹
423 4561 490 4606 Vide
499 4573 586 4616 supra,
595 4574 657 4616 pag.
665 4561 714 4614 tat,
726 4573 750 4606 n.
762 4561 822 4604 1323.

383 4634 395 4666 2
424 4633 489 4678 Vide
499 4645 587 4688 supra,
599 4643 618 4676 t.
629 4646 654 4686 v,
665 4645 726 4688 pag.
736 4633 785 4683 30⁶.
796 4646 820 4677 n.
831 4632 948 4677 ssu-De
958 4645 988 4676 eo
998 4642 1088 4677 rursus
1097 4640 1192 4686 agetur
1202 4632 1278 4684 infra,
1287 4643 1311 4674 n.
1323 4631 1376 4675 autu
1387 4641 1413 4676 et
1422 4631 1484 4675 2037.
