3642 5350
335 397 393 458 558
798 396 926 458 Chaon.
947 395 1023 457 Soc.
1043 397 1114 472 Jns.

334 542 484 624 spaniae
499 544 595 622 loca,
621 543 792 607 nuncium
823 541 942 609 obitus
960 541 1078 607 Patris
1096 544 1211 609 nostri
1229 542 1378 624 Ignatii3
1398 553 1433 608 et
1451 542 1491 608 P.
1508 545 1572 610 Ba·

335 651 461 731 ptista,
479 649 538 730 qui
553 649 694 713 rediens
714 649 760 713 ad
775 665 877 713 suam
890 648 1140 729 Provinciam,
1156 648 1330 732 eJ'usdem,
1343 651 1448 714 sicuti
1462 650 1572 732 prius,

335 774 461 822 curam
476 765 736 838 resumpserat,
752 765 791 820 ut
806 756 852 820 ad
867 755 1192 836 congregationem
1206 758 1363 836 veniret,
1379 775 1418 821 se
1432 775 1571 840 compa·

335 866 456 944 rabat,
479 874 515 929 et
539 863 744 928 Valentiam
770 863 931 942 veniens,
961 881 1043 927 cum
1068 864 1148 928 aliis
1171 863 1338 929 Patribus
1360 881 1572 946 responsum

335 972 375 1036 P.
391 972 575 1037 Francisci
588 971 748 1035 ultimum
764 980 846 1036 ante
862 971 1061 1035 discessum
1079 972 1310 1052 expectabam
1336 980 1467 1036 etcum
1484 972 1569 1036 dila-

335 1081 469 1145 tionem
484 1078 529 1144 ad
544 1087 750 1160 sequentem
766 1095 897 1142 annum
913 1077 1044 1142 ibidem
1058 1078 1306 1157 intellexisset,
1328 1077 1503 1144 Murciam
1518 1097 1571 1146 re·

336 1188 413 1262 diit,
429 1195 469 1250 ut
487 1186 603 1251 studia
619 1186 668 1250 ibi
683 1185 886 1250 inchoanda
901 1202 1075 1265 praesens
1090 1196 1243 1265 curaret,
1258 1203 1302 1250 ac
1318 1187 1493 1250 rationem
1512 1205 1571 1251 co·

335 1312 415 1359 ram
430 1293 699 1376 praescriberet,
717 1302 752 1356 et
766 1293 844 1375 ipso
859 1293 894 1356 in
909 1293 1009 1357 initio
1024 1293 1229 1373 positiones
1247 1293 1342 1374 typis
1354 1311 1519 1372 excusas,
1533 1295 1570 1359 in

336 1402 466 1481 logica,
483 1400 706 1481 philosophia
721 1400 858 1478 morali,
875 1401 1047 1477 naturali,
1064 1400 1322 1482 metaphysica,
1346 1417 1389 1464 ac
1409 1402 1517 1465 etiam
1534 1402 1571 1465 in

337 1507 517 1587 theologia
538 1507 652 1570 teneri
673 1523 716 1570 ac
736 1506 877 1570 defendi
905 1506 1044 1587 publice
1068 1505 1114 1568 ad
1139 1508 1388 1572 auctoritatem
1413 1507 1571 1590 Collegio

337 1614 599 1678 conciliandam
624 1615 753 1692 voluit,
779 1622 815 1678 et
837 1631 961 1678 earum
981 1615 1182 1696 exemplum
1196 1612 1347 1679 Romam
1362 1616 1457 1680 misit
1477 1613 1500 1676 ¹.
1516 1616 1570 1682 De

337 1722 545 1786 fundatione
570 1721 677 1786 etiam
703 1720 854 1800 Collegii
880 1738 962 1784 cum
987 1720 1164 1803 Episcopo
1187 1722 1319 1803 aliquid
1346 1722 1434 1787 certi
1458 1734 1570 1788 trans·

336 1837 483 1893 acturus
499 1837 587 1892 erat.
604 1827 673 1892 Sed
689 1828 732 1892 de
746 1828 802 1891 his
817 1836 852 1892 et
865 1828 1013 1908 reliquis
1027 1845 1121 1892 anno
1137 1830 1297 1910 sequenti
1317 1829 1467 1893 dicetur.

398 1935 444 2000 Et
457 1937 547 2000 haec
561 1935 605 1999 de
620 1922 778 2015 Collegio
794 1933 953 1999 Murciae
966 1945 1002 1998 et
1015 1943 1092 1999 tota
1103 1934 1295 2000 Provincia
1305 1936 1526 2018 Aragoniae.

383 2139 391 2174 ¹
420 2139 492 2185 Inter
501 2141 634 2195 hucusque
645 2139 745 2194 scripte
755 2144 781 2182 et
792 2150 833 2194 ee,
844 2150 910 2195 quae
921 2139 1012 2184 statim
1018 2147 1169 2196 sequnntur,
1181 2141 1335 2196 interposita
1345 2142 1418 2196 prius
1427 2142 1500 2186 fuere
1509 2154 1571 2188 nou·

343 2214 422 2265 nulle,
434 2225 450 2258 a
461 2213 574 2256 Polanco
585 2221 738 2256 transversa
748 2212 817 2255 llnea
827 2221 977 2266 suppressa.
987 2210 1027 2255 Ea
1038 2211 1080 2255 hic
1088 2212 1246 2269 subjlclmne,
1264 2213 1325 2257 licet
1342 2224 1433 2257 seusus
1451 2215 1570 2270 imperfe-

341 2291 399 2330 ctus
409 2285 435 2329 ln
444 2283 493 2329 dne
504 2291 642 2339 apparent.
656 2283 720 2328 Sunt
729 2283 888 2338 hujusmodl:
899 2281 987 2328 “Multi
997 2283 1111 2328 Murciae
1122 2283 1155 2328 nd
1165 2284 1236 2328 vlam
1246 2283 1410 2328 consiliorum
1420 2286 1572 2331 sectandum

338 2364 368 2402 et
378 2356 662 2402 valedicendnmrebne
673 2356 853 2401 saecularibus
863 2355 1085 2409 communierant,
1101 2360 1129 2399 et
1144 2363 1250 2400 nostrae
1269 2355 1409 2401 Soeletetle
1424 2357 1573 2404 institutum

340 2429 544 2484 susciplendum:
556 2427 683 2471 admissus
693 2433 780 2470 autem
789 2426 837 2470 suit
848 2438 922 2481 unus,
934 2428 976 2482 qul
986 2427 1166 2482 philosophiae
1176 2438 1281 2480 operam
1292 2428 1409 2482 dederet,
1420 2434 1446 2473 et
1456 2431 1572 2485 egreglis

342 2500 444 2545 dotibus
453 2497 588 2554 praeditus
605 2495 754 2542 videbatur.
771 2496 848 2540 Alter
863 2497 945 2541 etlam
963 2497 1141 2552 philosophus,
1158 2503 1184 2540 et
1201 2502 1231 2540 nt
1249 2496 1418 2552 condieelpull
1434 2500 1490 2555 ejus
1504 2499 1569 2544 lete·

341 2575 476 2622 bantur...,

382 2642 511 2689 Credibile
521 2649 561 2687 est
571 2642 662 2686 horum
673 2641 697 2685 ln
709 2639 1019 2696 Societatemlnureesurn
1029 2641 1062 2686 ed
1073 2649 1168 2685 annum
1178 2646 1327 2694 sequentem
1343 2643 1474 2696 spectem
1490 2641 1566 2697 idque

338 2727 399 2760 cum
409 2716 537 2761 Polancue
546 2712 784 2765 aalmadvertlsset,
794 2713 954 2758 narrationis
965 2713 1035 2758 filum
1046 2711 1193 2766 abrupisse.
