3642 5350
792 388 862 448 As.
878 385 947 448 1556
1428 384 1482 443 235

257 551 347 615 quos
364 534 534 600 Horatius
552 535 744 617 Lignarius
763 536 839 615 fuit,
860 553 965 616 quem
987 543 1163 617 parentes,
1181 534 1217 598 in
1236 533 1358 599 villam
1372 530 1479 595 abdu-

258 653 365 721 ctum,
388 643 552 725 precibus
575 653 609 708 et
634 644 738 707 minis
762 650 1022 724 expugnarunt,
1048 660 1114 705 nec
1140 641 1184 705 ad
1200 642 1341 708 scholas
1363 640 1479 705 redire

258 750 504 832 permiserunt.

317 856 389 924 886.
431 858 587 923 Annibal
610 858 618 891 ¹
644 861 752 923 etiam
775 858 937 934 Romam,
961 858 1046 921 nihil
1072 858 1203 922 nostris
1223 858 1481 937 dicendo,cum
1519 884 1524 895 ·

259 966 412 1047 quodam
427 968 497 1031 alio
511 967 687 1048 proficisci
702 967 825 1046 voluit,
842 985 862 1029 a
878 984 947 1046 quo
963 967 1130 1048 deceptus
1142 975 1175 1029 et
1188 966 1223 1029 in
1237 966 1343 1029 alium
1365 967 1481 1029 locum

260 1074 442 1152 abductus,
458 1074 602 1139 tandem
616 1093 638 1137 a
652 1092 717 1139 suo
732 1085 831 1155 patre
846 1084 1047 1153 revocatus
1064 1074 1099 1138 in
1115 1073 1298 1154 proposito
1313 1090 1377 1136 suo
1392 1072 1481 1135 nilri·

258 1174 411 1237 lominus
426 1175 681 1255 perseveravit.
697 1173 768 1238 Sed
783 1174 945 1238 omnibus
956 1173 1011 1237 his
1023 1173 1186 1237 diuturna
1200 1172 1398 1253 expectatio
1410 1188 1481 1237 mo·

259 1282 447 1346 lcstissima
472 1292 560 1361 erat,
588 1299 680 1364 quae
705 1291 823 1347 tamen
852 1290 997 1363 propter
1025 1291 1185 1363 tempora
1209 1280 1270 1345 illa
1294 1278 1482 1344 videbatur

258 1388 472 1454 necessaria.
489 1387 594 1453 Dedit
610 1388 754 1453 tandem
769 1389 837 1454 illis
851 1388 1057 1453 facultatem
1072 1387 1109 1453 P.
1126 1388 1282 1469 Laynez,
1300 1386 1480 1466 Vicarius,

259 1494 409 1561 Romam
424 1496 590 1561 veniendi
606 1506 640 1561 et
654 1513 793 1561 summa
808 1514 869 1560 eos
884 1496 1017 1560 laetitia
1034 1495 1161 1560 affecit.

317 1603 388 1667 887.
434 1604 586 1683 Quidam
601 1604 720 1684 etiam,
736 1604 878 1668 nomine
893 1603 1081 1683 Henricus,
1100 1603 1159 1684 qui
1174 1603 1210 1666 in
1223 1602 1381 1683 Collegio
1397 1601 1482 1666 Ger·

260 1712 399 1777 manico
422 1712 564 1777 vixerat
586 1710 808 1792 aliquandiu,
833 1720 879 1791 et,
896 1728 978 1775 cum
1000 1728 1071 1774 non
1086 1717 1222 1791 posset,
1238 1718 1276 1774 ut
1291 1708 1445 1773 diximus
1460 1707 1481 1789 ¹,

261 1820 453 1885 sustentari
466 1836 510 1884 ca
524 1819 722 1899 multitudo,
739 1837 830 1901 quae
856 1828 1016 1899 tempore
1041 1818 1124 1901 Julii
1150 1816 1195 1881 ΙΙΙ
1220 1816 1349 1883 ibidem
1369 1816 1483 1879 aleba·
1568 1840 1571 1845 ¹

261 1940 329 2006 tur,
345 1945 426 1992 cum
441 1926 539 1991 socio
554 1925 708 2007 quodam
722 1926 758 1989 in
773 1925 1004 1991 Germaniam
1020 1924 1276 1991 remittebatur.
1293 1923 1381 1988 Cum
1397 1940 1484 2003 ergo

260 2035 399 2100 Patavii
417 2034 511 2116 apud
531 2043 674 2098 nostros
695 2033 925 2098 divertissent
946 2042 980 2097 et
1004 2032 1086 2097 inde
1107 2048 1234 2097 versus
1255 2030 1484 2097 Germaniam

258 2142 407 2224 profecti
422 2153 550 2222 essent,
567 2151 669 2207 sexto
690 2140 746 2206 die
766 2140 869 2205 rediit
890 2142 980 2205 alter
1000 2157 1136 2218 eorum,
1157 2139 1293 2205 scilicet
1308 2136 1485 2202 Henricus

260 2250 442 2314 Arboreus
456 2248 479 2328 ³,
495 2258 533 2313 ut
548 2250 585 2314 in
600 2248 814 2316 Societatem
830 2248 1085 2324 admitteretur,
1104 2256 1138 2311 et
1154 2230 1330 2313 admissus
1344 2247 1433 2309 bene
1448 2246 1484 2309 in

262 2375 303 2421 ca
319 2375 358 2421 se
371 2357 494 2436 gessit.

319 2462 390 2527 888.
432 2463 565 2528 Morbis
589 2464 676 2528 satis
695 2463 794 2527 multi
813 2482 858 2527 ex
883 2463 1015 2527 nostris
1033 2462 1172 2527 Patavii
1192 2462 1259 2525 hoc
1280 2478 1373 2526 anno
1387 2461 1485 2526 labo-

261 2580 396 2644 rarunt.
411 2579 446 2634 et
461 2571 589 2635 accidit
603 2580 641 2635 ut
659 2571 762 2635 simul
781 2579 916 2651 septem
936 2579 1175 2651 aegrotarent,
1191 2586 1272 2633 cum
1288 2586 1410 2633 omnes
1423 2586 1484 2633 nu·

262 2696 359 2743 mero
382 2680 583 2760 quindecim
606 2686 733 2743 essent.
755 2678 857 2743 Unus
881 2697 1015 2758 eorum,
1036 2678 1201 2744 Andreas
1227 2678 1378 2755 nomine,
1401 2677 1486 2742 inte·

261 2803 366 2866 grum
374 2804 505 2851 annum
516 2787 742 2851 decubuerat.
755 2785 833 2867 Ipse
844 2787 951 2850 etiam
964 2785 1000 2849 P.
1015 2785 1148 2866 Simon,
1161 2797 1199 2852 ut
1207 2785 1487 2851 valetudinarius

261 2905 349 2974 erat,
366 2896 415 2960 ita
430 2896 538 2959 etiam
553 2894 631 2958 aliis
652 2893 896 2974 occupationis
916 2893 952 2957 in
973 2894 1070 2958 victu
1091 2904 1124 2958 et
1139 2896 1175 2958 in
1190 2893 1269 2958 aliis
1284 2895 1487 2959 ministeriis

260 3020 368 3067 causa
384 3011 472 3082 erat;
488 3003 608 3083 itaque
622 3002 841 3066 exercendae
856 3001 1048 3082 patientiae
1069 3001 1164 3066 Patri
1186 3000 1329 3066 Rectori
1354 3011 1389 3066 et
1408 3002 1487 3067 aliis

261 3127 332 3174 non
347 3109 457 3175 defuit
476 3111 630 3175 occasio.

319 3215 389 3282 889.
434 3216 642 3281 Postulabat
672 3226 790 3280 tamen
809 3216 979 3282 auxilium
1002 3216 1150 3297 alicujus
1170 3220 1433 3284 concionatoris
1454 3228 1489 3283 ct

262 3325 482 3405 confessarii,
500 3333 535 3388 et
546 3325 613 3389 hoc
624 3325 673 3388 illi
685 3323 898 3389 desiderium
910 3342 991 3387 cum
1002 3325 1159 3388 externis
1174 3342 1244 3389 non
1260 3327 1383 3407 paucis
1395 3343 1488 3391 com·

263 3451 366 3498 mune
380 3442 469 3513 erat;
479 3443 568 3497 ‘nam
583 3449 717 3512 eorum,
735 3431 794 3512 qui
805 3431 1106 3513 praedicationem
1120 3448 1202 3496 cum
1216 3433 1311 3497 vitae
1326 3435 1488 3516 exemplo

262 3541 529 3622 conjungerent,
550 3555 682 3620 magna
708 3549 786 3604 erat
805 3541 840 3603 in
859 3557 901 3604 ea
921 3539 1066 3604 civitate
1085 3541 1246 3621 penuria.
1268 3541 1378 3606 Immo
1398 3553 1433 3606 et
1452 3542 1488 3606 in

262 3647 488 3714 confessariis
506 3647 623 3712 multis
643 3647 680 3710 hi
700 3665 817 3710 mores
836 3647 1119 3728 inveniebantur,
1140 3658 1178 3714 ut
1197 3666 1268 3714 non
1283 3649 1359 3714 sine
1378 3667 1488 3714 causa

264 3735 391 3820 Veneti
406 3763 558 3819 aetatem
572 3755 834 3837 provectiorem
854 3755 891 3818 in
909 3754 1109 3836 hujusmodi
1129 3757 1356 3823 confessariis
1376 3759 1487 3840 requi·

262 3873 380 3929 terent
395 3870 416 3927 ¹.
550 3872 553 3879 '

271 3989 275 3997 ·
320 3969 391 4036 890.
433 3969 659 4052 Paupertatis
672 3970 897 4035 incommoda
913 3972 1019 4036 etiam
1038 3981 1179 4044 nostros
1193 3973 1333 4038 Patavii
1349 3993 1488 4038 exerce·

260 4079 362 4158 bant,
388 4080 551 4160 quamvis
575 4079 762 4160 prudentia
786 4088 820 4142 et
844 4079 1043 4144 sollicitudo
1072 4079 1234 4151 Rectoris
1262 4099 1332 4146 non
1360 4099 1489 4164 parum

261 4186 460 4251 sublevavit
473 4195 676 4252 nostrorum
691 4188 891 4268 penuriam;
907 4187 1015 4252 immo
1030 4197 1064 4252 et
1079 4186 1219 4253 domurn
1231 4207 1276 4254 ex
1292 4202 1392 4270 parte
1407 4207 1490 4255 con·

302 4427 310 4461 ¹
340 4427 453 4471 Annibal
466 4426 584 4472 Ottellus.

301 4499 314 4532 ¹
340 4497 434 4549 Supra.
446 4507 465 4543 t.
477 4513 502 4550 v,
512 4510 572 4555 pag.
582 4501 649 4555 lll,n.
660 4503 695 4547 51.
1459 4555 1461 4560 ,

302 4570 314 4602 ⁸
341 4569 424 4626 Hujus
433 4573 549 4616 meminit
560 4572 773 4628 Baxuusnsnosn,
786 4575 890 4620 canisii
899 4577 1032 4632 epistulae
1040 4581 1066 4621 et
1074 4580 1145 4632 acta,
1155 4584 1174 4622 t.
1185 4591 1202 4624 1.
1213 4591 1272 4635 pag.
1282 4590 1334 4636 mx,
1344 4582 1430 4640 annot.
1441 4572 1464 4625 l.

305 4645 318 4677 ⁴
344 4642 412 4688 Vide
422 4655 510 4700 supra,
520 4656 582 4700 pag.
593 4646 642 4703 228,
653 4659 678 4691 n.
692 4647 741 4704 ⁸525
752 4655 778 4694 et
788 4654 808 4695 t.
818 4660 846 4704 tt,
856 4661 918 4705 pag.
929 4649 978 4704 wll,
989 4651 1035 4695 sub
1044 4649 1120 4696 finem
1131 4662 1200 4696 num.
1210 4651 1245 4699 91.

1032 4779 1041 4830 i
