3642 5350
792 403 851 493 hu.
874 435 944 493 1556
1433 433 1507 494 565.

246 583 401 647 fructum
423 579 431 612 ¹
452 590 702 662 perceperunt;
722 581 814 644 sicut
835 589 868 643 et
890 579 1034 661 quidam
1055 588 1246 658 mercator,
1263 579 1334 660 qui,
1351 579 1487 643 eisdem

246 690 432 768 absolutis
459 705 481 751 a
505 687 616 752 libera
638 686 829 752 admodum
851 686 927 751 vita
950 686 996 751 ad
1017 687 1187 768 optimam
1210 686 1349 766 frugem
1371 705 1410 750 se
1432 703 1488 751 re·

249 797 358 877 cepit.

312 901 403 966 2440.
447 902 485 966 In
504 901 693 983 postremis
713 899 817 982 huius
837 901 923 964 anui
941 900 1120 966 mensibus
1141 900 1290 964 multum
1315 901 1430 964 nostri
1448 900 1485 963 in

254 1009 421 1090 juvandis
435 1008 667 1072 morientibus
682 1008 847 1088 occupati
862 1007 1022 1086 suerunt,
1039 1023 1122 1070 uam
1137 1005 1231 1071 eoin
1251 1007 1396 1086 negotio
1415 1024 1486 1072 ma-

252 1133 345 1195 gnus
359 1125 436 1178 erat
451 1131 539 1196 erga
554 1125 697 1178 nostros
711 1114 1038 1178 salmanticensium
1053 1112 1216 1192 affectus3
1232 1120 1269 1178 et
1284 1130 1366 1178 cum
1380 1115 1488 1179 alicui

252 1241 296 1288 ex
310 1221 512 1302 hujusmodi
533 1221 734 1287 hominibus
757 1221 869 1285 nostri
891 1221 1118 1299 assistebant,
1135 1220 1196 1283 alii
1211 1220 1318 1284 etiam
1338 1221 1418 1284 sani
1437 1223 1487 1285 iu·

247 1341 384 1394 teresse
398 1328 494 1392 soliti
509 1337 622 1406 erant,
635 1338 673 1391 ut
685 1328 739 1391 his
752 1328 821 1391 frui
833 1337 989 1408 possent,
1003 1343 1094 1407 quae
1107 1326 1153 1390 ad
1163 1325 1390 1390 morientium
1403 1344 1487 1391 con·

249 1438 463 1501 solationem
478 1439 536 1499 vel
551 1436 722 1500 auxilium
738 1435 960 1499 dicebantur.

306 1543 404 1606 wanti.
447 1544 504 1607 Ad
530 1543 773 1607 conciliandos
792 1542 967 1624 quosdam
988 1540 1179 1622 primarios
1193 1541 1310 1620 viros,
1331 1541 1424 1605 iuter
1449 1559 1488 1606 se

247 1651 473 1729 dissidentes
489 1650 612 1714 utilem
627 1666 774 1729 operam
792 1649 907 1712 nostri
928 1657 1119 1725 navarunt,
1143 1657 1179 1711 et
1202 1665 1327 1712 eorum
1348 1656 1487 1712 contro·

252 1757 390 1821 versias
404 1757 633 1821 diremerunt.

312 1863 403 1927 2442.
446 1864 596 1944 Aliquos
624 1864 749 1941 etiam,
780 1863 817 1926 in
842 1877 1025 1926 carcerem
1050 1860 1251 1942 conjectos,
1283 1859 1487 1927 liberandos

248 1980 434 2048 curarunt;
456 1981 490 2034 et
513 1970 549 2033 id
574 1970 812 2034 obtinuerunt.
836 1968 932 2032 Inter
954 1986 1044 2048 quos
1062 1969 1207 2049 quidam
1228 1977 1317 2045 erat,
1340 1978 1487 2050 propter

253 2095 315 2141 aes
340 2078 493 2142 alienum
517 2095 590 2140 uon
612 2077 799 2157 modicum,
821 2077 858 2139 in
880 2075 1042 2139 custodia
1063 2076 1204 2155 publica
1224 2076 1399 2156 detentus,
1416 2085 1451 2140 et
1465 2095 1487 2140 a

248 2185 428 2249 creditore
442 2185 607 2265 precibus
624 2184 738 2248 nostri
759 2185 1010 2264 impetrarunt,
1030 2193 1069 2246 ut
1089 2191 1200 2247 totum
1219 2184 1307 2248 illud
1329 2184 1486 2248 debitum

249 2292 455 2355 remitteret.
469 2291 551 2370 EoS,
568 2291 627 2371 qui
639 2290 850 2372 juramentis
864 2290 990 2354 crebro
1006 2290 1255 2368 abutebantur,
1273 2290 1319 2354 ad
1333 2308 1486 2371 pravam

252 2399 542 2462 cousuetudinem
568 2396 816 2479 deponendam
840 2405 1043 2477 opportuna
1070 2396 1311 2462 admonitione
1339 2399 1485 2478 impule-

252 2514 345 2581 runt3
361 2515 396 2568 et
414 2522 486 2568 non
506 2504 609 2568 modo
630 2503 821 2568 audiebant
840 2521 955 2585 aequo
974 2504 1093 2567 auimo
1114 2503 1404 2583 admonitionem,
1426 2520 1488 2568 ve·

249 2629 331 2676 rum
345 2620 380 2677 et
394 2611 667 2693 corripientibus
680 2611 817 2691 gratias
832 2609 997 2691 agebant.
1015 2608 1234 2691 Pauperibus
1249 2611 1358 2675 etiam
1378 2611 1413 2673 in
1428 2628 1487 2675 xe·

251 2719 429 2784 nodochio
453 2718 599 2783 Fratres
623 2728 657 2781 et
682 2718 923 2781 inserviebant
947 2726 982 2780 et
1007 2717 1288 2781 consolationem
1307 2718 1489 2798 impende·

253 2826 350 2889 bant.

312 2932 403 2996 2443.
446 2932 669 3013 Episcopus·
683 2932 874 3011 benignum
889 2948 929 2995 se
944 2949 987 2994 ac
1001 2929 1133 2995 nostris
1147 2931 1345 2995 studiosum
1360 2930 1372 2963 ⁸
1387 2949 1487 3012 prae·

178 3072 183 3081 ·
249 3041 380 3121 stabat,
397 3048 432 3103 et
446 3040 577 3119 optime
592 3039 635 3103 de
650 3036 689 3102 P.
706 3038 844 3118 ignatio
860 3056 902 3101 ac
918 3036 1107 3102 Societatis
1121 3039 1281 3102 instituto
1297 3038 1487 3103 sentiebat.

252 3145 468 3210 Benevolum
490 3145 597 3210 etiam
619 3146 776 3209 animum
796 3154 942 3226 praetor
961 3144 1092 3209 uostris
1112 3144 1338 3222 ostendebat,
1361 3154 1489 3209 ettam

252 3255 310 3317 ille
331 3271 438 3333 quam
460 3253 659 3334 Episcopus
680 3250 869 3315 Rectorem
888 3249 900 3280 ⁴
920 3250 1049 3315 obnixe
1070 3252 1258 3331 rogabant.
1281 3262 1330 3331 ut,
1351 3252 1488 3333 siquid

249 3367 466 3437 occurreret,
482 3359 577 3440 quod
592 3359 637 3422 ad
652 3359 812 3439 ipsorum
826 3356 979 3422 officium
993 3358 1170 3437 pertinere
1185 3359 1420 3423 arbitraretur
1439 3358 1486 3422 ad

252 3464 423 3545 majorem
439 3464 506 3529 Dei
520 3465 672 3545 gloriam
686 3473 721 3528 et
735 3482 922 3528 commune
937 3465 1078 3543 bonum,
1096 3465 1194 3545 ipsos
1210 3466 1434 3545 admoneret;
1451 3476 1487 3527 et

252 3573 405 3637 addebat
419 3572 627 3653 Episcopus,
645 3582 683 3635 ut
697 3572 842 3653 perinde
855 3571 891 3635 id
902 3571 1035 3634 faceret
1049 3571 1178 3636 Rector
1193 3572 1342 3653 Collegii
1357 3573 1485 3652 nostri,

254 3688 359 3760 atque
374 3680 404 3743 si
418 3680 494 3760 ipse
509 3679 753 3761 episcopatum
766 3680 866 3742 illum
878 3678 1156 3758 administraret;
1173 3690 1207 3743 et
1222 3690 1386 3758 uterque,
1405 3696 1487 3741 cum

250 3788 372 3868 aliqua
386 3786 565 3867 suggessit
580 3785 784 3867 praedictus
798 3785 941 3863 Rector,
955 3784 994 3849 P.
1010 3785 1317 3865 Bartholomaeus,
1330 3786 1487 3849 libentis·

254 3893 342 3956 sime
358 3894 542 3974 amplexus
557 3903 622 3972 est;
638 3893 749 3956 etalii
764 3894 872 3956 etiam
886 3909 1053 3972 proceres
1065 3890 1139 3971 ejus
1150 3893 1307 3956 civitatis
1318 3892 1424 3957 simili
1436 3892 1486 3957 di-

251 4000 405 4063 lectione
420 4008 562 4063 nostros
577 3999 893 4079 prosequebantur.

314 4106 358 4169 Et
373 4106 462 4170 haec
477 4106 520 4170 de
536 4106 695 4185 Collegio
710 4103 997 4170 salmanticensi.

298 4378 307 4413 ¹
336 4378 381 4423 Ma.
390 4378 511 4434 fructus.

295 4449 306 4482 Ι
333 4448 490 4495 Franclscus
500 4450 633 4505 Maurique
644 4451 675 4495 de
686 4450 765 4503 Lara,
777 4450 850 4505 culus
860 4453 957 4496 mentio
963 4453 1035 4497 iacta
1046 4456 1085 4495 est
1095 4462 1183 4506 snpra,
1195 4458 1215 4495 t.
1226 4466 1252 4505 v,
1262 4462 1323 4506 pag.
1332 4450 1415 4504 5³3.ss-
1425 4449 1492 4504 1⁵17,

253 4521 433 4565 annotaeta.

296 4592 308 4625 ὃ
335 4590 381 4637 Mu.
391 4594 487 4648 repetit
496 4594 591 4638 iterum
602 4604 640 4639 se.

295 4665 308 4697 ⁴
334 4663 401 4709 Erat
412 4664 439 4709 P.
448 4664 665 4711 Bartholomaeus
676 4666 839 4720 Hernaudez,
848 4674 876 4711 ut
887 4667 1036 4712 dictumest
1047 4677 1136 4722 supra.
