3642 5350
343 422 399 483 458
803 424 932 485 Canon.
953 422 1029 483 Soc.
1049 422 1120 496 Jas.

355 584 358 599 ³
408 567 496 631 1971.
541 568 633 633 Inter
661 570 751 633 alios
778 570 876 633 viros
903 570 1041 633 nobiles
1069 586 1151 631 cum
1175 566 1315 658 quibus,
1336 568 1508 632 derebus
1529 568 1579 632 ad

345 673 461 738 Deum
476 677 743 755 pertinentibus
760 678 891 756 agebat
909 675 947 740 Ρ.
970 675 1231 756 Ribadeneyra3
1247 693 1339 738 unus
1354 685 1432 739 erat
1454 673 1575 738 Domi·

345 798 413 845 nus
434 780 681 847 Ferdinandns
706 783 749 847 de
769 783 885 864 Vega,
912 782 1093 863 Pro-regis
1113 782 1256 847 Siciliae
1271 781 1393 859 stater,
1414 782 1576 862 quicum

347 886 520 968 Reginam
535 892 775 968 comitaretur,
796 908 888 954 unus
908 908 954 954 ex
972 890 1092 968 mulis,
1108 891 1168 970 qui
1183 888 1260 970 ejus
1274 890 1438 953 lecticam
1453 889 1577 969 depor-

345 996 484 1071 tabant,
502 996 646 1061 incusso
667 1001 776 1075 calce,
794 1014 876 1061 crus
891 995 967 1075 ejus
982 996 1168 1061 dexterum
1188 996 1427 1075 confregerat;
1444 1004 1479 1058 et
1492 996 1577 1075 quia

346 1118 477 1181 magna
493 1103 710 1167 afficiebatur
726 1106 970 1168 consolatione
985 1121 1030 1167 ex
1045 1104 1220 1184 colloquio
1236 1102 1274 1165 P.
1291 1101 1576 1182 Ribadeneyrae,

346 1218 381 1272 et
394 1226 475 1273 eum
490 1221 683 1290 rogaverat
698 1222 736 1275 ut
748 1228 787 1274 se
802 1212 928 1274 crebro
942 1210 1124 1289 inviseret,
1141 1210 1201 1273 diu
1217 1220 1395 1291 noctuque
1407 1226 1514 1288 saepe
1527 1209 1578 1271 illi

346 1315 472 1379 adesse
492 1316 629 1381 debuit:
651 1317 841 1398 aliquando
856 1328 976 1382 tamen
995 1319 1032 1382 in
1051 1318 1183 1381 sacello
1204 1317 1387 1397 praedicto
1407 1333 1489 1379 cum
1507 1315 1577 1378 fru·

346 1432 405 1484 ctu
421 1423 712 1488 concionabatur.
1567 1446 1569 1449 ·

410 1528 498 1593 1972.
540 1528 699 1595 Nuncius
725 1530 861 1596 Summi
880 1530 1077 1608 Pontifici5‚
1108 1532 1296 1595 occasione
1311 1532 1356 1594 ab
1379 1531 1458 1612 ipso
1476 1529 1577 1609 Rege

347 1637 514 1717 data,qui
526 1638 570 1701 de
580 1638 686 1702 rebus
698 1640 742 1702 ad
754 1636 829 1719 ejus
839 1639 998 1719 regionis
1008 1639 1297 1703 reformationem
1307 1638 1577 1719 pertinentibus,

347 1761 428 1807 cum
443 1762 485 1807 eo
500 1746 642 1825 agebat,
657 1747 840 1826 negotium
854 1758 1058 1811 nostrornm
1074 1747 1304 1831 collegiorum
1319 1746 1387 1828 ipsi
1401 1761 1578 1808 commen·
1631 1760 1642 1781 ·

347 1851 457 1914 davit.
484 1850 636 1917 Pacifice
665 1854 773 1923 etiam
795 1862 878 1918 tunc
904 1852 1068 1918 Pontifex
1089 1871 1170 1918 cum
1192 1852 1290 1933 Rege
1310 1852 1473 1933 Philippo
1494 1866 1578 1931 age·

347 1960 424 2035 bat;
445 1968 580 2023 etcum
600 1960 857 2041 intelligeretur
877 1960 915 2025 P.
931 1960 1177 2025 Salmeronem
1197 1978 1278 2024 cum
1298 1960 1435 2039 Legato
1452 1959 1498 2022 ad
1520 1975 1579 2023 cu·

347 2065 437 2128 riam
453 2060 653 2145 venturum,
669 2082 801 2147 magna
815 2068 951 2131 laetitia
967 2084 1135 2148 proceres
1150 2068 1200 2131 illi
1216 2063 1579 2144 afficiebantur.·Quia

313 2178 316 2183 “
348 2179 467 2234 tamen
487 2173 586 2236 multi
610 2174 765 2237 incuria
792 2175 851 2237 illa
878 2175 1071 2239 obscurare
1086 2175 1249 2238 veritatis
1272 2176 1400 2251 lucem,
1422 2173 1518 2253 quod
1532 2172 1580 2235 ad

349 2276 562 2343 Societatem
587 2281 722 2361 attinet,
750 2282 973 2360 nitebantur,
998 2282 1194 2345 subsidium
1219 2299 1264 2345 ex
1289 2281 1463 2361 Hispania
1487 2278 1580 2342 mitti

350 2381 388 2447 Ρ.
410 2384 659 2469 Ribadeneyra
677 2390 833 2469 optabat.
854 2387 946 2468 Quia
965 2399 1084 2451 tamen
1102 2388 1220 2452 Patris
1239 2386 1358 2452 Araoz
1377 2387 1579 2468 praesentia

349 2491 386 2555 in
406 2492 579 2575 Hispania
599 2494 703 2559 valde
724 2496 929 2559 necessaria
948 2512 1027 2558 esse
1046 2494 1241 2575 dicebatur,
1261 2512 1332 2558 non
1352 2495 1427 2557 sine
1446 2510 1579 2572 magna

351 2600 540 2664 occasione
554 2600 635 2665 inde
650 2601 872 2666 educendum
887 2602 993 2665 amici
1005 2602 1208 2666 censebant:
1219 2602 1334 2665 minus
1345 2612 1464 2664 autem
1475 2616 1578 2679 urge·

351 2707 412 2769 bat
440 2708 623 2788 negotium
651 2709 877 2774 admissionis
905 2720 1049 2772 nostrae
1078 2707 1278 2788 Societatis,
1309 2718 1347 2772 ut
1374 2715 1581 2788 expectaret

352 2812 389 2876 Ρ.
407 2814 536 2893 Ignatii
550 2832 771 2896 responsum,
788 2816 883 2896 qnod
898 2814 943 2878 ad
959 2815 1179 2879 conditiones
1195 2815 1331 2894 attinet,
1349 2813 1358 2846 ¹
1373 2828 1408 2878 et
1423 2824 1460 2878 ut
1475 2831 1578 2893 expe·

351 2930 510 2990 ctaretur
521 2920 680 3000 Reginae
696 2923 887 2986 Bohemiae
899 2921 1086 3001 adventuS,
1101 2939 1191 3002 qnae
1203 2923 1352 2985 multum
1363 2921 1486 2985 auxilii
1497 2920 1582 2983 huic

284 3069 291 3085 .
351 3029 497 3106 negotio
513 3030 664 3092 allatura
680 3029 878 3093 videbatur.

416 3133 504 3196 1973.
548 3135 629 3199 Fuit
645 3137 752 3199 etiam
767 3137 864 3200 circa
883 3137 919 3200 id
938 3145 1078 3216 tempus
1098 3139 1277 3202 intellecta
1297 3154 1419 3216 causa,
1435 3153 1499 3199 cur
1517 3134 1584 3197 Pa·

353 3248 425 3302 tres
441 3243 574 3305 ordinis
589 3241 649 3306 S.tl
668 3241 697 3306 F
700 3244 854 3308 rancisci
872 3245 1063 3323 collegium
1082 3244 1271 3310 Societatis
1289 3245 1366 3308 fieri
1379 3243 1583 3322 Hierosoly·

355 3348 423 3410 mis
446 3361 665 3414 recusarent.
693 3351 879 3416 Timebant
899 3353 1009 3433 enim,
1031 3366 1092 3416 aut
1112 3365 1208 3417 certe
1227 3353 1292 3416 sub
1307 3351 1445 3416 timoris
1464 3352 1584 3413 colore

355 3469 432 3518 rem
443 3457 656 3534 tractabant,
671 3475 714 3522 ne
727 3475 749 3520 a
761 3461 893 3524 nostris
906 3458 981 3541 [illi]
993 3459 1252 3540 Hierosolymis
1263 3459 1534 3539 expellerentur,
1547 3463 1584 3518 et

355 3580 398 3625 eo
413 3580 471 3626 res
485 3581 677 3644 progressa
692 3577 780 3644 erat,
798 3577 835 3629 ut
851 3567 979 3647 aliquis
994 3587 1039 3631 ex
1053 3567 1226 3630 ministris
1244 3565 1365 3646 RegiS,
1386 3576 1421 3629 et
1440 3562 1582 3645 quidem

243 3669 246 3675 '
355 3669 423 3751 ipsi
438 3669 645 3750 conjunctus
657 3671 679 3749 ¹,
694 3673 828 3736 diceret
843 3672 972 3738 Comiti
985 3673 1122 3753 Feriae,
1136 3674 1242 3754 quod,
1255 3673 1415 3736 instituto
1430 3669 1584 3749 collegio

357 3774 547 3841 Societatis
565 3790 709 3842 nostrae
727 3779 1003 3860 Hierosolymis,
1025 3780 1191 3845 monachi
1217 3779 1276 3844 S.tl
1299 3778 1496 3857 Francisci,
1522 3776 1582 3858 qui

357 3884 473 3947 sancti
488 3883 673 3965 Sepulchri
687 3903 810 3949 curam
828 3880 1308 3968 habebant,'dissipabantur.

420 3990 507 4054 1974.
552 3991 597 4055 Ut
613 4002 731 4055 autem
750 3991 951 4072 hujusmodi
970 3994 1230 4075 suspicionibus
1250 4003 1284 4057 et
1303 3993 1404 4056 salsis
1418 3991 1586 4056 informa·

358 4097 512 4161 tionibus
536 4099 663 4162 ostium
688 4100 907 4178 occluderet,
935 4101 1047 4165 adivit
1072 4101 1109 4165 P.
1136 4100 1387 4181 Ribadeneyra
1413 4099 1588 4164 Comitem

359 4203 564 4284 Ruigomez,
574 4206 649 4269 etei
661 4206 877 4286 significavit
888 4208 1067 4289 quomodo
1079 4207 1117 4272 P.
1131 4209 1290 4287 ignatius
1301 4208 1424 4271 favere
1433 4206 1590 4271 Domino

402 4446 411 4479 ¹
438 4445 467 4490 ld
478 4452 525 4500 est,
537 4447 692 4500 sperandum
702 4457 751 4490 non
762 4452 819 4490 erat
831 4447 859 4491 P.
870 4447 967 4500 Ignatii
975 4459 1133 4503 responsum,
1142 4448 1185 4502 qut
1193 4448 1352 4492 conditiones
1361 4447 1421 4492 illas
1428 4447 1591 4499 admitteret,

358 4521 390 4564 da
399 4519 490 4574 qulbus
499 4529 587 4572 supra,
598 4531 621 4563 n.
633 4517 685 4562 1959
695 4527 720 4560 et
734 4518 796 4570 l9t9;
807 4530 839 4562 ex
850 4521 902 4563 alia
913 4527 1001 4563 autem
1016 4528 1100 4575 parte,
1115 4521 1304 4574 expectabatur
1319 4518 1434 4572 Reginae
1451 4517 1590 4562 Bohemiae

358 4590 494 4645 adrentus,
505 4597 554 4634 etc.

397 4661 410 4696 ¹
435 4661 650 4718 Moronjunctts.
