3642 5350
803 382 867 446 Au.
890 382 960 447 1556
1017 394 1019 397 ⁴
1444 380 1495 446 351

267 528 386 596 siones
409 546 562 612 magnae
584 532 745 597 utilitatis
765 532 904 614 populis
924 547 1014 610 esse;
1030 533 1162 597 bonum
1182 532 1290 597 etiam
1309 531 1497 597 Societatis

267 637 412 703 odorem
437 647 563 703 contra
588 640 784 704 calumnias
807 647 842 703 et
865 638 1051 703 mendacia
1073 638 1335 705 haereticorum
1353 655 1499 721 sparge·

267 746 363 826 bant;
379 762 462 810 nam
476 746 661 827 modestia,
677 747 835 811 charitas
849 756 885 809 et
899 746 1055 811 studium
1069 744 1113 810 de
1127 747 1300 827 proximis
1314 747 1403 812 bene
1425 764 1498 812 me·

267 852 379 932 rendi,
396 854 512 917 nullas
526 854 696 934 pecunias
706 851 924 918 admittendo
935 871 1000 934 pro
1013 855 1087 918 suis
1100 855 1291 934 laboribus,
1306 854 1404 919 lacto
1415 854 1493 937 ipso
1554 922 1560 933 ,

268 960 465 1024 calumnias
480 960 768 1026 adversariorum
787 960 1028 1025 confutabant.

330 1066 417 1131 1454.
461 1067 574 1132 Erant
588 1069 624 1133 in
636 1068 829 1133 Viennensi
845 1068 1018 1149 Collegio,
1031 1078 1112 1149 post
1126 1070 1355 1151 pragensium
1366 1070 1496 1135 disces·

268 1191 346 1239 sum
369 1184 403 1239 et
422 1192 555 1257 eorum,
573 1176 634 1257 qui
652 1176 689 1240 in
708 1176 912 1240 inferiorem
927 1174 1157 1240 Germaniam
1178 1185 1212 1241 et
1227 1175 1378 1241 Romam
1398 1178 1498 1243 missi

267 1281 420 1363 fuerant,
437 1283 585 1363 triginta
597 1294 670 1347 tres
685 1285 899 1363 nonagintas,
916 1302 962 1347 ex
976 1283 1104 1364 quibus
1117 1283 1272 1366 quinque
1286 1284 1496 1349 sacerdotes

269 1398 381 1471 erant,
408 1389 536 1472 reliqui
560 1407 692 1469 magna
714 1408 760 1455 ex
779 1399 880 1471 parte
902 1390 1039 1469 novitii;
1059 1391 1224 1470 quamvis
1243 1410 1288 1456 ex
1313 1391 1393 1472 iuis,
1414 1400 1496 1457 octo

268 1496 470 1561 rhetoricae
485 1513 528 1560 ac
544 1497 649 1561 simul
664 1497 872 1561 dialecticae
888 1514 1034 1578 operam
1048 1497 1193 1562 dabant.

330 1603 418 1668 1455.
463 1604 645 1669 classibus
661 1614 852 1686 praeerant
862 1604 960 1685 Mag.
972 1603 1161 1685 Rogerius,
1173 1605 1385 1670 Dominicus
1398 1606 1498 1671 Man·

268 1712 374 1791 ginus
402 1721 436 1776 et
466 1710 662 1776 Gulielmus
687 1711 931 1786 Helderensis,
956 1721 1098 1793 praeter
1123 1712 1244 1790 alium,
1265 1713 1327 1793 qui
1345 1723 1495 1795 quartae

269 1820 375 1883 classi
393 1829 568 1901 praeerat.
598 1818 752 1900 Optabat
775 1830 894 1883 autem
913 1818 951 1883 Ρ.
973 1818 1143 1900 Erardus‚
1170 1829 1255 1884 tunc
1279 1821 1495 1885 novitiorum
1604 1821 1609 1831 ‘

268 1926 480 2006 praefectus,
496 1937 534 1991 ut
550 1927 658 2007 aliqui
672 1944 718 1989 ex
732 1927 800 1989 illis
815 1927 1067 2007 praeclarioris
1081 1925 1210 1991 indolis
1221 1926 1372 1992 Romam
1386 1929 1498 1993 mitte·

269 2041 402 2111 rentur,
418 2034 506 2097 utin
521 2033 638 2114 rebuS,
656 2034 701 2097 ad
720 2032 924 2097 Instituturn
937 2031 1125 2098 Societatis
1140 2034 1409 2116 pertinentibus,
1428 2053 1497 2100 me·

273 2139 340 2204 lius
353 2141 622 2206 instruerentur.
1511 2132 1524 2149 ⁸

331 2247 419 2313 1456.
463 2247 535 2313 Sub
549 2247 655 2313 finem
668 2249 764 2332 Junii
780 2264 860 2312 cum
874 2246 952 2311 Rex
966 2248 1157 2312 Bohemiae
1169 2258 1204 2313 et
1219 2248 1356 2330 Regina
1371 2249 1498 2328 Maria,

271 2354 345 2436 eJ'us
366 2374 473 2436 uxor,
495 2356 541 2419 ad
560 2356 813 2437 Imperatorem
831 2354 1058 2447 invisendum
1076 2355 1113 2419 in
1132 2355 1336 2421 inferiorem
1354 2355 1500 2421 Germa·

269 2464 367 2528 niam
380 2463 701 2545 proficiscerentur,
715 2462 820 2527 valde
831 2463 1037 2527 imminutus
1049 2472 1102 2527 est
1113 2480 1237 2528 eorum
1247 2481 1427 2544 numeruS,
1440 2465 1500 2547 qui
1604 2545 1606 2548 Ι

271 2570 317 2635 ad
336 2572 505 2652 templum
525 2580 687 2635 nostrum
706 2567 936 2650 accedebant,
960 2570 1085 2651 donec,
1101 2570 1272 2636 redeunte
1291 2570 1443 2651 Regina,
1465 2582 1500 2635 et

271 2681 451 2744 auditores
465 2679 658 2744 redierunt.
703 2737 706 2746 ,

333 2787 421 2851 1457.
465 2787 504 2852 Ρ.
524 2786 694 2852 Nicolaus
714 2786 922 2867 Gaudanus,
948 2788 1008 2869 qui
1027 2787 1256 2853 avidissimus
1278 2797 1357 2852 erat
1376 2805 1500 2870 opera·

270 2895 344 2959 rius
364 2895 500 2975 copiosi
520 2895 658 2959 fructus
678 2894 887 2973 animarum,
909 2912 991 2959 cum
1012 2894 1149 2961 videret
1168 2896 1380 2961 concionum
1401 2905 1435 2960 et
1454 2897 1500 2960 le·

270 3004 430 3068 ctionum
448 3003 627 3067 laboribus
651 3003 820 3082 exiguum
839 3001 1005 3083 fructum,
1021 3012 1127 3084 prout
1145 3004 1221 3085 ipse
1242 3003 1428 3084 sentiebat,
1448 3021 1500 3067 re·

270 3112 455 3193 spondere,
478 3111 597 3174 animo
619 3109 846 3173 cruciabatur
867 3118 902 3173 et
923 3111 1155 3174 mutationem
1176 3111 1213 3174 in
1235 3111 1341 3174 aliam
1363 3121 1501 3192 partem

270 3219 398 3283 vineae
412 3216 557 3283 Domini
576 3217 752 3300 cupiebat;
767 3217 944 3298 quamvis,
961 3217 1083 3281 habita
1105 3219 1244 3281 ratione
1263 3217 1393 3281 sterilis
1408 3217 1502 3282 illius

271 3327 429 3408 regionis
462 3325 765 3407 septentrionalis,
794 3341 866 3388 non
900 3325 1149 3405 poenitendum
1179 3325 1336 3389 fructum
1367 3324 1500 3406 colligi,

271 3435 377 3499 etiam
391 3433 429 3499 P.
446 3433 644 3512 Salmeron,
660 3449 708 3496 ex
721 3430 868 3495 Polonia
882 3431 1035 3512 redienS,
1049 3429 1244 3511 judicabat.

333 3539 420 3605 1458.
463 3539 503 3605 Ρ.
533 3540 698 3604 Canisius
726 3538 790 3602 sub
818 3537 923 3602 finem
956 3539 1040 3602 anni
1073 3539 1256 3619 praeteriti
1290 3538 1501 3620 ingolstadii

272 3650 387 3714 adhuc
401 3648 624 3727 versabatur,
637 3655 672 3710 et
683 3646 827 3726 negotio
840 3646 1104 3710 reformationis
1114 3646 1407 3726 ingolstadiensis
1417 3646 1502 3712 Uni·

272 3757 451 3822 versitatis
476 3765 511 3820 et
532 3755 681 3836 Collegii
705 3754 834 3817 ibidem
859 3754 1065 3817 instituendi
1089 3755 1255 3818 vacabat.
1279 3754 1323 3818 Et
1346 3755 1396 3818 ita
1420 3772 1501 3819 cum

270 3864 456 3929 inteream
477 3873 512 3926 et
530 3862 668 3926 Ducem
686 3861 863 3924 Bavariae
883 3878 926 3924 ac
949 3860 1133 3925 ministros
1156 3859 1234 3941 ejus
1259 3862 1500 3941 convenisset,

271 3971 431 4051 Romam,
446 3978 486 4034 ut
505 3969 668 4050 superius
686 3968 840 4032 diximus
857 3967 877 4048 ¹,
894 3967 1067 4048 scriptum
1084 3967 1162 4046 suit,
1183 3969 1277 4033 unde
1291 3966 1418 4033 Patres
1441 3970 1503 4033 aii·

271 4078 330 4160 qui
343 4076 531 4143 Societatis
545 4093 682 4140 summo
705 4074 880 4139 desiderio
900 4093 922 4138 a
942 4075 1044 4138 bonis
1066 4075 1276 4156 quibusdam
1291 4076 1502 4156 expeteban-

269 4196 338 4263 tur,
353 4195 392 4249 ut
406 4182 625 4249 Secretarius
647 4182 758 4247 Ducis
778 4183 833 4263 pie
854 4182 1045 4246 admodum
1059 4183 1214 4263 scripsit,
1231 4191 1270 4246 ut
1285 4182 1432 4260 scilicet,
1448 4200 1502 4246 re·

270 4292 399 4374 liquias
423 4291 581 4373 abjectas
607 4292 642 4354 in
668 4290 846 4354 catholica
869 4289 1042 4368 religione
1064 4291 1347 4370 consolarentur,
1374 4289 1500 4354 dubios

272 4398 533 4479 confirmarent,
555 4401 676 4479 lapsos
700 4397 890 4478 erigerent,
913 4406 1074 4461 errantes
1098 4395 1319 4478 reducerent,
1344 4396 1502 4479 perditos

315 4644 322 4676 ¹
351 4641 444 4699 snpra,
454 4653 514 4698 pag.
523 4642 558 4696 25,
569 4647 660 4700 etseq.
671 4653 687 4686 a
696 4650 721 4687 n.
731 4640 765 4685 66.
