3642 5350
368 432 422 493 816
826 432 953 497 emon.
973 431 1051 495 Soc.
1070 434 1139 509 Jas

368 578 563 660 Figaredo,
580 580 639 662 qui
654 598 699 644 ex
712 579 882 646 fratribus
896 581 997 645 laicis
1012 590 1100 662 erat,
1116 598 1178 646 eos
1192 596 1276 648 cum
1289 598 1423 664 magna
1437 585 1597 650 consola-

368 689 465 754 tione
481 688 718 769 baptizarunt,
734 688 795 771 qui
809 688 1022 753 sufficienter
1036 689 1201 755 instructi
1216 700 1329 755 erant.

426 794 518 860 3494.
560 796 691 871 Nostri.
709 797 768 879 qui
783 797 851 861 illis
864 798 902 861 in
916 798 1005 861 locis
1018 799 1266 877 versabantur,
1280 808 1421 879 praeter
1433 800 1550 865 victus
1560 807 1596 865 et

367 904 438 969 alia
452 902 652 983 hujusmodi
666 904 910 975 incommoda.
927 906 964 969 in
977 906 1119 985 magnis
1132 895 1300 988 periculis
1313 906 1443 973 ‘mortis
1464 917 1500 973 et
1518 907 1594 973 iere

366 1012 543 1077 continuis
558 1013 813 1093 versabantur;
833 1021 868 1076 et
886 1014 917 1078 si
936 1013 1094 1095 pericula
1113 1012 1327 1093 evadebant,
1348 1016 1594 1096 providentiae

364 1120 433 1185 Dei
447 1120 574 1185 merito
590 1119 853 1201 adscribebant,
870 1122 930 1201 qui
944 1122 1116 1202 pauculos
1137 1121 1322 1203 operarios
1335 1121 1382 1186 ad
1403 1125 1594 1188 multarum

367 1228 566 1298 animarum
581 1228 753 1292 auxilium
767 1229 1018 1294 conservabat.

424 1335 516 1400 3495.
558 1334 636 1400 Rex
656 1334 786 1415 Gilioli,
807 1352 887 1400 cum
908 1335 1039 1400 bellum
1058 1336 1231 1400 adversus
1250 1336 1425 1402 lusitanos
1438 1347 1593 1418 gereret,

364 1444 404 1509 P.
419 1444 593 1528 Joannem
606 1442 650 1507 de
667 1441 775 1507 Veira
790 1459 871 1508 cum
885 1442 996 1507 fratre
1010 1442 1157 1508 Nicolao
1172 1442 1340 1524 Nugnez,
1361 1446 1422 1526 qui
1440 1444 1594 1510 fructum

363 1570 435 1617 non
459 1550 711 1635 poenitendum
736 1553 828 1615 inter
851 1550 1066 1615 christianos
1083 1550 1162 1615 illos
1184 1552 1388 1633 capiebant,
1410 1570 1540 1635 capere
1558 1561 1595 1617 et

363 1659 527 1725 occidere
538 1658 727 1739 diligenter
738 1658 890 1739 curavit;
904 1658 967 1723 sed
978 1659 1015 1722 in
1026 1659 1158 1739 exigua
1169 1659 1315 1741 scapha,
1329 1660 1397 1724 illis
1407 1676 1591 1741 concessa,

363 1775 567 1847 evaserunt;
583 1766 646 1832 sed
660 1768 766 1848 paulo
778 1777 858 1848 post
868 1766 1058 1832 redeuntes
1069 1768 1114 1832 ad
1125 1785 1229 1833 suam
1239 1768 1382 1833 vineam
1393 1769 1589 1848 colendam

362 1892 432 1941 non
446 1875 562 1939 solum
575 1874 644 1955 ipsi
658 1874 923 1955 persecutiones
942 1892 986 1939 ac
1005 1875 1145 1939 labores
1163 1876 1406 1957 patiebantur,
1428 1876 1492 1940 sed
1510 1893 1590 1941 cum

357 1998 494 2063 magno
520 1982 654 2046 doloris
677 1999 785 2046 sensu
812 1999 934 2046 coram
958 1984 1034 2046 suis
1057 1983 1169 2047 oculis
1194 1983 1412 2049 christianos
1430 1983 1545 2048 occidi
1568 2002 1590 2048 a

363 2090 546 2156 saracenis
559 2088 743 2167 videbant,
765 2089 824 2170 qul
839 2106 978 2153 summa
993 2089 1174 2172 impietate
1188 2090 1366 2155 interdum
1386 2091 1588 2171 infantulos,

362 2216 384 2263 a
399 2206 552 2265 matrum
568 2193 672 2278 [sinu]
689 2196 901 2277 abstractos,
914 2197 1108 2279 parietibus
1121 2206 1155 2262 et
1166 2199 1265 2264 saxis
1275 2197 1471 2279 illidebant,
1484 2207 1519 2263 et
1529 2216 1591 2263 eos

360 2304 582 2382 lacerabant3
598 2321 679 2368 cum
694 2312 827 2368 matres
842 2303 938 2368 aliud
952 2305 1047 2387 quod
1060 2304 1220 2372 facerent
1233 2324 1306 2371 non
1321 2306 1503 2387 haberent,
1522 2306 1590 2370 nisi

362 2429 442 2477 cum
456 2411 597 2476 fletibus
610 2420 644 2476 et
658 2412 873 2477 clamoribus
891 2412 1052 2478 divinum
1066 2414 1237 2479 auxilium
1251 2415 1455 2495 implorare.

419 2519 511 2585 3496.
555 2518 840 2584 Consolationem
854 2530 975 2585 tamen
989 2521 1083 2586 inter
1096 2523 1186 2587 haec
1197 2523 1291 2586 mala
1302 2523 1434 2587 nostris
1444 2523 1589 2604 praebe·

361 2631 422 2696 bat
441 2626 643 2694 constantia
663 2627 950 2710 christianorum,
967 2631 1130 2712 quodque
1151 2630 1241 2696 haec
1262 2639 1337 2696 tam
1358 2631 1488 2696 acerba
1510 2648 1586 2713 pro

360 2748 438 2821 pter
453 2735 586 2802 Christi
600 2735 704 2800 fidem
718 2745 935 2817 paterentur.

418 2843 509 2910 3497.
553 2842 641 2908 Cum
657 2853 775 2908 autem
790 2843 827 2909 P.
845 2843 955 2910 Veira
969 2847 1174 2928 praedictus
1185 2844 1389 2911 Maluchum
1407 2864 1453 2910 ex
1467 2846 1523 2912 his
1537 2847 1585 2911 in·

359 2955 446 3018 sulis
465 2952 580 3017 Mauri
599 2953 768 3032 venisset,
788 2963 827 3016 ut
846 2952 893 3017 ad
907 2953 1125 3035 praefectum
1146 2954 1242 3018 arcis
1262 2953 1497 3018 lusitanorum
1518 2954 1585 3018 has

360 3060 593 3141 calamitates
606 3077 695 3141 quas
707 3060 892 3125 christiani
903 3079 925 3124 a
936 3061 1119 3126 saracenis
1128 3061 1302 3132 serebant.
1315 3060 1475 3141 referret;
1485 3069 1540 3125 ter
1548 3059 1585 3125 in

358 3170 426 3234 hoc
440 3169 518 3250 ipso
532 3167 658 3233 itinere
673 3185 694 3231 a
711 3167 766 3232 via
783 3168 977 3249 aberravit;
993 3178 1028 3233 et
1042 3168 1156 3250 primo
1171 3169 1313 3250 quidem
1324 3176 1467 3250 praeter
1477 3169 1586 3233 libros

358 3278 467 3342 etiam
482 3284 617 3340 vestem
632 3276 747 3358 ipsam
761 3275 889 3340 amisit.
906 3275 1039 3341 Ultimo
1056 3285 1175 3341 autem
1189 3276 1226 3340 in
1237 3278 1389 3341 classem
1403 3275 1514 3358 Regis
1528 3275 1585 3341 Gi·

360 3384 432 3448 lioli
451 3383 591 3463 incidit,
607 3383 666 3464 qui
681 3385 797 3464 ipsum
811 3383 917 3463 gravi
931 3382 1013 3448 odio
1032 3384 1328 3465 prosequebatur;
1345 3382 1407 3448 sed
1423 3381 1501 3448 Deo
1514 3384 1587 3465 pla·

360 3492 445 3571 cuit,
460 3509 505 3555 ne
520 3490 564 3556 ab
577 3491 653 3572 ipso
665 3490 856 3555 videretur:
870 3491 1022 3556 necdum
1033 3491 1128 3555 enim
1137 3491 1228 3555 hora
1239 3491 1404 3572 martyrii
1414 3490 1586 3556 subeundi

358 3608 572 3664 accesserat.

418 3704 510 3772 3498.
553 3706 696 3771 Accidit
709 3707 816 3771 etiam
831 3705 1022 3788 aliquando
1035 3714 1086 3785 ut,
1102 3723 1184 3771 cum
1198 3706 1292 3772 idem
1302 3707 1408 3772 Pater
1423 3707 1532 3789 quieti
1546 3725 1585 3772 se

358 3816 445 3881 dare
459 3816 577 3894 vellet,
593 3832 659 3878 nec
675 3823 794 3879 tamen
809 3814 962 3879 dormire
976 3826 1107 3896 posset,
1123 3815 1261 3879 videret
1276 3815 1382 3897 quod,
1394 3816 1454 3897 qui
1468 3816 1584 3897 ipsum

360 3923 631 4001 comitabantur,
652 3921 696 3986 de
716 3920 839 3986 eodem
861 3921 1055 3986 occidendo
1081 3922 1247 4002 agebant,
1274 3932 1309 3987 et
1333 3922 1379 3986 ad
1403 3941 1466 3988 eos
1486 3939 1583 4005 egre-

358 4031 471 4111 diens,
488 4038 523 4094 et
537 4028 620 4111 quid
634 4029 671 4093 in
685 4045 794 4093 causa
809 4038 902 4093 esset
914 4029 1153 4109 interrogans,
1167 4046 1231 4092 cur
1246 4029 1407 4095 homines
1421 4039 1495 4095 tam
1509 4048 1586 4111 per·

357 4139 493 4206 turbati
512 4136 727 4216 incederent;
749 4136 809 4201 ubi
836 4153 875 4200 se
900 4136 1140 4218 deprehensos
1164 4135 1297 4216 vident,
1323 4138 1456 4202 turbati
1479 4138 1586 4203 etiam

358 4253 451 4326 sunt,
468 4263 534 4309 nec
550 4244 633 4327 quid
648 4245 764 4309 acturi
778 4251 897 4308 essent
911 4244 1183 4308 constituebant.
1201 4242 1272 4308 Sed
1290 4244 1429 4326 ipsimet
1445 4245 1587 4328 quibus·

357 4352 440 4417 dam
455 4353 618 4417 lusitanis
631 4351 785 4417 confessi
800 4360 893 4432 sunt,
910 4351 1005 4433 quod
1019 4369 1041 4415 a
1055 4351 1154 4432 Rege
1164 4350 1310 4417 Ternati
1320 4352 1421 4417 missi
1431 4352 1584 4434 fuerant,

356 4471 395 4526 ut
421 4461 536 4543 ipsum
563 4461 779 4540 occiderent,
805 4469 840 4524 et
864 4459 958 4541 quod
979 4459 1119 4524 executi
1142 4458 1178 4524 id
1199 4476 1271 4525 non
1290 4458 1442 4541 inerant,
1466 4464 1586 4545 plures

361 4587 467 4651 quarn
482 4569 667 4650 octoginta
682 4569 853 4649 castigari
866 4577 902 4632 et
918 4567 1032 4632 occidi
1044 4566 1159 4648 jussit.

417 4677 507 4742 3499.
550 4676 718 4742 Nicolaus
737 4677 843 4740 etiam
858 4675 1017 4757 Nugnez‚
1033 4692 1113 4740 cum
1133 4675 1179 4740 ad
1197 4675 1411 4742 christianos
1430 4679 1580 4744 invisen-
