3642 5350
723 424 783 483 An.
804 422 875 484 1556
1187 418 1192 425 ’
1363 425 1419 486 797

186 569 280 635 loliis
293 570 503 652 palmarum,
516 567 617 651 juxta
632 570 749 651 gentis
762 570 856 636 illius
872 570 1176 653 consuetudinem,
1197 581 1293 637 tecta
1308 581 1413 639 esset.

187 675 381 743 Dubitabat
400 686 519 742 tamen
539 677 745 760 aliquando,
766 695 811 743 ne
831 696 920 762 opus
938 678 1020 760 boc,
1041 680 1135 761 quod
1157 679 1415 746 conficiendum

188 793 390 865 curaverat,
401 784 481 850 ideo
492 794 722 866 everteretur,
735 786 829 868 quod
840 785 886 850 ad
897 786 1042 869 abquod
1054 787 1148 852 arcis
1158 785 1416 869 praeiudicium

189 894 249 959 illo
268 894 305 957 in
323 894 393 959 situ
411 892 531 959 facere
552 894 744 959 videretur.
767 894 811 959 Et
830 894 880 959 ita
899 895 1009 977 aliqui
1031 894 1105 976 jam
1126 895 1417 976 significaverant

190 1000 335 1067 domum
349 1000 558 1066 diruendam
571 1002 639 1067 sibi
653 1001 778 1082 videri,
796 1001 886 1083 aliis,
899 1002 988 1067 satis
1003 1018 1082 1067 esse
1096 1021 1168 1067 non
1182 1004 1289 1069 altius
1300 1004 1418 1070 aedifi·

191 1108 284 1173 cium
302 1108 551 1190 attollendum
572 1118 607 1173 et
621 1109 672 1174 ita
686 1126 775 1191 opus
793 1108 861 1175 boc
880 1118 1013 1174 tectum
1032 1111 1171 1191 palmis,
1193 1120 1231 1175 ut
1249 1111 1416 1192 diximus,

192 1232 263 1280 non
278 1216 529 1281 absolvebatur
542 1233 550 1298 ;
565 1215 629 1281 sed
643 1226 847 1281 nostrorum
862 1216 984 1281 usibus
999 1216 1049 1282 ita
1063 1218 1290 1284 deserviebat
1305 1216 1326 1282 ¹.

249 1322 342 1389 3420.
386 1323 626 1390 Constituerat
645 1334 764 1390 autem
784 1324 862 1389 Rex
883 1334 1062 1389 trecentos
1080 1326 1269 1407 sexaginta
1291 1344 1419 1392 aureos

192 1432 342 1512 singulis
366 1432 470 1497 annis
496 1431 579 1496 huic
607 1431 794 1511 collegiolo
822 1429 919 1513 dari,
945 1431 1007 1496 sed
1035 1431 1187 1497 ministri
1212 1433 1321 1515 Regis
1343 1451 1420 1500 rem

193 1538 348 1605 nondum
369 1540 607 1619 stabilierant,
628 1548 662 1605 et
683 1540 733 1603 ita
753 1556 831 1604 sese
850 1556 909 1603 res
932 1538 1081 1605 Cochini
1106 1549 1141 1605 et
1161 1539 1335 1606 Chaulani
1360 1541 1421 1607 ha·

193 1648 333 1713 bebant.

388 2078 454 2144 DE
478 2077 671 2145 NOSTRIS
698 2076 746 2143 IN
771 2077 940 2144 CAPlTE
967 2078 1231 2147 CHOMURINI

478 2368 524 2415 ET
537 2368 631 2415 APUD
645 2362 726 2415 ΞΜ
740 2368 888 2417 ΤΗΟΜΑΜ
901 2368 1154 2417 Rusmsltrrssus

258 2621 350 2688 3421.
392 2620 431 2687 ln
446 2622 625 2688 maritima
639 2639 703 2688 ora
719 2620 939 2703 Chomurini,
956 2639 1063 2705 quarn
1078 2621 1317 2703 Peschariam,
1331 2640 1354 2689 a
1367 2640 1427 2705 ge·

200 2733 375 2797 mularum
393 2731 605 2814 piscatione,
630 2739 777 2810 vocant,
799 2729 838 2794 Ρ.
863 2730 1042 2796 Henricus
1055 2731 1231 2812 Euriquez
1250 2749 1331 2796 cum
1357 2733 1428 2797 alio

201 2840 396 2917 sacerdote,
414 2838 519 2903 Patre
533 2838 669 2903 scilicet
684 2837 821 2902 Didaco
836 2837 879 2903 de
891 2836 1051 2917 Soveral,
1064 2849 1099 2902 et
1109 2837 1248 2903 duobus
1258 2838 1429 2904 fratribus

202 2947 430 3027 versabatur;
447 2956 482 3011 et
496 2947 660 3028 quamvis
675 2947 711 3010 in
725 2945 854 3027 oppido
871 2944 1031 3010 Punicali
1049 2946 1209 3011 crebrius
1223 2963 1331 3028 quam
1346 2947 1431 3012 alibi

203 3041 389 3134 resideret,
405 3054 528 3119 nullibi
542 3066 662 3119 tamen
677 3051 796 3118 sedem
812 3062 948 3118 certam
967 3053 1099 3118 habere
1120 3062 1273 3135 poterat,
1293 3071 1374 3118 cum
1393 3055 1431 3118 in

204 3163 263 3227 illo
282 3170 401 3227 tractu
423 3160 616 3237 maritimo,
639 3159 685 3225 ad
709 3161 897 3239 sexaginta
918 3161 993 3225 lere
1011 3161 1132 3224 leucas
1152 3177 1191 3225 se
1205 3161 1430 3238 extendente,

205 3269 442 3353 quadraginta
456 3278 558 3332 erant
572 3269 651 3331 loca
667 3267 955 3347 christianorum,
972 3267 1147 3350 quaedam
1161 3266 1310 3348 majora,
1327 3285 1432 3350 quae·

205 3379 287 3442 dam
301 3386 419 3442 autem
433 3377 582 3456 minora,
599 3375 725 3458 quibus
738 3375 901 3440 omnibus
917 3376 1014 3440 solus
1028 3376 1104 3457 ipse
1115 3392 1197 3441 cum
1207 3376 1434 3457 paucissimis

204 3485 310 3550 sociis
324 3493 359 3548 et
374 3483 549 3548 interdum
564 3500 645 3548 cum
659 3483 764 3548 unico
779 3482 989 3548 satisfacere
1005 3483 1167 3548 debebat.

263 3591 356 3657 3422.
397 3590 604 3657 Postulabat
620 3590 677 3655 ille
691 3589 831 3672 quidem
846 3591 989 3672 saepius
1005 3591 1129 3670 augeri
1151 3591 1348 3673 operarioS,
1372 3592 1435 3657 sed

207 3699 359 3765 addebat
373 3717 417 3763 ne
431 3715 536 3780 quem
549 3699 747 3776 mitterent,
763 3698 820 3762 cui
834 3699 983 3762 multum
1003 3715 1075 3763 non
1093 3697 1323 3764 confiderent:
1339 3700 1437 3763 solos

206 3809 300 3872 enlm
325 3823 387 3871 eos
410 3805 574 3870 incedere
598 3805 805 3886 oportebat,
832 3815 866 3870 et
895 3814 935 3870 ut
960 3805 1104 3871 uberem
1133 3823 1153 3870 a
1180 3805 1257 3872 Deo
1282 3807 1436 3887 gratiam

207 3915 364 3995 legitime
378 3921 555 3979 certantes
570 3912 801 3994 accipiebant,
818 3911 879 3990 ita,
896 3914 958 3994 qui
969 3930 1007 3977 se
1022 3913 1120 3994 ipsos
1130 3914 1281 3978 sollicite
1298 3930 1438 3980 conser-

209 4039 296 4087 vare
310 4021 528 4100 nesciebant,
544 4021 581 4085 in
596 4018 737 4100 magnis
751 4020 891 4084 animae
905 4020 1073 4102 periculis
1084 4021 1323 4086 versabantur
1334 4020 1357 4083 ⁸.

267 4128 359 4192 3423.
403 4128 480 4194 Hoc
496 4145 590 4192 anno
605 4127 694 4191 duos
708 4127 909 4208 praedictos
923 4127 1089 4204 obtinuit;
1110 4145 1194 4193 nam
1213 4129 1440 4211 praecedenti

208 4237 352 4302 unicum
366 4235 504 4300 socium
519 4234 714 4313 habuerat,⁴
728 4242 762 4298 et
780 4233 929 4324 ipsemet
947 4234 985 4300 P.
1007 4233 1184 4300 Henricus
1203 4236 1343 4301 infirma
1363 4245 1441 4302 erat

210 4344 371 4427 corporis
384 4342 605 4421 habitudine;
622 4340 686 4406 sed
699 4357 781 4406 cum
796 4341 829 4406 ei
843 4349 1032 4422 aegrotare
1052 4319 1196 4407 minime
1215 4353 1380 4424 vacaret,
1396 4361 1442 4408 ex

251 4553 259 4588 t
288 4552 399 4596 Dixerat
408 4551 462 4606 jam
471 4549 537 4594 baec
547 4549 683 4603 Polancur,
694 4559 782 4605 supra.
791 4553 811 4595 t.
822 4561 847 4598 v.
857 4559 918 4603 pag.
929 4549 980 4604 ⁶7⁴,
989 4561 1014 4594 n.
1026 4549 1090 4594 1862.

252 4625 264 4658 ¹
291 4625 419 4678 Pericula,
429 4624 521 4679 qulbus
531 4621 634 4668 obnoxll
644 4626 720 4667 erant
736 4621 817 4666 nostrl
833 4622 945 4678 sodales,
959 4623 1123 4669 enumeravit
1138 4623 1191 4679 lpse
1208 4623 1338 4680 Eorlqnez
1355 4635 1443 4682 supra,

213 4707 231 4744 t.
243 4711 268 4752 v,
279 4708 339 4753 pag·
347 4697 390 4746 ⁶⁷⁹
399 4703 426 4742 et
436 4707 499 4753 aeq,
511 4706 535 4741 n.
546 4697 599 4741 1879
609 4700 698 4750 etseq.
