<?xml version="1.0" encoding="UTF-8"?>
<!DOCTYPE html PUBLIC "-//W3C//DTD XHTML 1.0 Transitional//EN"
    "http://www.w3.org/TR/xhtml1/DTD/xhtml1-transitional.dtd">
<html xmlns="http://www.w3.org/1999/xhtml" xml:lang="en" lang="en">
 <head>
  <title>
</title>
<meta http-equiv="Content-Type" content="text/html;charset=utf-8" />
  <meta name='ocr-system' content='tesseract 3.04.00' />
  <meta name='ocr-capabilities' content='ocr_page ocr_carea ocr_par ocr_line ocrx_word'/>
</head>
<body>
  <div class='ocr_page' id='page_1' title='image "./vitaignatiiloio00polagoog_0222.png"; bbox 0 0 3642 5350; ppageno 0'>
   <div class='ocr_carea' id='block_1_1' title="bbox 358 372 1224 477">
    <p class='ocr_par' dir='ltr' id='par_1_1' title="bbox 358 372 1224 477">
     <span class='ocr_line' id='line_1_1' title="bbox 358 372 1224 477; baseline 0.002 -18"><span class='ocrx_word' id='word_1_1' title='bbox 358 396 416 460; x_wconf 79' lang='lat' dir='ltr'><strong>au</strong></span> <span class='ocrx_word' id='word_1_2' title='bbox 816 397 943 463; x_wconf 63' lang='lat' dir='ltr'><strong>emor.</strong></span> <span class='ocrx_word' id='word_1_3' title='bbox 965 396 1041 463; x_wconf 83' lang='lat' dir='ltr'><strong>soc.</strong></span> <span class='ocrx_word' id='word_1_4' title='bbox 1063 398 1132 477; x_wconf 59' lang='grc' dir='ltr'><strong>με.</strong></span> <span class='ocrx_word' id='word_1_5' title='bbox 1218 372 1224 385; x_wconf 87' lang='grc'><em>“</em></span> 
     </span>
    </p>
   </div>
   <div class='ocr_carea' id='block_1_2' title="bbox 344 536 1630 3639">
    <p class='ocr_par' dir='ltr' id='par_1_2' title="bbox 357 536 1586 1259">
     <span class='ocr_line' id='line_1_2' title="bbox 357 536 1584 633; baseline 0.002 -22"><span class='ocrx_word' id='word_1_6' title='bbox 357 556 411 613; x_wconf 89' lang='lat' dir='ltr'><strong>ret</strong></span> <span class='ocrx_word' id='word_1_7' title='bbox 426 536 636 629; x_wconf 76' lang='lat' dir='ltr'><strong>suggestum</strong></span> <span class='ocrx_word' id='word_1_8' title='bbox 650 547 793 614; x_wconf 84' lang='lat' dir='ltr'><strong>Ordinis</strong></span> <span class='ocrx_word' id='word_1_9' title='bbox 807 550 861 613; x_wconf 92' lang='lat' dir='ltr'><strong>sui</strong></span> <span class='ocrx_word' id='word_1_10' title='bbox 876 559 1001 614; x_wconf 89' lang='lat' dir='ltr'><strong>contra</strong></span> <span class='ocrx_word' id='word_1_11' title='bbox 1017 565 1285 633; x_wconf 89' lang='lat' dir='ltr'><strong>quemcumque,</strong></span> <span class='ocrx_word' id='word_1_12' title='bbox 1303 548 1363 630; x_wconf 88' lang='lat' dir='ltr'><strong>qui</strong></span> <span class='ocrx_word' id='word_1_13' title='bbox 1374 546 1584 614; x_wconf 87' lang='lat' dir='ltr'><strong>iiium&#39;usur·</strong></span> 
     </span>
     <span class='ocr_line' id='line_1_3' title="bbox 357 656 1585 738; baseline 0.002 -20"><span class='ocrx_word' id='word_1_14' title='bbox 357 669 445 734; x_wconf 89' lang='lat' dir='ltr'><strong>pare</strong></span> <span class='ocrx_word' id='word_1_15' title='bbox 459 672 541 719; x_wconf 90' lang='lat' dir='ltr'><strong>cum</strong></span> <span class='ocrx_word' id='word_1_16' title='bbox 555 656 768 721; x_wconf 88' lang='lat' dir='ltr'><strong>auctoritate</strong></span> <span class='ocrx_word' id='word_1_17' title='bbox 782 665 843 721; x_wconf 90' lang='lat' dir='ltr'><strong>aut</strong></span> <span class='ocrx_word' id='word_1_18' title='bbox 865 657 941 721; x_wconf 89' lang='lat' dir='ltr'><strong>sine</strong></span> <span class='ocrx_word' id='word_1_19' title='bbox 961 658 1020 722; x_wconf 93' lang='lat' dir='ltr'><strong>iiia</strong></span> <span class='ocrx_word' id='word_1_20' title='bbox 1043 658 1159 732; x_wconf 87' lang='lat' dir='ltr'><strong>veliet;</strong></span> <span class='ocrx_word' id='word_1_21' title='bbox 1176 666 1274 738; x_wconf 81' lang='lat' dir='ltr'><strong>&#39;quae</strong></span> <span class='ocrx_word' id='word_1_22' title='bbox 1295 673 1353 720; x_wconf 90' lang='lat' dir='ltr'><strong>res</strong></span> <span class='ocrx_word' id='word_1_23' title='bbox 1368 672 1479 738; x_wconf 91' lang='lat' dir='ltr'><strong>usque</strong></span> <span class='ocrx_word' id='word_1_24' title='bbox 1494 656 1585 721; x_wconf 87' lang='lat' dir='ltr'><strong>adeo</strong></span> 
     </span>
     <span class='ocr_line' id='line_1_4' title="bbox 358 761 1586 855; baseline 0.002 -30"><span class='ocrx_word' id='word_1_25' title='bbox 358 763 529 843; x_wconf 90' lang='lat' dir='ltr'><strong>populum</strong></span> <span class='ocrx_word' id='word_1_26' title='bbox 557 764 768 844; x_wconf 85' lang='lat' dir='ltr'><strong>concitavit,</strong></span> <span class='ocrx_word' id='word_1_27' title='bbox 799 773 838 829; x_wconf 92' lang='lat' dir='ltr'><strong>ut</strong></span> <span class='ocrx_word' id='word_1_28' title='bbox 866 764 1061 845; x_wconf 89' lang='lat' dir='ltr'><strong>periculum</strong></span> <span class='ocrx_word' id='word_1_29' title='bbox 1095 761 1244 843; x_wconf 90' lang='lat' dir='ltr'><strong>alicujus</strong></span> <span class='ocrx_word' id='word_1_30' title='bbox 1276 763 1398 845; x_wconf 88' lang='lat' dir='ltr'><strong>magni</strong></span> <span class='ocrx_word' id='word_1_31' title='bbox 1426 764 1586 855; x_wconf 84' lang='lat' dir='ltr'><strong>scandali</strong></span> 
     </span>
     <span class='ocr_line' id='line_1_5' title="bbox 357 868 1585 952; baseline 0.002 -19"><span class='ocrx_word' id='word_1_32' title='bbox 357 868 474 950; x_wconf 84' lang='lat' dir='ltr'><strong>suerit,</strong></span> <span class='ocrx_word' id='word_1_33' title='bbox 496 869 592 935; x_wconf 90' lang='lat' dir='ltr'><strong>etad</strong></span> <span class='ocrx_word' id='word_1_34' title='bbox 615 871 722 935; x_wconf 89' lang='lat' dir='ltr'><strong>verba</strong></span> <span class='ocrx_word' id='word_1_35' title='bbox 746 887 874 952; x_wconf 88' lang='lat' dir='ltr'><strong>aspera</strong></span> <span class='ocrx_word' id='word_1_36' title='bbox 892 872 983 936; x_wconf 89' lang='lat' dir='ltr'><strong>inter</strong></span> <span class='ocrx_word' id='word_1_37' title='bbox 1006 872 1143 952; x_wconf 87' lang='lat' dir='ltr'><strong>aliquos</strong></span> <span class='ocrx_word' id='word_1_38' title='bbox 1167 880 1312 936; x_wconf 89' lang='lat' dir='ltr'><strong>ventum</strong></span> <span class='ocrx_word' id='word_1_39' title='bbox 1331 880 1397 948; x_wconf 82' lang='lat' dir='ltr'><strong>est,</strong></span> <span class='ocrx_word' id='word_1_40' title='bbox 1417 888 1460 935; x_wconf 92' lang='lat' dir='ltr'><strong>ac</strong></span> <span class='ocrx_word' id='word_1_41' title='bbox 1476 888 1585 952; x_wconf 86' lang='lat' dir='ltr'>prope</span> 
     </span>
     <span class='ocr_line' id='line_1_6' title="bbox 358 977 1585 1061; baseline 0.002 -20"><span class='ocrx_word' id='word_1_42' title='bbox 358 987 436 1041; x_wconf 89' lang='lat' dir='ltr'><strong>erat</strong></span> <span class='ocrx_word' id='word_1_43' title='bbox 459 987 498 1041; x_wconf 91' lang='lat' dir='ltr'><strong>ut</strong></span> <span class='ocrx_word' id='word_1_44' title='bbox 522 977 568 1042; x_wconf 90' lang='lat' dir='ltr'><strong>ad</strong></span> <span class='ocrx_word' id='word_1_45' title='bbox 589 995 716 1043; x_wconf 91' lang='lat' dir='ltr'><strong>manus</strong></span> <span class='ocrx_word' id='word_1_46' title='bbox 737 980 931 1057; x_wconf 89' lang='lat' dir='ltr'><strong>veniretur,</strong></span> <span class='ocrx_word' id='word_1_47' title='bbox 953 980 1118 1061; x_wconf 87' lang='lat' dir='ltr'><strong>quamvis</strong></span> <span class='ocrx_word' id='word_1_48' title='bbox 1140 979 1252 1045; x_wconf 84' lang='lat' dir='ltr'>nostri</span> <span class='ocrx_word' id='word_1_49' title='bbox 1277 996 1347 1053; x_wconf 87' lang='lat' dir='ltr'><strong>non</strong></span> <span class='ocrx_word' id='word_1_50' title='bbox 1370 978 1521 1059; x_wconf 86' lang='lat' dir='ltr'><strong>amplius</strong></span> <span class='ocrx_word' id='word_1_51' title='bbox 1542 978 1585 1044; x_wconf 92' lang='lat' dir='ltr'><strong>de</strong></span> 
     </span>
     <span class='ocr_line' id='line_1_7' title="bbox 358 1084 1584 1168; baseline 0.002 -20"><span class='ocrx_word' id='word_1_52' title='bbox 358 1084 529 1149; x_wconf 86' lang='lat' dir='ltr'><strong>concione</strong></span> <span class='ocrx_word' id='word_1_53' title='bbox 550 1096 708 1165; x_wconf 83' lang='lat' dir='ltr'>agerent.</span> <span class='ocrx_word' id='word_1_54' title='bbox 735 1085 782 1151; x_wconf 90' lang='lat' dir='ltr'><strong>Et</strong></span> <span class='ocrx_word' id='word_1_55' title='bbox 803 1088 852 1151; x_wconf 90' lang='lat' dir='ltr'><strong>ita</strong></span> <span class='ocrx_word' id='word_1_56' title='bbox 877 1087 927 1151; x_wconf 91' lang='lat' dir='ltr'><strong>iiii</strong></span> <span class='ocrx_word' id='word_1_57' title='bbox 951 1087 1112 1151; x_wconf 87' lang='lat' dir='ltr'><strong>homines</strong></span> <span class='ocrx_word' id='word_1_58' title='bbox 1137 1096 1249 1151; x_wconf 92' lang='lat' dir='ltr'><strong>totum</strong></span> <span class='ocrx_word' id='word_1_59' title='bbox 1272 1089 1438 1168; x_wconf 90' lang='lat' dir='ltr'><strong>popuium</strong></span> <span class='ocrx_word' id='word_1_60' title='bbox 1461 1095 1584 1151; x_wconf 88' lang='lat' dir='ltr'><strong>contra</strong></span> 
     </span>
     <span class='ocr_line' id='line_1_8' title="bbox 359 1186 1042 1259; baseline 0 -4"><span class='ocrx_word' id='word_1_61' title='bbox 359 1186 571 1257; x_wconf 75' lang='lat' dir='ltr'><strong>Societatem</strong></span> <span class='ocrx_word' id='word_1_62' title='bbox 586 1210 812 1258; x_wconf 87' lang='lat' dir='ltr'><strong>commovere</strong></span> <span class='ocrx_word' id='word_1_63' title='bbox 827 1193 1042 1259; x_wconf 84' lang='lat' dir='ltr'><strong>nitebantur.</strong></span> 
     </span>
    </p>

    <p class='ocr_par' dir='ltr' id='par_1_3' title="bbox 344 1298 1630 3528">
     <span class='ocr_line' id='line_1_9' title="bbox 417 1298 1585 1384; baseline 0.002 -21"><span class='ocrx_word' id='word_1_64' title='bbox 417 1299 488 1363; x_wconf 89' lang='lat'><strong>789.</strong></span> <span class='ocrx_word' id='word_1_65' title='bbox 531 1298 832 1384; x_wconf 80' lang='lat' dir='ltr'><strong>Accidit&#39;insuper</strong></span> <span class='ocrx_word' id='word_1_66' title='bbox 847 1312 884 1366; x_wconf 91' lang='lat' dir='ltr'><strong>ut</strong></span> <span class='ocrx_word' id='word_1_67' title='bbox 898 1302 1042 1383; x_wconf 89' lang='lat' dir='ltr'><strong>quidam</strong></span> <span class='ocrx_word' id='word_1_68' title='bbox 1056 1302 1206 1383; x_wconf 78' lang='lat' dir='ltr'><strong>iibeiiuS,</strong></span> <span class='ocrx_word' id='word_1_69' title='bbox 1225 1304 1283 1384; x_wconf 92' lang='lat' dir='ltr'><strong>qui</strong></span> <span class='ocrx_word' id='word_1_70' title='bbox 1298 1303 1472 1367; x_wconf 79' lang='lat' dir='ltr'><strong>dederam</strong></span> <span class='ocrx_word' id='word_1_71' title='bbox 1482 1305 1585 1384; x_wconf 81' lang='lat' dir='ltr'><strong>proe-</strong></span> 
     </span>
     <span class='ocr_line' id='line_1_10' title="bbox 344 1396 1630 1490; baseline 0.001 -22"><span class='ocrx_word' id='word_1_72' title='bbox 344 1396 470 1487; x_wconf 76' lang='lat' dir='ltr'><strong>&#39;ceptis</strong></span> <span class='ocrx_word' id='word_1_73' title='bbox 483 1407 674 1490; x_wconf 89' lang='lat' dir='ltr'><strong>inscriptus</strong></span> <span class='ocrx_word' id='word_1_74' title='bbox 693 1419 781 1490; x_wconf 86' lang='lat' dir='ltr'><strong>erat,</strong></span> <span class='ocrx_word' id='word_1_75' title='bbox 801 1410 878 1473; x_wconf 88' lang='lat' dir='ltr'><strong>sine</strong></span> <span class='ocrx_word' id='word_1_76' title='bbox 896 1409 1039 1473; x_wconf 88' lang='lat' dir='ltr'><strong>nomine</strong></span> <span class='ocrx_word' id='word_1_77' title='bbox 1053 1410 1222 1490; x_wconf 90' lang='lat' dir='ltr'><strong>auctoris,</strong></span> <span class='ocrx_word' id='word_1_78' title='bbox 1246 1410 1282 1473; x_wconf 91' lang='lat' dir='ltr'><strong>in</strong></span> <span class='ocrx_word' id='word_1_79' title='bbox 1303 1426 1429 1474; x_wconf 89' lang='lat' dir='ltr'><strong>manus</strong></span> <span class='ocrx_word' id='word_1_80' title='bbox 1444 1418 1586 1473; x_wconf 88' lang='lat' dir='ltr'><strong>nostro·</strong></span> <span class='ocrx_word' id='word_1_81' title='bbox 1626 1462 1630 1469; x_wconf 90' lang='lat'><em>.</em></span> 
     </span>
     <span class='ocr_line' id='line_1_11' title="bbox 357 1513 1588 1597; baseline 0.003 -21"><span class='ocrx_word' id='word_1_82' title='bbox 357 1528 437 1576; x_wconf 88' lang='lat' dir='ltr'><strong>rum</strong></span> <span class='ocrx_word' id='word_1_83' title='bbox 455 1513 627 1595; x_wconf 88' lang='lat' dir='ltr'><strong>incidens,</strong></span> <span class='ocrx_word' id='word_1_84' title='bbox 646 1515 848 1580; x_wconf 89' lang='lat' dir='ltr'><strong>haereticus</strong></span> <span class='ocrx_word' id='word_1_85' title='bbox 862 1515 1204 1597; x_wconf 88' lang='lat' dir='ltr'><strong>deprehenderetur;</strong></span> <span class='ocrx_word' id='word_1_86' title='bbox 1225 1526 1259 1581; x_wconf 94' lang='lat' dir='ltr'><strong>et</strong></span> <span class='ocrx_word' id='word_1_87' title='bbox 1276 1516 1355 1582; x_wconf 90' lang='lat' dir='ltr'><strong>ideo</strong></span> <span class='ocrx_word' id='word_1_88' title='bbox 1370 1513 1408 1580; x_wconf 88' lang='lat' dir='ltr'><strong>P.</strong></span> <span class='ocrx_word' id='word_1_89' title='bbox 1423 1515 1588 1581; x_wconf 82' lang='lat' dir='ltr'><strong>Andreas</strong></span> 
     </span>
     <span class='ocr_line' id='line_1_12' title="bbox 356 1620 1588 1706; baseline 0.002 -21"><span class='ocrx_word' id='word_1_90' title='bbox 356 1620 498 1685; x_wconf 91' lang='lat' dir='ltr'><strong>cuidam</strong></span> <span class='ocrx_word' id='word_1_91' title='bbox 514 1623 691 1704; x_wconf 81' lang='lat' dir='ltr'><strong>reiigioso‚</strong></span> <span class='ocrx_word' id='word_1_92' title='bbox 707 1625 767 1705; x_wconf 91' lang='lat' dir='ltr'><strong>qui</strong></span> <span class='ocrx_word' id='word_1_93' title='bbox 781 1625 935 1689; x_wconf 88' lang='lat' dir='ltr'><strong>officium</strong></span> <span class='ocrx_word' id='word_1_94' title='bbox 954 1625 1176 1706; x_wconf 83' lang='lat' dir='ltr'><strong>inquisitoris</strong></span> <span class='ocrx_word' id='word_1_95' title='bbox 1191 1624 1332 1705; x_wconf 83' lang='lat' dir='ltr'><strong>agebat,</strong></span> <span class='ocrx_word' id='word_1_96' title='bbox 1349 1624 1385 1689; x_wconf 90' lang='lat' dir='ltr'><strong>id</strong></span> <span class='ocrx_word' id='word_1_97' title='bbox 1399 1623 1588 1689; x_wconf 85' lang='lat' dir='ltr'><strong>denuncia-</strong></span> 
     </span>
     <span class='ocr_line' id='line_1_13' title="bbox 359 1729 1586 1813; baseline 0.006 -21"><span class='ocrx_word' id='word_1_98' title='bbox 359 1730 423 1796; x_wconf 88' lang='lat' dir='ltr'><strong>vit.</strong></span> <span class='ocrx_word' id='word_1_99' title='bbox 447 1732 608 1811; x_wconf 80' lang='lat' dir='ltr'><strong>Rogatus</strong></span> <span class='ocrx_word' id='word_1_100' title='bbox 635 1741 814 1797; x_wconf 87' lang='lat' dir='ltr'><strong>autemut</strong></span> <span class='ocrx_word' id='word_1_101' title='bbox 837 1731 1023 1798; x_wconf 82' lang='lat' dir='ltr'><strong>interesset</strong></span> <span class='ocrx_word' id='word_1_102' title='bbox 1047 1732 1317 1813; x_wconf 82' lang='lat' dir='ltr'><strong>congregationi</strong></span> <span class='ocrx_word' id='word_1_103' title='bbox 1338 1749 1419 1796; x_wconf 92' lang='lat' dir='ltr'><strong>cum</strong></span> <span class='ocrx_word' id='word_1_104' title='bbox 1440 1729 1586 1798; x_wconf 89' lang='lat' dir='ltr'><strong>Vicario</strong></span> 
     </span>
     <span class='ocr_line' id='line_1_14' title="bbox 357 1838 1586 1920; baseline 0 -17"><span class='ocrx_word' id='word_1_105' title='bbox 357 1847 392 1902; x_wconf 88' lang='lat' dir='ltr'><strong>et</strong></span> <span class='ocrx_word' id='word_1_106' title='bbox 407 1839 486 1903; x_wconf 88' lang='lat' dir='ltr'><strong>aliis</strong></span> <span class='ocrx_word' id='word_1_107' title='bbox 500 1838 745 1904; x_wconf 87' lang='lat' dir='ltr'><strong>sacerdotibus</strong></span> <span class='ocrx_word' id='word_1_108' title='bbox 760 1841 806 1905; x_wconf 91' lang='lat' dir='ltr'><strong>ad</strong></span> <span class='ocrx_word' id='word_1_109' title='bbox 821 1856 901 1905; x_wconf 91' lang='lat' dir='ltr'><strong>eum</strong></span> <span class='ocrx_word' id='word_1_110' title='bbox 916 1838 1236 1920; x_wconf 88' lang='lat' dir='ltr'><strong>condemnandum,</strong></span> <span class='ocrx_word' id='word_1_111' title='bbox 1254 1838 1289 1903; x_wconf 93' lang='lat' dir='ltr'><strong>id</strong></span> <span class='ocrx_word' id='word_1_112' title='bbox 1304 1840 1353 1903; x_wconf 92' lang='lat' dir='ltr'><strong>ita</strong></span> <span class='ocrx_word' id='word_1_113' title='bbox 1367 1838 1463 1918; x_wconf 70' lang='lat' dir='ltr'><strong>secia</strong></span> <span class='ocrx_word' id='word_1_114' title='bbox 1481 1844 1515 1904; x_wconf 89' lang='lat' dir='ltr'><strong>&#39;et</strong></span> <span class='ocrx_word' id='word_1_115' title='bbox 1529 1839 1586 1905; x_wconf 89' lang='lat' dir='ltr'><strong>die</strong></span> 
     </span>
     <span class='ocr_line' id='line_1_15' title="bbox 358 1942 1586 2013; baseline 0.001 -2"><span class='ocrx_word' id='word_1_116' title='bbox 358 1942 418 2010; x_wconf 68' lang='lat' dir='ltr'><strong>su</strong></span> <span class='ocrx_word' id='word_1_117' title='bbox 437 1946 550 2011; x_wconf 91' lang='lat' dir='ltr'><strong>Marci</strong></span> <span class='ocrx_word' id='word_1_118' title='bbox 568 1946 655 2011; x_wconf 91' lang='lat' dir='ltr'><strong>iiber</strong></span> <span class='ocrx_word' id='word_1_119' title='bbox 673 1946 740 2011; x_wconf 86' lang='lat' dir='ltr'><strong>suit</strong></span> <span class='ocrx_word' id='word_1_120' title='bbox 761 1948 980 2013; x_wconf 89' lang='lat' dir='ltr'><strong>combustus.</strong></span> <span class='ocrx_word' id='word_1_121' title='bbox 1003 1946 1085 2012; x_wconf 89' lang='lat' dir='ltr'><strong>Fuit</strong></span> <span class='ocrx_word' id='word_1_122' title='bbox 1108 1955 1226 2012; x_wconf 90' lang='lat' dir='ltr'><strong>autem</strong></span> <span class='ocrx_word' id='word_1_123' title='bbox 1250 1947 1445 2013; x_wconf 89' lang='lat' dir='ltr'><strong>seminatus</strong></span> <span class='ocrx_word' id='word_1_124' title='bbox 1465 1963 1586 2013; x_wconf 89' lang='lat' dir='ltr'><strong>rumor</strong></span> 
     </span>
     <span class='ocr_line' id='line_1_16' title="bbox 358 2052 1586 2136; baseline 0 -19"><span class='ocrx_word' id='word_1_125' title='bbox 358 2054 454 2135; x_wconf 86' lang='lat' dir='ltr'><strong>apud</strong></span> <span class='ocrx_word' id='word_1_126' title='bbox 466 2054 736 2135; x_wconf 88' lang='lat' dir='ltr'><strong>multitudinem,</strong></span> <span class='ocrx_word' id='word_1_127' title='bbox 760 2055 854 2136; x_wconf 92' lang='lat' dir='ltr'><strong>quod</strong></span> <span class='ocrx_word' id='word_1_128' title='bbox 872 2056 985 2120; x_wconf 87' lang='lat' dir='ltr'><strong>nostri</strong></span> <span class='ocrx_word' id='word_1_129' title='bbox 1002 2063 1166 2120; x_wconf 82' lang='lat' dir='ltr'><strong>auctores</strong></span> <span class='ocrx_word' id='word_1_130' title='bbox 1180 2060 1282 2120; x_wconf 87' lang='lat' dir='ltr'><strong>erant</strong></span> <span class='ocrx_word' id='word_1_131' title='bbox 1301 2052 1378 2136; x_wconf 76' lang='lat' dir='ltr'><strong>eius</strong></span> <span class='ocrx_word' id='word_1_132' title='bbox 1392 2054 1471 2120; x_wconf 90' lang='lat' dir='ltr'><strong>libri</strong></span> <span class='ocrx_word' id='word_1_133' title='bbox 1488 2053 1509 2135; x_wconf 80' lang='lat'><strong>¹3</strong></span> <span class='ocrx_word' id='word_1_134' title='bbox 1527 2054 1586 2117; x_wconf 87' lang='lat' dir='ltr'><strong>aiii</strong></span> 
     </span>
     <span class='ocr_line' id='line_1_17' title="bbox 359 2160 1586 2244; baseline 0 -19"><span class='ocrx_word' id='word_1_135' title='bbox 359 2161 455 2244; x_wconf 89' lang='lat' dir='ltr'><strong>quod</strong></span> <span class='ocrx_word' id='word_1_136' title='bbox 469 2164 582 2227; x_wconf 90' lang='lat' dir='ltr'><strong>nostri</strong></span> <span class='ocrx_word' id='word_1_137' title='bbox 597 2179 659 2226; x_wconf 91' lang='lat' dir='ltr'><strong>eos</strong></span> <span class='ocrx_word' id='word_1_138' title='bbox 673 2160 802 2226; x_wconf 81' lang='lat' dir='ltr'><strong>deferri</strong></span> <span class='ocrx_word' id='word_1_139' title='bbox 817 2160 1015 2243; x_wconf 86' lang='lat' dir='ltr'><strong>Argentam</strong></span> <span class='ocrx_word' id='word_1_140' title='bbox 1035 2171 1261 2242; x_wconf 87' lang='lat' dir='ltr'><strong>curaverant,</strong></span> <span class='ocrx_word' id='word_1_141' title='bbox 1282 2170 1321 2225; x_wconf 93' lang='lat' dir='ltr'><strong>ut</strong></span> <span class='ocrx_word' id='word_1_142' title='bbox 1342 2160 1586 2242; x_wconf 83' lang='lat' dir='ltr'><strong>Argentenses</strong></span> 
     </span>
     <span class='ocr_line' id='line_1_18' title="bbox 354 2261 1585 2350; baseline 0.001 -18"><span class='ocrx_word' id='word_1_143' title='bbox 354 2261 402 2334; x_wconf 71' lang='lat' dir='ltr'><strong>‘de</strong></span> <span class='ocrx_word' id='word_1_144' title='bbox 417 2270 557 2334; x_wconf 91' lang='lat' dir='ltr'><strong>haeresi</strong></span> <span class='ocrx_word' id='word_1_145' title='bbox 571 2278 756 2349; x_wconf 88' lang='lat' dir='ltr'><strong>suspectos</strong></span> <span class='ocrx_word' id='word_1_146' title='bbox 770 2270 968 2348; x_wconf 88' lang='lat' dir='ltr'><strong>redderent;</strong></span> <span class='ocrx_word' id='word_1_147' title='bbox 990 2278 1025 2333; x_wconf 91' lang='lat' dir='ltr'><strong>et</strong></span> <span class='ocrx_word' id='word_1_148' title='bbox 1039 2269 1150 2334; x_wconf 80' lang='lat' dir='ltr'><strong>salsus</strong></span> <span class='ocrx_word' id='word_1_149' title='bbox 1172 2270 1230 2333; x_wconf 90' lang='lat' dir='ltr'><strong>hic</strong></span> <span class='ocrx_word' id='word_1_150' title='bbox 1249 2286 1371 2333; x_wconf 90' lang='lat' dir='ltr'><strong>rumor</strong></span> <span class='ocrx_word' id='word_1_151' title='bbox 1391 2284 1454 2350; x_wconf 90' lang='lat' dir='ltr'><strong>per</strong></span> <span class='ocrx_word' id='word_1_152' title='bbox 1473 2276 1585 2333; x_wconf 90' lang='lat' dir='ltr'><strong>totum</strong></span> 
     </span>
     <span class='ocr_line' id='line_1_19' title="bbox 360 2374 1586 2458; baseline -0.001 -18"><span class='ocrx_word' id='word_1_153' title='bbox 360 2376 527 2458; x_wconf 90' lang='lat' dir='ltr'><strong>oppidum</strong></span> <span class='ocrx_word' id='word_1_154' title='bbox 545 2385 581 2441; x_wconf 90' lang='lat' dir='ltr'><strong>et</strong></span> <span class='ocrx_word' id='word_1_155' title='bbox 601 2378 680 2441; x_wconf 89' lang='lat' dir='ltr'><strong>ioca</strong></span> <span class='ocrx_word' id='word_1_156' title='bbox 699 2376 817 2442; x_wconf 84' lang='lat' dir='ltr'><strong>vicina</strong></span> <span class='ocrx_word' id='word_1_157' title='bbox 838 2393 985 2458; x_wconf 88' lang='lat' dir='ltr'><strong>sparsus</strong></span> <span class='ocrx_word' id='word_1_158' title='bbox 1004 2386 1069 2440; x_wconf 92' lang='lat' dir='ltr'><strong>est.</strong></span> <span class='ocrx_word' id='word_1_159' title='bbox 1090 2377 1135 2441; x_wconf 91' lang='lat' dir='ltr'><strong>Et</strong></span> <span class='ocrx_word' id='word_1_160' title='bbox 1153 2386 1271 2440; x_wconf 88' lang='lat' dir='ltr'><strong>tamen</strong></span> <span class='ocrx_word' id='word_1_161' title='bbox 1286 2374 1454 2439; x_wconf 86' lang='lat' dir='ltr'><strong>Vicarius</strong></span> <span class='ocrx_word' id='word_1_162' title='bbox 1469 2384 1505 2439; x_wconf 92' lang='lat' dir='ltr'><strong>et</strong></span> <span class='ocrx_word' id='word_1_163' title='bbox 1518 2374 1586 2439; x_wconf 86' lang='lat' dir='ltr'><strong>ira·</strong></span> 
     </span>
     <span class='ocr_line' id='line_1_20' title="bbox 356 2482 1587 2566; baseline -0.001 -18"><span class='ocrx_word' id='word_1_164' title='bbox 356 2494 430 2548; x_wconf 90' lang='lat' dir='ltr'><strong>tres</strong></span> <span class='ocrx_word' id='word_1_165' title='bbox 443 2482 503 2549; x_wconf 75' lang='lat' dir='ltr'><strong>S.¹¹</strong></span> <span class='ocrx_word' id='word_1_166' title='bbox 522 2484 711 2562; x_wconf 85' lang='lat' dir='ltr'><strong>Dominici‚</strong></span> <span class='ocrx_word' id='word_1_167' title='bbox 725 2483 852 2566; x_wconf 89' lang='lat' dir='ltr'><strong>quibus</strong></span> <span class='ocrx_word' id='word_1_168' title='bbox 866 2484 1054 2548; x_wconf 81' lang='lat' dir='ltr'><strong>constabat</strong></span> <span class='ocrx_word' id='word_1_169' title='bbox 1068 2483 1319 2549; x_wconf 85' lang='lat' dir='ltr'><strong>denunciatum</strong></span> <span class='ocrx_word' id='word_1_170' title='bbox 1330 2498 1440 2547; x_wconf 89' lang='lat' dir='ltr'><strong>essea</strong></span> <span class='ocrx_word' id='word_1_171' title='bbox 1453 2483 1587 2547; x_wconf 90' lang='lat' dir='ltr'><strong>nostris</strong></span> 
     </span>
     <span class='ocr_line' id='line_1_21' title="bbox 356 2589 1586 2672; baseline -0.002 -16"><span class='ocrx_word' id='word_1_172' title='bbox 356 2599 391 2657; x_wconf 89' lang='lat' dir='ltr'><strong>et</strong></span> <span class='ocrx_word' id='word_1_173' title='bbox 404 2592 610 2658; x_wconf 90' lang='lat' dir='ltr'><strong>damnatum</strong></span> <span class='ocrx_word' id='word_1_174' title='bbox 625 2592 791 2672; x_wconf 85' lang='lat' dir='ltr'><strong>libellum,</strong></span> <span class='ocrx_word' id='word_1_175' title='bbox 811 2592 899 2656; x_wconf 84' lang='lat' dir='ltr'><strong>nihii</strong></span> <span class='ocrx_word' id='word_1_176' title='bbox 918 2591 964 2656; x_wconf 92' lang='lat' dir='ltr'><strong>ad</strong></span> <span class='ocrx_word' id='word_1_177' title='bbox 978 2591 1070 2656; x_wconf 88' lang='lat' dir='ltr'><strong>hanc</strong></span> <span class='ocrx_word' id='word_1_178' title='bbox 1085 2591 1266 2655; x_wconf 84' lang='lat' dir='ltr'><strong>infamiam</strong></span> <span class='ocrx_word' id='word_1_179' title='bbox 1282 2589 1473 2655; x_wconf 86' lang='lat' dir='ltr'><strong>arcendam</strong></span> <span class='ocrx_word' id='word_1_180' title='bbox 1489 2590 1586 2655; x_wconf 86' lang='lat' dir='ltr'><strong>dixe·</strong></span> 
     </span>
     <span class='ocr_line' id='line_1_22' title="bbox 356 2699 1586 2782; baseline -0.002 -18"><span class='ocrx_word' id='word_1_181' title='bbox 356 2712 451 2781; x_wconf 85' lang='lat' dir='ltr'><strong>runt,</strong></span> <span class='ocrx_word' id='word_1_182' title='bbox 476 2701 583 2766; x_wconf 90' lang='lat' dir='ltr'><strong>etiam</strong></span> <span class='ocrx_word' id='word_1_183' title='bbox 607 2717 688 2765; x_wconf 88' lang='lat' dir='ltr'><strong>eum</strong></span> <span class='ocrx_word' id='word_1_184' title='bbox 713 2702 856 2766; x_wconf 88' lang='lat' dir='ltr'><strong>occasio</strong></span> <span class='ocrx_word' id='word_1_185' title='bbox 882 2700 1069 2765; x_wconf 85' lang='lat' dir='ltr'><strong>offerretur</strong></span> <span class='ocrx_word' id='word_1_186' title='bbox 1088 2699 1111 2776; x_wconf 77' lang='lat'><strong>&#39;;</strong></span> <span class='ocrx_word' id='word_1_187' title='bbox 1133 2699 1228 2782; x_wconf 92' lang='lat' dir='ltr'><strong>quod</strong></span> <span class='ocrx_word' id='word_1_188' title='bbox 1252 2715 1467 2781; x_wconf 83' lang='lat' dir='ltr'><strong>magnopere</strong></span> <span class='ocrx_word' id='word_1_189' title='bbox 1494 2699 1586 2763; x_wconf 93' lang='lat' dir='ltr'><strong>hanc</strong></span> 
     </span>
     <span class='ocr_line' id='line_1_23' title="bbox 355 2800 1584 2889; baseline -0.001 -18"><span class='ocrx_word' id='word_1_190' title='bbox 355 2800 456 2889; x_wconf 72' lang='lat' dir='ltr'><strong>vui&#39;gi</strong></span> <span class='ocrx_word' id='word_1_191' title='bbox 471 2809 672 2889; x_wconf 89' lang='lat' dir='ltr'><strong>opinionem</strong></span> <span class='ocrx_word' id='word_1_192' title='bbox 686 2807 921 2874; x_wconf 83' lang='lat' dir='ltr'><strong>confirmavit.</strong></span> <span class='ocrx_word' id='word_1_193' title='bbox 935 2807 1117 2872; x_wconf 86' lang='lat' dir='ltr'><strong>Evocatus</strong></span> <span class='ocrx_word' id='word_1_194' title='bbox 1129 2807 1193 2873; x_wconf 85' lang='lat' dir='ltr'><strong>suit</strong></span> <span class='ocrx_word' id='word_1_195' title='bbox 1206 2816 1290 2872; x_wconf 91' lang='lat' dir='ltr'><strong>ante</strong></span> <span class='ocrx_word' id='word_1_196' title='bbox 1301 2806 1584 2871; x_wconf 86' lang='lat' dir='ltr'><strong>Gubernatorem</strong></span> 
     </span>
     <span class='ocr_line' id='line_1_24' title="bbox 360 2912 1586 2996; baseline -0.002 -18"><span class='ocrx_word' id='word_1_197' title='bbox 360 2915 420 2996; x_wconf 92' lang='lat' dir='ltr'><strong>qui</strong></span> <span class='ocrx_word' id='word_1_198' title='bbox 435 2914 540 2996; x_wconf 87' lang='lat' dir='ltr'><strong>hujus</strong></span> <span class='ocrx_word' id='word_1_199' title='bbox 560 2915 641 2979; x_wconf 88' lang='lat' dir='ltr'><strong>iaisi</strong></span> <span class='ocrx_word' id='word_1_200' title='bbox 659 2915 814 2980; x_wconf 87' lang='lat' dir='ltr'><strong>rumoris</strong></span> <span class='ocrx_word' id='word_1_201' title='bbox 832 2916 1024 2980; x_wconf 86' lang='lat' dir='ltr'><strong>seminator</strong></span> <span class='ocrx_word' id='word_1_202' title='bbox 1043 2915 1170 2995; x_wconf 87' lang='lat' dir='ltr'><strong>iuerat,</strong></span> <span class='ocrx_word' id='word_1_203' title='bbox 1186 2913 1246 2996; x_wconf 90' lang='lat' dir='ltr'><strong>qui</strong></span> <span class='ocrx_word' id='word_1_204' title='bbox 1266 2912 1497 2978; x_wconf 85' lang='lat' dir='ltr'><strong>confitebatur</strong></span> <span class='ocrx_word' id='word_1_205' title='bbox 1515 2914 1586 2995; x_wconf 92' lang='lat' dir='ltr'><strong>qui-</strong></span> 
     </span>
     <span class='ocr_line' id='line_1_25' title="bbox 358 3020 1586 3103; baseline -0.002 -17"><span class='ocrx_word' id='word_1_206' title='bbox 358 3021 438 3086; x_wconf 91' lang='lat' dir='ltr'><strong>dem</strong></span> <span class='ocrx_word' id='word_1_207' title='bbox 453 3021 489 3086; x_wconf 93' lang='lat' dir='ltr'><strong>id</strong></span> <span class='ocrx_word' id='word_1_208' title='bbox 502 3020 644 3103; x_wconf 87' lang='lat' dir='ltr'><strong>dixisse,</strong></span> <span class='ocrx_word' id='word_1_209' title='bbox 661 3023 724 3086; x_wconf 90' lang='lat' dir='ltr'><strong>sed</strong></span> <span class='ocrx_word' id='word_1_210' title='bbox 738 3022 784 3086; x_wconf 90' lang='lat' dir='ltr'><strong>ab</strong></span> <span class='ocrx_word' id='word_1_211' title='bbox 798 3022 876 3087; x_wconf 88' lang='lat' dir='ltr'><strong>aliis</strong></span> <span class='ocrx_word' id='word_1_212' title='bbox 891 3021 1082 3087; x_wconf 88' lang='lat' dir='ltr'><strong>audivisse.</strong></span> <span class='ocrx_word' id='word_1_213' title='bbox 1096 3023 1140 3086; x_wconf 90' lang='lat' dir='ltr'><strong>Et</strong></span> <span class='ocrx_word' id='word_1_214' title='bbox 1154 3037 1236 3084; x_wconf 89' lang='lat' dir='ltr'><strong>cum</strong></span> <span class='ocrx_word' id='word_1_215' title='bbox 1251 3022 1296 3087; x_wconf 92' lang='lat' dir='ltr'><strong>ab</strong></span> <span class='ocrx_word' id='word_1_216' title='bbox 1311 3021 1390 3084; x_wconf 87' lang='lat' dir='ltr'><strong>aliis</strong></span> <span class='ocrx_word' id='word_1_217' title='bbox 1401 3021 1586 3085; x_wconf 85' lang='lat' dir='ltr'><strong>convictus</strong></span> 
     </span>
     <span class='ocr_line' id='line_1_26' title="bbox 358 3127 1585 3210; baseline -0.003 -17"><span class='ocrx_word' id='word_1_218' title='bbox 358 3128 481 3194; x_wconf 88' lang='lat' dir='ltr'><strong>suisset</strong></span> <span class='ocrx_word' id='word_1_219' title='bbox 497 3129 672 3195; x_wconf 88' lang='lat' dir='ltr'><strong>mendacii</strong></span> <span class='ocrx_word' id='word_1_220' title='bbox 685 3139 721 3194; x_wconf 93' lang='lat' dir='ltr'><strong>et</strong></span> <span class='ocrx_word' id='word_1_221' title='bbox 735 3129 915 3209; x_wconf 80' lang='lat' dir='ltr'><strong>confusus,</strong></span> <span class='ocrx_word' id='word_1_222' title='bbox 932 3131 1073 3195; x_wconf 91' lang='lat' dir='ltr'><strong>veniam</strong></span> <span class='ocrx_word' id='word_1_223' title='bbox 1086 3129 1141 3194; x_wconf 91' lang='lat' dir='ltr'><strong>sui</strong></span> <span class='ocrx_word' id='word_1_224' title='bbox 1156 3129 1288 3194; x_wconf 89' lang='lat' dir='ltr'><strong>erroris</strong></span> <span class='ocrx_word' id='word_1_225' title='bbox 1300 3129 1503 3210; x_wconf 84' lang='lat' dir='ltr'><strong>postulavit.</strong></span> <span class='ocrx_word' id='word_1_226' title='bbox 1517 3127 1585 3193; x_wconf 89' lang='lat' dir='ltr'><strong>Sed</strong></span> 
     </span>
     <span class='ocr_line' id='line_1_27' title="bbox 360 3234 1583 3318; baseline -0.002 -18"><span class='ocrx_word' id='word_1_227' title='bbox 360 3253 433 3300; x_wconf 92' lang='lat' dir='ltr'><strong>non</strong></span> <span class='ocrx_word' id='word_1_228' title='bbox 447 3245 636 3318; x_wconf 82' lang='lat' dir='ltr'><strong>propterea</strong></span> <span class='ocrx_word' id='word_1_229' title='bbox 650 3236 740 3301; x_wconf 85' lang='lat' dir='ltr'><strong>salsa</strong></span> <span class='ocrx_word' id='word_1_230' title='bbox 757 3236 940 3318; x_wconf 88' lang='lat' dir='ltr'><strong>persuasio</strong></span> <span class='ocrx_word' id='word_1_231' title='bbox 955 3237 1143 3301; x_wconf 89' lang='lat' dir='ltr'><strong>tollebatur</strong></span> <span class='ocrx_word' id='word_1_232' title='bbox 1157 3235 1202 3300; x_wconf 87' lang='lat' dir='ltr'><strong>ab</strong></span> <span class='ocrx_word' id='word_1_233' title='bbox 1218 3235 1308 3316; x_wconf 84' lang='lat' dir='ltr'><strong>aliis,</strong></span> <span class='ocrx_word' id='word_1_234' title='bbox 1324 3245 1360 3300; x_wconf 92' lang='lat' dir='ltr'><strong>et</strong></span> <span class='ocrx_word' id='word_1_235' title='bbox 1371 3234 1583 3313; x_wconf 74' lang='lat' dir='ltr'><strong>sacerdotes</strong></span> 
     </span>
     <span class='ocr_line' id='line_1_28' title="bbox 361 3341 1588 3425; baseline -0.001 -18"><span class='ocrx_word' id='word_1_236' title='bbox 361 3343 422 3425; x_wconf 90' lang='lat' dir='ltr'><strong>qui</strong></span> <span class='ocrx_word' id='word_1_237' title='bbox 444 3359 576 3423; x_wconf 80' lang='lat' dir='ltr'><strong>magna</strong></span> <span class='ocrx_word' id='word_1_238' title='bbox 598 3358 679 3408; x_wconf 89' lang='lat' dir='ltr'><strong>cum</strong></span> <span class='ocrx_word' id='word_1_239' title='bbox 701 3342 855 3423; x_wconf 89' lang='lat' dir='ltr'><strong>licentia,</strong></span> <span class='ocrx_word' id='word_1_240' title='bbox 873 3341 976 3423; x_wconf 75' lang='lat' dir='ltr'><strong>Juxta</strong></span> <span class='ocrx_word' id='word_1_241' title='bbox 991 3343 1168 3425; x_wconf 86' lang='lat' dir='ltr'><strong>publicam</strong></span> <span class='ocrx_word' id='word_1_242' title='bbox 1187 3342 1331 3422; x_wconf 86' lang='lat' dir='ltr'><strong>samam,</strong></span> <span class='ocrx_word' id='word_1_243' title='bbox 1354 3343 1477 3407; x_wconf 87' lang='lat' dir='ltr'><strong>vivere</strong></span> <span class='ocrx_word' id='word_1_244' title='bbox 1492 3341 1588 3406; x_wconf 87' lang='lat' dir='ltr'><strong>soiiti</strong></span> 
     </span>
     <span class='ocr_line' id='line_1_29' title="bbox 359 3449 1526 3528; baseline -0.001 -13"><span class='ocrx_word' id='word_1_245' title='bbox 359 3459 473 3528; x_wconf 84' lang='lat' dir='ltr'><strong>erant,</strong></span> <span class='ocrx_word' id='word_1_246' title='bbox 488 3450 610 3515; x_wconf 80' lang='lat' dir='ltr'><strong>fovere</strong></span> <span class='ocrx_word' id='word_1_247' title='bbox 625 3451 682 3514; x_wconf 88' lang='lat' dir='ltr'><strong>vei</strong></span> <span class='ocrx_word' id='word_1_248' title='bbox 697 3461 861 3515; x_wconf 89' lang='lat' dir='ltr'><strong>auctores</strong></span> <span class='ocrx_word' id='word_1_249' title='bbox 877 3467 955 3514; x_wconf 89' lang='lat' dir='ltr'><strong>esse</strong></span> <span class='ocrx_word' id='word_1_250' title='bbox 970 3449 1206 3514; x_wconf 88' lang='lat' dir='ltr'><strong>credebantur</strong></span> <span class='ocrx_word' id='word_1_251' title='bbox 1220 3449 1328 3514; x_wconf 88' lang='lat' dir='ltr'><strong>totius</strong></span> <span class='ocrx_word' id='word_1_252' title='bbox 1343 3449 1526 3514; x_wconf 88' lang='lat' dir='ltr'><strong>tumuitus.</strong></span> 
     </span>
    </p>

    <p class='ocr_par' dir='ltr' id='par_1_4' title="bbox 418 3555 1587 3639">
     <span class='ocr_line' id='line_1_30' title="bbox 418 3555 1587 3639; baseline -0.001 -18"><span class='ocrx_word' id='word_1_253' title='bbox 418 3555 490 3621; x_wconf 88' lang='grc'><strong>790.</strong></span> <span class='ocrx_word' id='word_1_254' title='bbox 534 3556 684 3639; x_wconf 90' lang='lat' dir='ltr'><strong>Scripsit</strong></span> <span class='ocrx_word' id='word_1_255' title='bbox 706 3573 793 3638; x_wconf 84' lang='lat' dir='ltr'><strong>ergo</strong></span> <span class='ocrx_word' id='word_1_256' title='bbox 814 3556 912 3621; x_wconf 91' lang='lat' dir='ltr'><strong>Patri</strong></span> <span class='ocrx_word' id='word_1_257' title='bbox 934 3557 1121 3622; x_wconf 87' lang='lat' dir='ltr'><strong>Pelietario</strong></span> <span class='ocrx_word' id='word_1_258' title='bbox 1147 3557 1388 3622; x_wconf 88' lang='lat' dir='ltr'><strong>necessarium</strong></span> <span class='ocrx_word' id='word_1_259' title='bbox 1409 3555 1523 3621; x_wconf 84' lang='lat' dir='ltr'><strong>videri</strong></span> <span class='ocrx_word' id='word_1_260' title='bbox 1549 3567 1587 3622; x_wconf 91' lang='lat' dir='ltr'><strong>ut</strong></span> 
     </span>
    </p>
   </div>
   <div class='ocr_carea' id='block_1_3' title="bbox 355 3799 1591 4713">
    <p class='ocr_par' dir='ltr' id='par_1_5' title="bbox 355 3799 1591 4643">
     <span class='ocr_line' id='line_1_31' title="bbox 402 3799 1588 3856; baseline 0 -12"><span class='ocrx_word' id='word_1_261' title='bbox 402 3803 411 3835; x_wconf 75' lang='grc' dir='ltr'>Ι</span> <span class='ocrx_word' id='word_1_262' title='bbox 440 3799 530 3846; x_wconf 88' lang='lat' dir='ltr'><strong>Sermo</strong></span> <span class='ocrx_word' id='word_1_263' title='bbox 542 3800 584 3845; x_wconf 86' lang='lat' dir='ltr'><strong>bic</strong></span> <span class='ocrx_word' id='word_1_264' title='bbox 599 3801 689 3854; x_wconf 87' lang='lat' dir='ltr'><strong>procui</strong></span> <span class='ocrx_word' id='word_1_265' title='bbox 704 3800 781 3844; x_wconf 89' lang='lat' dir='ltr'><strong>dubio</strong></span> <span class='ocrx_word' id='word_1_266' title='bbox 796 3807 836 3845; x_wconf 86' lang='lat' dir='ltr'><strong>cst</strong></span> <span class='ocrx_word' id='word_1_267' title='bbox 847 3801 877 3844; x_wconf 87' lang='lat' dir='ltr'><strong>do</strong></span> <span class='ocrx_word' id='word_1_268' title='bbox 892 3801 968 3856; x_wconf 84' lang='lat' dir='ltr'><strong>libro,</strong></span> <span class='ocrx_word' id='word_1_269' title='bbox 982 3812 1058 3856; x_wconf 85' lang='lat' dir='ltr'><strong>quem</strong></span> <span class='ocrx_word' id='word_1_270' title='bbox 1072 3801 1112 3846; x_wconf 76' lang='lat' dir='ltr'><strong>ita</strong></span> <span class='ocrx_word' id='word_1_271' title='bbox 1127 3800 1248 3845; x_wconf 82' lang='lat' dir='ltr'><strong>describit</strong></span> <span class='ocrx_word' id='word_1_272' title='bbox 1261 3799 1314 3856; x_wconf 79' lang='lat' dir='ltr'><strong>ipse</strong></span> <span class='ocrx_word' id='word_1_273' title='bbox 1329 3799 1464 3845; x_wconf 79' lang='lat' dir='ltr'><strong>Poiancns:</strong></span> <span class='ocrx_word' id='word_1_274' title='bbox 1476 3799 1588 3853; x_wconf 81' lang='lat' dir='ltr'><strong>“Queata</strong></span> 
     </span>
     <span class='ocr_line' id='line_1_32' title="bbox 358 3871 1587 3929; baseline -0.003 -10"><span class='ocrx_word' id='word_1_275' title='bbox 358 3877 422 3920; x_wconf 72' lang='lat' dir='ltr'><strong>rara</strong></span> <span class='ocrx_word' id='word_1_276' title='bbox 428 3885 473 3929; x_wconf 86' lang='lat' dir='ltr'><strong>per</strong></span> <span class='ocrx_word' id='word_1_277' title='bbox 484 3873 590 3919; x_wconf 72' lang='lat' dir='ltr'><strong>aviam</strong></span> <span class='ocrx_word' id='word_1_278' title='bbox 605 3873 702 3928; x_wconf 87' lang='lat' dir='ltr'><strong>qneiio,</strong></span> <span class='ocrx_word' id='word_1_279' title='bbox 712 3873 761 3916; x_wconf 79' lang='lat' dir='ltr'><strong>cire</strong></span> <span class='ocrx_word' id='word_1_280' title='bbox 771 3871 806 3917; x_wconf 83' lang='lat' dir='ltr'><strong>mi</strong></span> <span class='ocrx_word' id='word_1_281' title='bbox 815 3883 862 3918; x_wconf 78' lang='lat' dir='ltr'><strong>non</strong></span> <span class='ocrx_word' id='word_1_282' title='bbox 871 3873 1040 3918; x_wconf 85' lang='lat' dir='ltr'><strong>dimeutieato</strong></span> <span class='ocrx_word' id='word_1_283' title='bbox 1055 3874 1072 3917; x_wconf 76' lang='grc' dir='ltr'><strong>ι’</strong></span> <span class='ocrx_word' id='word_1_284' title='bbox 1082 3874 1153 3916; x_wconf 75' lang='lat' dir='ltr'><strong>eitra</strong></span> <span class='ocrx_word' id='word_1_285' title='bbox 1168 3871 1317 3917; x_wconf 74' lang='lat' dir='ltr'><strong>settimana:</strong></span> <span class='ocrx_word' id='word_1_286' title='bbox 1329 3878 1356 3916; x_wconf 88' lang='lat' dir='ltr'><strong>et</strong></span> <span class='ocrx_word' id='word_1_287' title='bbox 1366 3875 1379 3916; x_wconf 80' lang='lat' dir='ltr'><strong>e</strong></span> <span class='ocrx_word' id='word_1_288' title='bbox 1390 3883 1424 3916; x_wconf 89' lang='lat' dir='ltr'><strong>ua</strong></span> <span class='ocrx_word' id='word_1_289' title='bbox 1440 3879 1511 3918; x_wconf 80' lang='lat' dir='ltr'><strong>certo</strong></span> <span class='ocrx_word' id='word_1_290' title='bbox 1522 3873 1587 3916; x_wconf 87' lang='lat' dir='ltr'><strong>libro</strong></span> 
     </span>
     <span class='ocr_line' id='line_1_33' title="bbox 359 3943 1587 4002; baseline -0.004 -10"><span class='ocrx_word' id='word_1_291' title='bbox 359 3953 491 4002; x_wconf 78' lang='lat' dir='ltr'><strong>stampato</strong></span> <span class='ocrx_word' id='word_1_292' title='bbox 502 3944 527 3989; x_wconf 89' lang='lat' dir='ltr'><strong>in</strong></span> <span class='ocrx_word' id='word_1_293' title='bbox 539 3943 651 3998; x_wconf 73' lang='lat' dir='ltr'><strong>Vinepin</strong></span> <span class='ocrx_word' id='word_1_294' title='bbox 661 3945 686 3989; x_wconf 76' lang='lat' dir='ltr'><strong>ni</strong></span> <span class='ocrx_word' id='word_1_295' title='bbox 697 3955 777 3998; x_wconf 77' lang='lat' dir='ltr'><strong>regno</strong></span> <span class='ocrx_word' id='word_1_296' title='bbox 788 3944 856 3989; x_wconf 85' lang='lat' dir='ltr'><strong>detta</strong></span> <span class='ocrx_word' id='word_1_297' title='bbox 866 3944 1006 3999; x_wconf 81' lang='lat' dir='ltr'><strong>Speranza.</strong></span> <span class='ocrx_word' id='word_1_298' title='bbox 1022 3945 1063 3989; x_wconf 87' lang='lat' dir='ltr'><strong>cui</strong></span> <span class='ocrx_word' id='word_1_299' title='bbox 1079 3945 1154 3989; x_wconf 93' lang='lat' dir='ltr'><strong>titoio</strong></span> <span class='ocrx_word' id='word_1_300' title='bbox 1164 3947 1187 3989; x_wconf 81' lang='lat' dir='ltr'><strong>e:</strong></span> <span class='ocrx_word' id='word_1_301' title='bbox 1198 3943 1378 4000; x_wconf 75' lang='lat' dir='ltr'><strong>Exposisione</strong></span> <span class='ocrx_word' id='word_1_302' title='bbox 1392 3944 1422 3987; x_wconf 81' lang='lat' dir='ltr'><strong>di</strong></span> <span class='ocrx_word' id='word_1_303' title='bbox 1437 3943 1520 3988; x_wconf 80' lang='lat' dir='ltr'><strong>santo</strong></span> <span class='ocrx_word' id='word_1_304' title='bbox 1535 3943 1587 3988; x_wconf 80' lang='lat' dir='ltr'><strong>Aa·</strong></span> 
     </span>
     <span class='ocr_line' id='line_1_34' title="bbox 356 4015 1590 4071; baseline -0.001 -12"><span class='ocrx_word' id='word_1_305' title='bbox 356 4017 456 4069; x_wconf 77' lang='lat' dir='ltr'><strong>tonino,</strong></span> <span class='ocrx_word' id='word_1_306' title='bbox 464 4016 638 4060; x_wconf 79' lang='lat' dir='ltr'><strong>Arcrvescovo</strong></span> <span class='ocrx_word' id='word_1_307' title='bbox 648 4015 678 4059; x_wconf 77' lang='lat' dir='ltr'><strong>dt</strong></span> <span class='ocrx_word' id='word_1_308' title='bbox 686 4015 800 4060; x_wconf 78' lang='lat' dir='ltr'><strong>Firenrr</strong></span> <span class='ocrx_word' id='word_1_309' title='bbox 810 4021 891 4070; x_wconf 81' lang='lat' dir='ltr'><strong>sopra</strong></span> <span class='ocrx_word' id='word_1_310' title='bbox 901 4017 912 4058; x_wconf 78' lang='lat' dir='ltr'><strong>r·</strong></span> <span class='ocrx_word' id='word_1_311' title='bbox 921 4017 992 4060; x_wconf 76' lang='lat' dir='ltr'><strong>dicct·</strong></span> <span class='ocrx_word' id='word_1_312' title='bbox 999 4017 1219 4060; x_wconf 77' lang='lat' dir='ltr'><strong>commrdamenti</strong></span> <span class='ocrx_word' id='word_1_313' title='bbox 1226 4019 1251 4060; x_wconf 79' lang='lat' dir='ltr'><strong>et</strong></span> <span class='ocrx_word' id='word_1_314' title='bbox 1259 4022 1340 4071; x_wconf 81' lang='lat' dir='ltr'><strong>sopra</strong></span> <span class='ocrx_word' id='word_1_315' title='bbox 1353 4015 1373 4059; x_wconf 78' lang='lat' dir='ltr'><strong>ii</strong></span> <span class='ocrx_word' id='word_1_316' title='bbox 1383 4015 1465 4059; x_wconf 83' lang='lat' dir='ltr'><strong>Credo</strong></span> <span class='ocrx_word' id='word_1_317' title='bbox 1474 4017 1498 4059; x_wconf 80' lang='lat' dir='ltr'><strong>et</strong></span> <span class='ocrx_word' id='word_1_318' title='bbox 1510 4015 1590 4059; x_wconf 73' lang='lat' dir='ltr'><strong>moire</strong></span> 
     </span>
     <span class='ocr_line' id='line_1_35' title="bbox 357 4086 1589 4142; baseline -0.002 -9"><span class='ocrx_word' id='word_1_319' title='bbox 357 4089 429 4134; x_wconf 79' lang='lat' dir='ltr'><strong>altre</strong></span> <span class='ocrx_word' id='word_1_320' title='bbox 438 4099 498 4133; x_wconf 84' lang='lat' dir='ltr'><strong>rose</strong></span> <span class='ocrx_word' id='word_1_321' title='bbox 506 4087 532 4132; x_wconf 81' lang='lat' dir='ltr'><strong>le</strong></span> <span class='ocrx_word' id='word_1_322' title='bbox 541 4087 618 4142; x_wconf 74' lang='lat' dir='ltr'><strong>quati</strong></span> <span class='ocrx_word' id='word_1_323' title='bbox 626 4089 830 4142; x_wconf 71' lang='lat' dir='ltr'><strong>appartenroao</strong></span> <span class='ocrx_word' id='word_1_324' title='bbox 841 4089 878 4132; x_wconf 79' lang='lat' dir='ltr'><strong>ad</strong></span> <span class='ocrx_word' id='word_1_325' title='bbox 887 4089 951 4140; x_wconf 71' lang='lat' dir='ltr'><strong>ogni</strong></span> <span class='ocrx_word' id='word_1_326' title='bbox 963 4087 1120 4133; x_wconf 73' lang='lat' dir='ltr'><strong>christiano.</strong></span> <span class='ocrx_word' id='word_1_327' title='bbox 1131 4089 1228 4141; x_wconf 84' lang='lat' dir='ltr'><strong>Questo</strong></span> <span class='ocrx_word' id='word_1_328' title='bbox 1238 4089 1304 4133; x_wconf 87' lang='lat' dir='ltr'><strong>libro</strong></span> <span class='ocrx_word' id='word_1_329' title='bbox 1314 4087 1385 4133; x_wconf 85' lang='lat' dir='ltr'><strong>detto</strong></span> <span class='ocrx_word' id='word_1_330' title='bbox 1397 4087 1466 4133; x_wconf 87' lang='lat' dir='ltr'><strong>tieoe</strong></span> <span class='ocrx_word' id='word_1_331' title='bbox 1482 4097 1561 4132; x_wconf 76' lang='lat' dir='ltr'><strong>reno</strong></span> <span class='ocrx_word' id='word_1_332' title='bbox 1571 4086 1589 4130; x_wconf 91' lang='lat' dir='ltr'><strong>ii</strong></span> 
     </span>
     <span class='ocr_line' id='line_1_36' title="bbox 358 4158 1588 4212; baseline -0.002 -8"><span class='ocrx_word' id='word_1_333' title='bbox 358 4160 406 4205; x_wconf 73' lang='lat' dir='ltr'><strong>dne</strong></span> <span class='ocrx_word' id='word_1_334' title='bbox 422 4165 555 4204; x_wconf 76' lang='lat' dir='ltr'><strong>attaccato</strong></span> <span class='ocrx_word' id='word_1_335' title='bbox 569 4159 610 4203; x_wconf 87' lang='lat' dir='ltr'><strong>un&#39;</strong></span> <span class='ocrx_word' id='word_1_336' title='bbox 625 4160 704 4212; x_wconf 78' lang='lat' dir='ltr'><strong>nitro,</strong></span> <span class='ocrx_word' id='word_1_337' title='bbox 719 4158 766 4202; x_wconf 78' lang='lat' dir='ltr'><strong>cire</strong></span> <span class='ocrx_word' id='word_1_338' title='bbox 779 4159 848 4202; x_wconf 82' lang='lat' dir='ltr'><strong>tiene</strong></span> <span class='ocrx_word' id='word_1_339' title='bbox 859 4158 876 4202; x_wconf 87' lang='lat' dir='ltr'><strong>ii</strong></span> <span class='ocrx_word' id='word_1_340' title='bbox 888 4160 963 4204; x_wconf 90' lang='lat' dir='ltr'><strong>titoio</strong></span> <span class='ocrx_word' id='word_1_341' title='bbox 978 4167 1110 4212; x_wconf 66' lang='lat' dir='ltr'><strong>sequente:</strong></span> <span class='ocrx_word' id='word_1_342' title='bbox 1121 4159 1206 4203; x_wconf 81' lang='lat' dir='ltr'><strong>Brevi</strong></span> <span class='ocrx_word' id='word_1_343' title='bbox 1215 4159 1387 4204; x_wconf 75' lang='lat' dir='ltr'><strong>annotationi</strong></span> <span class='ocrx_word' id='word_1_344' title='bbox 1396 4169 1470 4202; x_wconf 80' lang='lat' dir='ltr'><strong>come</strong></span> <span class='ocrx_word' id='word_1_345' title='bbox 1480 4159 1506 4201; x_wconf 78' lang='lat' dir='ltr'><strong>sl</strong></span> <span class='ocrx_word' id='word_1_346' title='bbox 1520 4158 1588 4202; x_wconf 82' lang='lat' dir='ltr'><strong>deur</strong></span> 
     </span>
     <span class='ocr_line' id='line_1_37' title="bbox 355 4228 1591 4286; baseline -0.002 -13"><span class='ocrx_word' id='word_1_347' title='bbox 355 4230 456 4276; x_wconf 77' lang='lat' dir='ltr'><strong>havere</strong></span> <span class='ocrx_word' id='word_1_348' title='bbox 465 4233 491 4275; x_wconf 78' lang='lat' dir='ltr'><strong>et</strong></span> <span class='ocrx_word' id='word_1_349' title='bbox 502 4233 662 4274; x_wconf 69' lang='lat' dir='ltr'><strong>aserenan</strong></span> <span class='ocrx_word' id='word_1_350' title='bbox 672 4231 693 4273; x_wconf 81' lang='lat' dir='ltr'><strong>r&#39;t</strong></span> <span class='ocrx_word' id='word_1_351' title='bbox 705 4239 769 4274; x_wconf 81' lang='lat' dir='ltr'><strong>vero</strong></span> <span class='ocrx_word' id='word_1_352' title='bbox 784 4229 934 4274; x_wconf 75' lang='lat' dir='ltr'><strong>christiano</strong></span> <span class='ocrx_word' id='word_1_353' title='bbox 948 4239 1026 4274; x_wconf 77' lang='lat' dir='ltr'><strong>verso</strong></span> <span class='ocrx_word' id='word_1_354' title='bbox 1042 4231 1118 4275; x_wconf 78' lang='lat' dir='ltr'><strong>Idaeir&#39;o</strong></span> <span class='ocrx_word' id='word_1_355' title='bbox 1133 4233 1159 4274; x_wconf 80' lang='lat' dir='ltr'><strong>et</strong></span> <span class='ocrx_word' id='word_1_356' title='bbox 1174 4231 1195 4274; x_wconf 73' lang='lat' dir='ltr'><strong>ii</strong></span> <span class='ocrx_word' id='word_1_357' title='bbox 1203 4234 1338 4286; x_wconf 77' lang='lat' dir='ltr'><strong>prosstmo</strong></span> <span class='ocrx_word' id='word_1_358' title='bbox 1348 4241 1404 4273; x_wconf 79' lang='lat' dir='ltr'><strong>sno.</strong></span> <span class='ocrx_word' id='word_1_359' title='bbox 1418 4228 1515 4283; x_wconf 84' lang='lat' dir='ltr'><strong>Questo</strong></span> <span class='ocrx_word' id='word_1_360' title='bbox 1525 4235 1591 4274; x_wconf 73' lang='lat' dir='ltr'><strong>trar-</strong></span> 
     </span>
     <span class='ocr_line' id='line_1_38' title="bbox 356 4300 1588 4357; baseline -0.003 -11"><span class='ocrx_word' id='word_1_361' title='bbox 356 4304 447 4348; x_wconf 80' lang='lat' dir='ltr'><strong>rateiio</strong></span> <span class='ocrx_word' id='word_1_362' title='bbox 462 4306 476 4346; x_wconf 81' lang='lat' dir='ltr'><strong>e</strong></span> <span class='ocrx_word' id='word_1_363' title='bbox 491 4301 629 4348; x_wconf 81' lang='lat' dir='ltr'><strong>iutiterano</strong></span> <span class='ocrx_word' id='word_1_364' title='bbox 642 4312 657 4345; x_wconf 83' lang='lat' dir='ltr'><strong>e</strong></span> <span class='ocrx_word' id='word_1_365' title='bbox 671 4302 747 4356; x_wconf 88' lang='lat' dir='ltr'><strong>pieno</strong></span> <span class='ocrx_word' id='word_1_366' title='bbox 762 4301 787 4346; x_wconf 85' lang='lat' dir='ltr'><strong>di</strong></span> <span class='ocrx_word' id='word_1_367' title='bbox 802 4303 860 4356; x_wconf 86' lang='lat' dir='ltr'><strong>quei</strong></span> <span class='ocrx_word' id='word_1_368' title='bbox 875 4303 968 4357; x_wconf 76' lang='lat' dir='ltr'><strong>spirito</strong></span> <span class='ocrx_word' id='word_1_369' title='bbox 984 4301 1178 4348; x_wconf 76' lang='lat' dir='ltr'><strong>mniedetto.13t</strong></span> <span class='ocrx_word' id='word_1_370' title='bbox 1190 4303 1214 4348; x_wconf 73' lang='lat' dir='ltr'><strong>ia</strong></span> <span class='ocrx_word' id='word_1_371' title='bbox 1225 4301 1255 4348; x_wconf 84' lang='lat' dir='ltr'><strong>tt.</strong></span> <span class='ocrx_word' id='word_1_372' title='bbox 1268 4300 1298 4347; x_wconf 82' lang='lat' dir='ltr'><strong>V.</strong></span> <span class='ocrx_word' id='word_1_373' title='bbox 1309 4302 1413 4357; x_wconf 83' lang='lat' dir='ltr'><strong>procori</strong></span> <span class='ocrx_word' id='word_1_374' title='bbox 1431 4301 1457 4344; x_wconf 89' lang='lat' dir='ltr'><strong>di</strong></span> <span class='ocrx_word' id='word_1_375' title='bbox 1473 4301 1588 4346; x_wconf 74' lang='lat' dir='ltr'><strong>arverne</strong></span> 
     </span>
     <span class='ocr_line' id='line_1_39' title="bbox 356 4366 1589 4430; baseline -0.003 -11"><span class='ocrx_word' id='word_1_376' title='bbox 356 4385 406 4419; x_wconf 85' lang='lat' dir='ltr'><strong>uno</strong></span> <span class='ocrx_word' id='word_1_377' title='bbox 416 4385 463 4429; x_wconf 86' lang='lat' dir='ltr'><strong>per</strong></span> <span class='ocrx_word' id='word_1_378' title='bbox 473 4375 613 4419; x_wconf 80' lang='lat' dir='ltr'><strong>mortrario</strong></span> <span class='ocrx_word' id='word_1_379' title='bbox 626 4374 652 4417; x_wconf 79' lang='lat' dir='ltr'><strong>ai</strong></span> <span class='ocrx_word' id='word_1_380' title='bbox 662 4372 763 4427; x_wconf 76' lang='lat' dir='ltr'><strong>Legato</strong></span> <span class='ocrx_word' id='word_1_381' title='bbox 774 4377 845 4416; x_wconf 78' lang='lat' dir='ltr'><strong>acero</strong></span> <span class='ocrx_word' id='word_1_382' title='bbox 856 4375 881 4417; x_wconf 91' lang='lat' dir='ltr'><strong>io</strong></span> <span class='ocrx_word' id='word_1_383' title='bbox 891 4374 976 4418; x_wconf 80' lang='lat' dir='ltr'><strong>faccia</strong></span> <span class='ocrx_word' id='word_1_384' title='bbox 988 4374 1164 4430; x_wconf 74' lang='lat' dir='ltr'><strong>abbrnpgiare</strong></span> <span class='ocrx_word' id='word_1_385' title='bbox 1175 4384 1189 4417; x_wconf 91' lang='lat'>0</span> <span class='ocrx_word' id='word_1_386' title='bbox 1200 4375 1313 4430; x_wconf 66' lang='lat' dir='ltr'><strong>tertiare</strong></span> <span class='ocrx_word' id='word_1_387' title='bbox 1323 4373 1446 4418; x_wconf 77' lang='lat' dir='ltr'><strong>lassando</strong></span> <span class='ocrx_word' id='word_1_388' title='bbox 1457 4373 1474 4416; x_wconf 80' lang='lat' dir='ltr'><strong>i·</strong></span> <span class='ocrx_word' id='word_1_389' title='bbox 1484 4374 1553 4416; x_wconf 81' lang='lat' dir='ltr'><strong>altro</strong></span> <span class='ocrx_word' id='word_1_390' title='bbox 1564 4366 1589 4416; x_wconf 84' lang='lat' dir='ltr'><strong>di</strong></span> 
     </span>
     <span class='ocr_line' id='line_1_40' title="bbox 358 4441 1588 4500; baseline -0.002 -12"><span class='ocrx_word' id='word_1_391' title='bbox 358 4445 440 4490; x_wconf 85' lang='lat' dir='ltr'><strong>santo</strong></span> <span class='ocrx_word' id='word_1_392' title='bbox 450 4445 590 4498; x_wconf 69' lang='lat' dir='ltr'><strong>Antonium</strong></span> <span class='ocrx_word' id='word_1_393' title='bbox 600 4449 626 4489; x_wconf 84' lang='lat' dir='ltr'><strong>et</strong></span> <span class='ocrx_word' id='word_1_394' title='bbox 637 4453 664 4488; x_wconf 81' lang='lat' dir='ltr'><strong>se</strong></span> <span class='ocrx_word' id='word_1_395' title='bbox 676 4454 726 4486; x_wconf 89' lang='lat' dir='ltr'><strong>non</strong></span> <span class='ocrx_word' id='word_1_396' title='bbox 736 4443 759 4485; x_wconf 85' lang='lat' dir='ltr'><strong>ci</strong></span> <span class='ocrx_word' id='word_1_397' title='bbox 771 4441 832 4488; x_wconf 71' lang='lat' dir='ltr'><strong>tosa</strong></span> <span class='ocrx_word' id='word_1_398' title='bbox 843 4445 930 4498; x_wconf 79' lang='lat' dir='ltr'><strong>qneiia</strong></span> <span class='ocrx_word' id='word_1_399' title='bbox 941 4445 1096 4489; x_wconf 81' lang='lat' dir='ltr'><strong>commodittt</strong></span> <span class='ocrx_word' id='word_1_400' title='bbox 1106 4455 1152 4500; x_wconf 85' lang='lat' dir='ltr'><strong>per</strong></span> <span class='ocrx_word' id='word_1_401' title='bbox 1166 4445 1210 4489; x_wconf 78' lang='lat' dir='ltr'><strong>ria</strong></span> <span class='ocrx_word' id='word_1_402' title='bbox 1227 4445 1268 4488; x_wconf 85' lang='lat' dir='ltr'><strong>dci</strong></span> <span class='ocrx_word' id='word_1_403' title='bbox 1279 4443 1388 4498; x_wconf 64' lang='lat' dir='ltr'><strong>Legato.</strong></span> <span class='ocrx_word' id='word_1_404' title='bbox 1404 4443 1472 4488; x_wconf 78' lang='lat' dir='ltr'><strong>forse</strong></span> <span class='ocrx_word' id='word_1_405' title='bbox 1487 4453 1534 4498; x_wconf 86' lang='lat' dir='ltr'><strong>per</strong></span> <span class='ocrx_word' id='word_1_406' title='bbox 1545 4443 1588 4486; x_wconf 77' lang='lat' dir='ltr'><strong>eia</strong></span> 
     </span>
     <span class='ocr_line' id='line_1_41' title="bbox 355 4515 1587 4572; baseline -0.002 -10"><span class='ocrx_word' id='word_1_407' title='bbox 355 4518 415 4562; x_wconf 85' lang='lat' dir='ltr'><strong>deii’</strong></span> <span class='ocrx_word' id='word_1_408' title='bbox 429 4516 585 4572; x_wconf 81' lang='lat' dir='ltr'><strong>inquisitore</strong></span> <span class='ocrx_word' id='word_1_409' title='bbox 600 4528 630 4560; x_wconf 87' lang='lat' dir='ltr'><strong>ce</strong></span> <span class='ocrx_word' id='word_1_410' title='bbox 645 4519 762 4563; x_wconf 75' lang='lat' dir='ltr'><strong>sarebbe.</strong></span> <span class='ocrx_word' id='word_1_411' title='bbox 778 4516 831 4561; x_wconf 83' lang='lat' dir='ltr'><strong>Che</strong></span> <span class='ocrx_word' id='word_1_412' title='bbox 846 4518 930 4572; x_wconf 84' lang='lat' dir='ltr'><strong>questi</strong></span> <span class='ocrx_word' id='word_1_413' title='bbox 948 4517 1018 4563; x_wconf 87' lang='lat' dir='ltr'><strong>tristi</strong></span> <span class='ocrx_word' id='word_1_414' title='bbox 1031 4527 1113 4562; x_wconf 80' lang='lat' dir='ltr'><strong>vanno</strong></span> <span class='ocrx_word' id='word_1_415' title='bbox 1130 4516 1294 4562; x_wconf 81' lang='lat' dir='ltr'><strong>mescoiando</strong></span> <span class='ocrx_word' id='word_1_416' title='bbox 1304 4517 1321 4561; x_wconf 94' lang='lat' dir='ltr'><strong>ii</strong></span> <span class='ocrx_word' id='word_1_417' title='bbox 1337 4527 1436 4561; x_wconf 74' lang='lat' dir='ltr'><strong>veneno</strong></span> <span class='ocrx_word' id='word_1_418' title='bbox 1448 4515 1489 4561; x_wconf 77' lang='lat' dir='ltr'><strong>ira</strong></span> <span class='ocrx_word' id='word_1_419' title='bbox 1500 4515 1517 4560; x_wconf 91' lang='lat' dir='ltr'><strong>ii</strong></span> <span class='ocrx_word' id='word_1_420' title='bbox 1529 4516 1587 4560; x_wconf 88' lang='lat' dir='ltr'><strong>boni</strong></span> 
     </span>
     <span class='ocr_line' id='line_1_42' title="bbox 359 4587 780 4643; baseline -0.002 -9"><span class='ocrx_word' id='word_1_421' title='bbox 359 4589 433 4643; x_wconf 74' lang='lat' dir='ltr'><strong>riou„</strong></span> <span class='ocrx_word' id='word_1_422' title='bbox 443 4587 547 4632; x_wconf 85' lang='lat' dir='ltr'><strong>Rectori</strong></span> <span class='ocrx_word' id='word_1_423' title='bbox 558 4587 669 4642; x_wconf 77' lang='lat' dir='ltr'><strong>Veneto,</strong></span> <span class='ocrx_word' id='word_1_424' title='bbox 676 4589 704 4633; x_wconf 58' lang='grc' dir='ltr'><em>Β</em></span> <span class='ocrx_word' id='word_1_425' title='bbox 711 4587 780 4643; x_wconf 76' lang='lat' dir='ltr'><strong>iiaji.</strong></span> 
     </span>
    </p>

    <p class='ocr_par' dir='ltr' id='par_1_6' title="bbox 399 4659 623 4713">
     <span class='ocr_line' id='line_1_43' title="bbox 399 4659 623 4713; baseline -0.009 -7"><span class='ocrx_word' id='word_1_426' title='bbox 399 4659 411 4692; x_wconf 83' lang='lat'><strong>¹</strong></span> <span class='ocrx_word' id='word_1_427' title='bbox 436 4659 623 4713; x_wconf 63' lang='lat' dir='ltr'><strong>neferretur.</strong></span> 
     </span>
    </p>
   </div>
   <div class='ocr_carea' id='block_1_4' title="bbox 0 0 1826 5350">
    <p class='ocr_par' dir='ltr' id='par_1_7' title="bbox 0 0 1826 5350">
     <span class='ocr_line' id='line_1_44' title="bbox 0 0 1826 5350; baseline 0 0"><span class='ocrx_word' id='word_1_428' title='bbox 0 0 1826 5350; x_wconf 95' lang='lat' dir='ltr'><strong> </strong></span> 
     </span>
    </p>
   </div>
  </div>
 </body>
</html>
