<?xml version="1.0" encoding="UTF-8"?>
<!DOCTYPE html PUBLIC "-//W3C//DTD XHTML 1.0 Transitional//EN"
    "http://www.w3.org/TR/xhtml1/DTD/xhtml1-transitional.dtd">
<html xmlns="http://www.w3.org/1999/xhtml" xml:lang="en" lang="en">
 <head>
  <title>
</title>
<meta http-equiv="Content-Type" content="text/html;charset=utf-8" />
  <meta name='ocr-system' content='tesseract 3.04.00' />
  <meta name='ocr-capabilities' content='ocr_page ocr_carea ocr_par ocr_line ocrx_word'/>
</head>
<body>
  <div class='ocr_page' id='page_1' title='image "./vitaignatiiloio00polagoog_0090.png"; bbox 0 0 3642 5350; ppageno 0'>
   <div class='ocr_carea' id='block_1_1' title="bbox 376 421 1152 495">
    <p class='ocr_par' dir='ltr' id='par_1_1' title="bbox 376 421 1152 495">
     <span class='ocr_line' id='line_1_1' title="bbox 376 421 1152 495; baseline -0.001 -15"><span class='ocrx_word' id='word_1_1' title='bbox 376 423 411 480; x_wconf 77' lang='lat' dir='ltr'>bl</span> <span class='ocrx_word' id='word_1_2' title='bbox 835 422 964 482; x_wconf 77' lang='lat' dir='ltr'>Canon.</span> <span class='ocrx_word' id='word_1_3' title='bbox 986 421 1062 481; x_wconf 89' lang='lat' dir='ltr'><strong>Soc.</strong></span> <span class='ocrx_word' id='word_1_4' title='bbox 1082 423 1152 495; x_wconf 75' lang='lat' dir='ltr'>jas.</span> 
     </span>
    </p>
   </div>
   <div class='ocr_carea' id='block_1_2' title="bbox 365 566 1633 4385">
    <p class='ocr_par' dir='ltr' id='par_1_2' title="bbox 371 566 1633 2570">
     <span class='ocr_line' id='line_1_2' title="bbox 375 566 1633 647; baseline -0.002 -15"><span class='ocrx_word' id='word_1_5' title='bbox 375 569 581 632; x_wconf 81' lang='lat' dir='ltr'>concionem</span> <span class='ocrx_word' id='word_1_6' title='bbox 608 567 722 631; x_wconf 91' lang='lat' dir='ltr'>denuo</span> <span class='ocrx_word' id='word_1_7' title='bbox 747 566 973 632; x_wconf 79' lang='lat' dir='ltr'>Gubernator</span> <span class='ocrx_word' id='word_1_8' title='bbox 995 567 1098 647; x_wconf 88' lang='lat' dir='ltr'>jussit</span> <span class='ocrx_word' id='word_1_9' title='bbox 1121 577 1159 630; x_wconf 91' lang='lat' dir='ltr'>ut</span> <span class='ocrx_word' id='word_1_10' title='bbox 1181 567 1278 630; x_wconf 87' lang='lat' dir='ltr'>cives</span> <span class='ocrx_word' id='word_1_11' title='bbox 1297 568 1428 630; x_wconf 92' lang='lat' dir='ltr'>liberos</span> <span class='ocrx_word' id='word_1_12' title='bbox 1451 583 1538 630; x_wconf 91' lang='lat' dir='ltr'>suos</span> <span class='ocrx_word' id='word_1_13' title='bbox 1562 566 1607 629; x_wconf 88' lang='lat' dir='ltr'>ad</span> <span class='ocrx_word' id='word_1_14' title='bbox 1628 587 1633 595; x_wconf 89' lang='lat'><strong>·</strong></span> 
     </span>
     <span class='ocr_line' id='line_1_3' title="bbox 375 672 1607 754; baseline -0.002 -16"><span class='ocrx_word' id='word_1_15' title='bbox 375 676 629 738; x_wconf 84' lang='lat' dir='ltr'><strong>catechismum</strong></span> <span class='ocrx_word' id='word_1_16' title='bbox 654 674 868 738; x_wconf 89' lang='lat' dir='ltr'>audiendum</span> <span class='ocrx_word' id='word_1_17' title='bbox 888 675 1078 737; x_wconf 84' lang='lat' dir='ltr'>mitterent.</span> <span class='ocrx_word' id='word_1_18' title='bbox 1098 672 1244 754; x_wconf 85' lang='lat' dir='ltr'>Semper</span> <span class='ocrx_word' id='word_1_19' title='bbox 1264 674 1414 737; x_wconf 88' lang='lat' dir='ltr'>aderant</span> <span class='ocrx_word' id='word_1_20' title='bbox 1439 674 1607 737; x_wconf 89' lang='lat' dir='ltr'>doctores</span> 
     </span>
     <span class='ocr_line' id='line_1_4' title="bbox 374 780 1606 860; baseline -0.001 -15"><span class='ocrx_word' id='word_1_21' title='bbox 374 782 448 846; x_wconf 91' lang='lat' dir='ltr'>sere</span> <span class='ocrx_word' id='word_1_22' title='bbox 463 799 585 846; x_wconf 89' lang='lat' dir='ltr'>omnes</span> <span class='ocrx_word' id='word_1_23' title='bbox 599 781 696 844; x_wconf 91' lang='lat' dir='ltr'>urbis</span> <span class='ocrx_word' id='word_1_24' title='bbox 711 791 746 845; x_wconf 93' lang='lat' dir='ltr'>et</span> <span class='ocrx_word' id='word_1_25' title='bbox 760 782 938 860; x_wconf 88' lang='lat' dir='ltr'>canonici,</span> <span class='ocrx_word' id='word_1_26' title='bbox 961 798 1042 845; x_wconf 93' lang='lat' dir='ltr'>cum</span> <span class='ocrx_word' id='word_1_27' title='bbox 1057 782 1152 844; x_wconf 89' lang='lat' dir='ltr'>clero</span> <span class='ocrx_word' id='word_1_28' title='bbox 1171 790 1206 844; x_wconf 89' lang='lat' dir='ltr'>et</span> <span class='ocrx_word' id='word_1_29' title='bbox 1225 780 1401 860; x_wconf 82' lang='lat' dir='ltr'>religiosis</span> <span class='ocrx_word' id='word_1_30' title='bbox 1421 781 1606 844; x_wconf 87' lang='lat' dir='ltr'>variorum</span> 
     </span>
     <span class='ocr_line' id='line_1_5' title="bbox 375 886 1603 969; baseline -0.002 -17"><span class='ocrx_word' id='word_1_31' title='bbox 375 888 547 967; x_wconf 89' lang='lat' dir='ltr'>ordinum,</span> <span class='ocrx_word' id='word_1_32' title='bbox 565 897 600 952; x_wconf 92' lang='lat' dir='ltr'>et</span> <span class='ocrx_word' id='word_1_33' title='bbox 613 889 774 968; x_wconf 89' lang='lat' dir='ltr'>primarii</span> <span class='ocrx_word' id='word_1_34' title='bbox 789 886 864 967; x_wconf 85' lang='lat' dir='ltr'>ejus</span> <span class='ocrx_word' id='word_1_35' title='bbox 879 888 977 952; x_wconf 90' lang='lat' dir='ltr'>urbis</span> <span class='ocrx_word' id='word_1_36' title='bbox 992 889 1102 967; x_wconf 88' lang='lat' dir='ltr'>cives,</span> <span class='ocrx_word' id='word_1_37' title='bbox 1123 888 1183 969; x_wconf 91' lang='lat' dir='ltr'>qui</span> <span class='ocrx_word' id='word_1_38' title='bbox 1205 905 1327 952; x_wconf 89' lang='lat' dir='ltr'>omnes</span> <span class='ocrx_word' id='word_1_39' title='bbox 1348 897 1383 951; x_wconf 90' lang='lat' dir='ltr'>et</span> <span class='ocrx_word' id='word_1_40' title='bbox 1403 888 1603 968; x_wconf 86' lang='lat' dir='ltr'>probabant</span> 
     </span>
     <span class='ocr_line' id='line_1_6' title="bbox 375 985 1603 1076; baseline -0.002 -17"><span class='ocrx_word' id='word_1_41' title='bbox 375 1005 409 1060; x_wconf 93' lang='lat' dir='ltr'>et</span> <span class='ocrx_word' id='word_1_42' title='bbox 425 996 692 1059; x_wconf 85' lang='lat' dir='ltr'>admirabantur</span> <span class='ocrx_word' id='word_1_43' title='bbox 707 1012 923 1076; x_wconf 84' lang='lat' dir='ltr'>magnopere</span> <span class='ocrx_word' id='word_1_44' title='bbox 938 995 1148 1059; x_wconf 90' lang='lat' dir='ltr'>concionum</span> <span class='ocrx_word' id='word_1_45' title='bbox 1163 985 1268 1075; x_wconf 83' lang='lat' dir='ltr'>¹atque</span> <span class='ocrx_word' id='word_1_46' title='bbox 1282 997 1473 1058; x_wconf 91' lang='lat' dir='ltr'>lectionum</span> <span class='ocrx_word' id='word_1_47' title='bbox 1488 994 1603 1059; x_wconf 88' lang='lat' dir='ltr'>erudi·</span> 
     </span>
     <span class='ocr_line' id='line_1_7' title="bbox 374 1101 1606 1182; baseline -0.002 -16"><span class='ocrx_word' id='word_1_48' title='bbox 374 1104 517 1182; x_wconf 89' lang='lat' dir='ltr'>tionem;</span> <span class='ocrx_word' id='word_1_49' title='bbox 544 1111 578 1165; x_wconf 91' lang='lat' dir='ltr'>et</span> <span class='ocrx_word' id='word_1_50' title='bbox 597 1103 763 1166; x_wconf 92' lang='lat' dir='ltr'>monachi</span> <span class='ocrx_word' id='word_1_51' title='bbox 787 1102 894 1166; x_wconf 89' lang='lat' dir='ltr'>etiam</span> <span class='ocrx_word' id='word_1_52' title='bbox 916 1102 1131 1165; x_wconf 89' lang='lat' dir='ltr'>dominicani</span> <span class='ocrx_word' id='word_1_53' title='bbox 1156 1103 1261 1165; x_wconf 89' lang='lat' dir='ltr'>simul</span> <span class='ocrx_word' id='word_1_54' title='bbox 1285 1119 1365 1165; x_wconf 90' lang='lat' dir='ltr'>curn</span> <span class='ocrx_word' id='word_1_55' title='bbox 1390 1101 1469 1165; x_wconf 91' lang='lat' dir='ltr'>aliis</span> <span class='ocrx_word' id='word_1_56' title='bbox 1485 1103 1606 1182; x_wconf 90' lang='lat' dir='ltr'>palam</span> 
     </span>
     <span class='ocr_line' id='line_1_8' title="bbox 374 1207 1604 1289; baseline -0.002 -16"><span class='ocrx_word' id='word_1_57' title='bbox 374 1209 596 1273; x_wconf 88' lang='lat' dir='ltr'>affirmabant</span> <span class='ocrx_word' id='word_1_58' title='bbox 623 1210 697 1272; x_wconf 91' lang='lat' dir='ltr'>vim</span> <span class='ocrx_word' id='word_1_59' title='bbox 731 1208 842 1272; x_wconf 92' lang='lat' dir='ltr'>divini</span> <span class='ocrx_word' id='word_1_60' title='bbox 877 1209 1022 1289; x_wconf 89' lang='lat' dir='ltr'>spiritus</span> <span class='ocrx_word' id='word_1_61' title='bbox 1055 1226 1098 1271; x_wconf 91' lang='lat' dir='ltr'>ac</span> <span class='ocrx_word' id='word_1_62' title='bbox 1127 1208 1326 1272; x_wconf 86' lang='lat' dir='ltr'>doctrinam</span> <span class='ocrx_word' id='word_1_63' title='bbox 1354 1209 1391 1271; x_wconf 92' lang='lat' dir='ltr'>in</span> <span class='ocrx_word' id='word_1_64' title='bbox 1425 1207 1604 1272; x_wconf 89' lang='lat' dir='ltr'>Societate</span> 
     </span>
     <span class='ocr_line' id='line_1_9' title="bbox 373 1315 1602 1396; baseline -0.002 -16"><span class='ocrx_word' id='word_1_65' title='bbox 373 1327 496 1380; x_wconf 89' lang='lat' dir='ltr'>nostra</span> <span class='ocrx_word' id='word_1_66' title='bbox 512 1317 646 1396; x_wconf 85' lang='lat' dir='ltr'>vigere:</span> <span class='ocrx_word' id='word_1_67' title='bbox 673 1326 708 1379; x_wconf 87' lang='lat' dir='ltr'>et</span> <span class='ocrx_word' id='word_1_68' title='bbox 730 1316 893 1396; x_wconf 88' lang='lat' dir='ltr'>quamvis</span> <span class='ocrx_word' id='word_1_69' title='bbox 911 1315 1012 1378; x_wconf 91' lang='lat' dir='ltr'>initio</span> <span class='ocrx_word' id='word_1_70' title='bbox 1031 1316 1193 1379; x_wconf 87' lang='lat' dir='ltr'>ridebant</span> <span class='ocrx_word' id='word_1_71' title='bbox 1213 1315 1311 1379; x_wconf 82' lang='lat' dir='ltr'>cives</span> <span class='ocrx_word' id='word_1_72' title='bbox 1333 1315 1428 1396; x_wconf 92' lang='lat' dir='ltr'>quod</span> <span class='ocrx_word' id='word_1_73' title='bbox 1452 1315 1498 1378; x_wconf 91' lang='lat' dir='ltr'>ad</span> <span class='ocrx_word' id='word_1_74' title='bbox 1519 1333 1602 1378; x_wconf 93' lang='lat' dir='ltr'>con·</span> 
     </span>
     <span class='ocr_line' id='line_1_10' title="bbox 373 1421 1604 1502; baseline 0 -16"><span class='ocrx_word' id='word_1_75' title='bbox 373 1423 564 1487; x_wconf 87' lang='lat' dir='ltr'>sessionem</span> <span class='ocrx_word' id='word_1_76' title='bbox 587 1423 786 1486; x_wconf 81' lang='lat' dir='ltr'>faciendam</span> <span class='ocrx_word' id='word_1_77' title='bbox 810 1439 870 1486; x_wconf 91' lang='lat' dir='ltr'>eos</span> <span class='ocrx_word' id='word_1_78' title='bbox 890 1421 928 1484; x_wconf 89' lang='grc' dir='ltr'>Ρ.</span> <span class='ocrx_word' id='word_1_79' title='bbox 949 1422 1156 1486; x_wconf 86' lang='lat' dir='ltr'>Emmanuel</span> <span class='ocrx_word' id='word_1_80' title='bbox 1176 1423 1395 1500; x_wconf 88' lang='lat' dir='ltr'>hortaretur,</span> <span class='ocrx_word' id='word_1_81' title='bbox 1422 1423 1505 1502; x_wconf 92' lang='lat' dir='ltr'>quia</span> <span class='ocrx_word' id='word_1_82' title='bbox 1532 1441 1604 1486; x_wconf 92' lang='lat' dir='ltr'>non</span> 
     </span>
     <span class='ocr_line' id='line_1_11' title="bbox 373 1527 1604 1609; baseline -0.001 -16"><span class='ocrx_word' id='word_1_83' title='bbox 373 1530 561 1593; x_wconf 87' lang='lat' dir='ltr'>videbatur</span> <span class='ocrx_word' id='word_1_84' title='bbox 594 1528 792 1609; x_wconf 90' lang='lat' dir='ltr'>hujusmodi</span> <span class='ocrx_word' id='word_1_85' title='bbox 825 1539 965 1608; x_wconf 91' lang='lat' dir='ltr'>tempus</span> <span class='ocrx_word' id='word_1_86' title='bbox 995 1529 1041 1592; x_wconf 93' lang='lat' dir='ltr'>ad</span> <span class='ocrx_word' id='word_1_87' title='bbox 1070 1527 1309 1593; x_wconf 82' lang='lat' dir='ltr'>consessiones</span> <span class='ocrx_word' id='word_1_88' title='bbox 1339 1529 1522 1607; x_wconf 88' lang='lat' dir='ltr'>idoneum,</span> <span class='ocrx_word' id='word_1_89' title='bbox 1551 1530 1604 1593; x_wconf 91' lang='lat' dir='ltr'>sic</span> 
     </span>
     <span class='ocr_line' id='line_1_12' title="bbox 374 1635 1605 1717; baseline -0.001 -17"><span class='ocrx_word' id='word_1_90' title='bbox 374 1647 499 1717; x_wconf 91' lang='lat' dir='ltr'>postea</span> <span class='ocrx_word' id='word_1_91' title='bbox 515 1637 560 1700; x_wconf 92' lang='lat' dir='ltr'>ad</span> <span class='ocrx_word' id='word_1_92' title='bbox 581 1653 642 1699; x_wconf 90' lang='lat' dir='ltr'>eas</span> <span class='ocrx_word' id='word_1_93' title='bbox 661 1635 868 1700; x_wconf 89' lang='lat' dir='ltr'>inflammati</span> <span class='ocrx_word' id='word_1_94' title='bbox 888 1635 1042 1715; x_wconf 85' lang='lat' dir='ltr'>luerunt,</span> <span class='ocrx_word' id='word_1_95' title='bbox 1063 1644 1102 1698; x_wconf 93' lang='lat' dir='ltr'>ut</span> <span class='ocrx_word' id='word_1_96' title='bbox 1124 1635 1262 1698; x_wconf 88' lang='lat' dir='ltr'>difficile</span> <span class='ocrx_word' id='word_1_97' title='bbox 1281 1636 1472 1699; x_wconf 85' lang='lat' dir='ltr'>admodum</span> <span class='ocrx_word' id='word_1_98' title='bbox 1492 1635 1605 1699; x_wconf 91' lang='lat' dir='ltr'>nostri</span> 
     </span>
     <span class='ocr_line' id='line_1_13' title="bbox 372 1742 1601 1823; baseline -0.001 -16"><span class='ocrx_word' id='word_1_99' title='bbox 372 1756 446 1808; x_wconf 90' lang='lat' dir='ltr'>tam</span> <span class='ocrx_word' id='word_1_100' title='bbox 460 1744 578 1806; x_wconf 92' lang='lat' dir='ltr'>multis</span> <span class='ocrx_word' id='word_1_101' title='bbox 592 1743 851 1823; x_wconf 87' lang='lat' dir='ltr'>poenitentibus</span> <span class='ocrx_word' id='word_1_102' title='bbox 866 1742 1073 1806; x_wconf 81' lang='lat' dir='ltr'>satisfacere</span> <span class='ocrx_word' id='word_1_103' title='bbox 1088 1754 1244 1822; x_wconf 82' lang='lat' dir='ltr'>possent3</span> <span class='ocrx_word' id='word_1_104' title='bbox 1265 1754 1301 1805; x_wconf 91' lang='lat' dir='ltr'>et</span> <span class='ocrx_word' id='word_1_105' title='bbox 1315 1743 1351 1805; x_wconf 94' lang='lat' dir='ltr'>in</span> <span class='ocrx_word' id='word_1_106' title='bbox 1367 1760 1432 1806; x_wconf 91' lang='lat' dir='ltr'>suo</span> <span class='ocrx_word' id='word_1_107' title='bbox 1451 1743 1601 1806; x_wconf 88' lang='lat' dir='ltr'>consilio</span> 
     </span>
     <span class='ocr_line' id='line_1_14' title="bbox 372 1849 1601 1930; baseline -0.002 -16"><span class='ocrx_word' id='word_1_108' title='bbox 372 1853 502 1914; x_wconf 89' lang='lat' dir='ltr'>civitas</span> <span class='ocrx_word' id='word_1_109' title='bbox 522 1850 679 1914; x_wconf 88' lang='lat' dir='ltr'>decrevit</span> <span class='ocrx_word' id='word_1_110' title='bbox 699 1851 803 1914; x_wconf 92' lang='lat' dir='ltr'>simul</span> <span class='ocrx_word' id='word_1_111' title='bbox 822 1868 904 1913; x_wconf 90' lang='lat' dir='ltr'>cum</span> <span class='ocrx_word' id='word_1_112' title='bbox 925 1850 1103 1930; x_wconf 89' lang='lat' dir='ltr'>Episcopo</span> <span class='ocrx_word' id='word_1_113' title='bbox 1124 1849 1272 1913; x_wconf 90' lang='lat' dir='ltr'>Romam</span> <span class='ocrx_word' id='word_1_114' title='bbox 1296 1850 1342 1913; x_wconf 89' lang='lat' dir='ltr'>ad</span> <span class='ocrx_word' id='word_1_115' title='bbox 1366 1849 1405 1913; x_wconf 91' lang='lat' dir='ltr'>P.</span> <span class='ocrx_word' id='word_1_116' title='bbox 1427 1849 1601 1930; x_wconf 83' lang='lat' dir='ltr'>Ignatium</span> 
     </span>
     <span class='ocr_line' id='line_1_15' title="bbox 373 1955 1601 2037; baseline 0 -17"><span class='ocrx_word' id='word_1_117' title='bbox 373 1958 539 2034; x_wconf 90' lang='lat' dir='ltr'>scribere,</span> <span class='ocrx_word' id='word_1_118' title='bbox 565 1957 718 2037; x_wconf 87' lang='lat' dir='ltr'>aliquem</span> <span class='ocrx_word' id='word_1_119' title='bbox 743 1955 931 2020; x_wconf 89' lang='lat' dir='ltr'>Societatis</span> <span class='ocrx_word' id='word_1_120' title='bbox 957 1956 1242 2020; x_wconf 89' lang='lat' dir='ltr'>concionatorem</span> <span class='ocrx_word' id='word_1_121' title='bbox 1269 1957 1305 2019; x_wconf 92' lang='lat' dir='ltr'>in</span> <span class='ocrx_word' id='word_1_122' title='bbox 1330 1957 1485 2020; x_wconf 87' lang='lat' dir='ltr'>futuram</span> <span class='ocrx_word' id='word_1_123' title='bbox 1510 1956 1601 2036; x_wconf 88' lang='lat' dir='ltr'>Qua·</span> 
     </span>
     <span class='ocr_line' id='line_1_16' title="bbox 372 2063 1602 2144; baseline -0.001 -17"><span class='ocrx_word' id='word_1_124' title='bbox 372 2065 610 2143; x_wconf 82' lang='lat' dir='ltr'>dragesimam</span> <span class='ocrx_word' id='word_1_125' title='bbox 625 2064 847 2144; x_wconf 91' lang='lat' dir='ltr'>postulando,</span> <span class='ocrx_word' id='word_1_126' title='bbox 870 2075 904 2127; x_wconf 91' lang='lat' dir='ltr'>et</span> <span class='ocrx_word' id='word_1_127' title='bbox 919 2063 1022 2127; x_wconf 91' lang='lat' dir='ltr'>simul</span> <span class='ocrx_word' id='word_1_128' title='bbox 1038 2080 1120 2126; x_wconf 91' lang='lat' dir='ltr'>cum</span> <span class='ocrx_word' id='word_1_129' title='bbox 1130 2063 1342 2143; x_wconf 90' lang='lat' dir='ltr'>quibusdam</span> <span class='ocrx_word' id='word_1_130' title='bbox 1353 2064 1493 2126; x_wconf 90' lang='lat' dir='ltr'>civibus</span> <span class='ocrx_word' id='word_1_131' title='bbox 1503 2064 1602 2144; x_wconf 91' lang='lat' dir='ltr'>Epis·</span> 
     </span>
     <span class='ocr_line' id='line_1_17' title="bbox 373 2169 1602 2252; baseline -0.001 -18"><span class='ocrx_word' id='word_1_132' title='bbox 373 2189 482 2252; x_wconf 92' lang='lat' dir='ltr'>copus</span> <span class='ocrx_word' id='word_1_133' title='bbox 499 2169 595 2251; x_wconf 84' lang='lat' dir='ltr'>[egit]</span> <span class='ocrx_word' id='word_1_134' title='bbox 612 2171 655 2234; x_wconf 88' lang='lat' dir='ltr'>de</span> <span class='ocrx_word' id='word_1_135' title='bbox 670 2172 821 2250; x_wconf 85' lang='lat' dir='ltr'>collegio</span> <span class='ocrx_word' id='word_1_136' title='bbox 837 2170 1024 2235; x_wconf 89' lang='lat' dir='ltr'>Societatis</span> <span class='ocrx_word' id='word_1_137' title='bbox 1036 2169 1216 2234; x_wconf 87' lang='lat' dir='ltr'>Camerini</span> <span class='ocrx_word' id='word_1_138' title='bbox 1228 2170 1454 2248; x_wconf 87' lang='lat' dir='ltr'>instituendo;</span> <span class='ocrx_word' id='word_1_139' title='bbox 1470 2180 1504 2233; x_wconf 91' lang='lat' dir='ltr'>et</span> <span class='ocrx_word' id='word_1_140' title='bbox 1519 2171 1602 2252; x_wconf 88' lang='lat' dir='ltr'>quia</span> 
     </span>
     <span class='ocr_line' id='line_1_18' title="bbox 372 2275 1602 2353; baseline 0.001 -13"><span class='ocrx_word' id='word_1_141' title='bbox 372 2278 499 2341; x_wconf 89' lang='lat' dir='ltr'>civitas</span> <span class='ocrx_word' id='word_1_142' title='bbox 513 2295 718 2341; x_wconf 88' lang='lat' dir='ltr'>communes</span> <span class='ocrx_word' id='word_1_143' title='bbox 734 2277 867 2340; x_wconf 90' lang='lat' dir='ltr'>reditus</span> <span class='ocrx_word' id='word_1_144' title='bbox 883 2295 953 2341; x_wconf 93' lang='lat' dir='ltr'>non</span> <span class='ocrx_word' id='word_1_145' title='bbox 969 2278 1122 2341; x_wconf 90' lang='lat' dir='ltr'>habebat</span> <span class='ocrx_word' id='word_1_146' title='bbox 1139 2281 1235 2353; x_wconf 91' lang='lat' dir='ltr'>(nam</span> <span class='ocrx_word' id='word_1_147' title='bbox 1249 2294 1311 2340; x_wconf 91' lang='lat' dir='ltr'>eos</span> <span class='ocrx_word' id='word_1_148' title='bbox 1327 2275 1494 2341; x_wconf 88' lang='lat' dir='ltr'>Summus</span> <span class='ocrx_word' id='word_1_149' title='bbox 1513 2278 1602 2341; x_wconf 92' lang='lat' dir='ltr'>Pon·</span> 
     </span>
     <span class='ocr_line' id='line_1_19' title="bbox 372 2383 1602 2465; baseline 0.002 -19"><span class='ocrx_word' id='word_1_150' title='bbox 372 2383 459 2446; x_wconf 83' lang='lat' dir='ltr'>tifex</span> <span class='ocrx_word' id='word_1_151' title='bbox 483 2384 734 2464; x_wconf 88' lang='lat' dir='ltr'>percipiebat),</span> <span class='ocrx_word' id='word_1_152' title='bbox 761 2385 860 2447; x_wconf 92' lang='lat' dir='ltr'>multi</span> <span class='ocrx_word' id='word_1_153' title='bbox 885 2385 984 2448; x_wconf 87' lang='lat' dir='ltr'>cives</span> <span class='ocrx_word' id='word_1_154' title='bbox 1009 2384 1053 2447; x_wconf 87' lang='lat' dir='ltr'>ad</span> <span class='ocrx_word' id='word_1_155' title='bbox 1078 2384 1371 2447; x_wconf 90' lang='lat' dir='ltr'>sustentationem</span> <span class='ocrx_word' id='word_1_156' title='bbox 1397 2386 1537 2465; x_wconf 86' lang='lat' dir='ltr'>collegii</span> <span class='ocrx_word' id='word_1_157' title='bbox 1563 2402 1602 2448; x_wconf 85' lang='lat' dir='ltr'>se</span> 
     </span>
     <span class='ocr_line' id='line_1_20' title="bbox 371 2490 1264 2570; baseline 0.002 -18"><span class='ocrx_word' id='word_1_158' title='bbox 371 2491 572 2554; x_wconf 88' lang='lat' dir='ltr'>necessaria</span> <span class='ocrx_word' id='word_1_159' title='bbox 589 2491 853 2554; x_wconf 88' lang='lat' dir='ltr'>contributuros</span> <span class='ocrx_word' id='word_1_160' title='bbox 868 2491 1045 2570; x_wconf 91' lang='lat' dir='ltr'>Episcopo</span> <span class='ocrx_word' id='word_1_161' title='bbox 1060 2490 1264 2554; x_wconf 85' lang='lat' dir='ltr'>offerebant.</span> 
     </span>
    </p>

    <p class='ocr_par' dir='ltr' id='par_1_3' title="bbox 369 2597 1599 3195">
     <span class='ocr_line' id='line_1_21' title="bbox 419 2597 1598 2679; baseline 0 -19"><span class='ocrx_word' id='word_1_162' title='bbox 419 2597 489 2660; x_wconf 85' lang='lat'>272.</span> <span class='ocrx_word' id='word_1_163' title='bbox 533 2597 717 2660; x_wconf 89' lang='lat' dir='ltr'>Matronae</span> <span class='ocrx_word' id='word_1_164' title='bbox 729 2597 877 2660; x_wconf 92' lang='lat' dir='ltr'>etiamin</span> <span class='ocrx_word' id='word_1_165' title='bbox 890 2598 1202 2661; x_wconf 89' lang='lat' dir='ltr'>initionesciebant</span> <span class='ocrx_word' id='word_1_166' title='bbox 1215 2598 1298 2679; x_wconf 90' lang='lat' dir='ltr'>quid</span> <span class='ocrx_word' id='word_1_167' title='bbox 1310 2598 1374 2661; x_wconf 91' lang='lat' dir='ltr'>sibi</span> <span class='ocrx_word' id='word_1_168' title='bbox 1384 2599 1490 2661; x_wconf 85' lang='lat' dir='ltr'>vellet</span> <span class='ocrx_word' id='word_1_169' title='bbox 1501 2614 1598 2660; x_wconf 89' lang='lat' dir='ltr'>nova</span> 
     </span>
     <span class='ocr_line' id='line_1_22' title="bbox 370 2706 1599 2785; baseline -0.001 -17"><span class='ocrx_word' id='word_1_170' title='bbox 370 2722 427 2769; x_wconf 90' lang='lat' dir='ltr'>res</span> <span class='ocrx_word' id='word_1_171' title='bbox 445 2708 546 2783; x_wconf 91' lang='lat' dir='ltr'>haec,</span> <span class='ocrx_word' id='word_1_172' title='bbox 568 2722 647 2769; x_wconf 92' lang='lat' dir='ltr'>cum</span> <span class='ocrx_word' id='word_1_173' title='bbox 667 2722 732 2767; x_wconf 90' lang='lat' dir='ltr'>nec</span> <span class='ocrx_word' id='word_1_174' title='bbox 753 2706 952 2785; x_wconf 88' lang='lat' dir='ltr'>praedicari</span> <span class='ocrx_word' id='word_1_175' title='bbox 971 2724 1037 2769; x_wconf 89' lang='lat' dir='ltr'>nee</span> <span class='ocrx_word' id='word_1_176' title='bbox 1056 2706 1298 2769; x_wconf 84' lang='lat' dir='ltr'>consessiones</span> <span class='ocrx_word' id='word_1_177' title='bbox 1318 2706 1433 2769; x_wconf 88' lang='lat' dir='ltr'>audiri</span> <span class='ocrx_word' id='word_1_178' title='bbox 1454 2722 1496 2768; x_wconf 92' lang='lat' dir='ltr'>eo</span> <span class='ocrx_word' id='word_1_179' title='bbox 1514 2715 1599 2768; x_wconf 91' lang='lat' dir='ltr'>tem·</span> 
     </span>
     <span class='ocr_line' id='line_1_23' title="bbox 369 2812 1598 2893; baseline 0.001 -19"><span class='ocrx_word' id='word_1_180' title='bbox 369 2829 456 2892; x_wconf 91' lang='lat' dir='ltr'>pore</span> <span class='ocrx_word' id='word_1_181' title='bbox 473 2820 680 2875; x_wconf 88' lang='lat' dir='ltr'>consuetum</span> <span class='ocrx_word' id='word_1_182' title='bbox 709 2822 812 2889; x_wconf 89' lang='lat' dir='ltr'>esset;</span> <span class='ocrx_word' id='word_1_183' title='bbox 846 2822 880 2873; x_wconf 89' lang='lat' dir='ltr'>et</span> <span class='ocrx_word' id='word_1_184' title='bbox 909 2812 1121 2875; x_wconf 84' lang='lat' dir='ltr'>videbantur</span> <span class='ocrx_word' id='word_1_185' title='bbox 1147 2812 1410 2893; x_wconf 90' lang='lat' dir='ltr'>quodammodo</span> <span class='ocrx_word' id='word_1_186' title='bbox 1437 2812 1598 2875; x_wconf 91' lang='lat' dir='ltr'>dubitare</span> 
     </span>
     <span class='ocr_line' id='line_1_24' title="bbox 371 2917 1597 2998; baseline 0 -17"><span class='ocrx_word' id='word_1_187' title='bbox 371 2918 490 2981; x_wconf 86' lang='lat' dir='ltr'>mundi</span> <span class='ocrx_word' id='word_1_188' title='bbox 504 2917 609 2981; x_wconf 88' lang='lat' dir='ltr'>finem</span> <span class='ocrx_word' id='word_1_189' title='bbox 625 2918 761 2994; x_wconf 89' lang='lat' dir='ltr'>adesse;</span> <span class='ocrx_word' id='word_1_190' title='bbox 779 2918 840 2981; x_wconf 90' lang='lat' dir='ltr'>sed</span> <span class='ocrx_word' id='word_1_191' title='bbox 860 2919 1056 2981; x_wconf 89' lang='lat' dir='ltr'>rationibus</span> <span class='ocrx_word' id='word_1_192' title='bbox 1080 2918 1210 2981; x_wconf 91' lang='lat' dir='ltr'>auditis</span> <span class='ocrx_word' id='word_1_193' title='bbox 1230 2918 1282 2981; x_wconf 91' lang='lat' dir='ltr'>sic</span> <span class='ocrx_word' id='word_1_194' title='bbox 1308 2919 1597 2998; x_wconf 87' lang='lat' dir='ltr'>acquiescebant,</span> 
     </span>
     <span class='ocr_line' id='line_1_25' title="bbox 372 3024 1598 3104; baseline 0 -15"><span class='ocrx_word' id='word_1_195' title='bbox 372 3036 408 3089; x_wconf 92' lang='lat' dir='ltr'>ut</span> <span class='ocrx_word' id='word_1_196' title='bbox 433 3026 569 3088; x_wconf 91' lang='lat' dir='ltr'>duobus</span> <span class='ocrx_word' id='word_1_197' title='bbox 595 3024 838 3087; x_wconf 89' lang='lat' dir='ltr'>sacerdotibus</span> <span class='ocrx_word' id='word_1_198' title='bbox 863 3026 993 3087; x_wconf 91' lang='lat' dir='ltr'>nostris</span> <span class='ocrx_word' id='word_1_199' title='bbox 1016 3025 1172 3104; x_wconf 91' lang='lat' dir='ltr'>quotidie</span> <span class='ocrx_word' id='word_1_200' title='bbox 1198 3026 1381 3103; x_wconf 85' lang='lat' dir='ltr'>negotium</span> <span class='ocrx_word' id='word_1_201' title='bbox 1405 3025 1441 3089; x_wconf 93' lang='lat' dir='ltr'>in</span> <span class='ocrx_word' id='word_1_202' title='bbox 1464 3027 1598 3090; x_wconf 81' lang='lat' dir='ltr'>contes-</span> 
     </span>
     <span class='ocr_line' id='line_1_26' title="bbox 371 3132 715 3195; baseline -0.015 0"><span class='ocrx_word' id='word_1_203' title='bbox 371 3134 471 3195; x_wconf 90' lang='lat' dir='ltr'>sionc</span> <span class='ocrx_word' id='word_1_204' title='bbox 486 3132 715 3194; x_wconf 82' lang='lat' dir='ltr'>lacesserent.</span> 
     </span>
    </p>

    <p class='ocr_par' dir='ltr' id='par_1_4' title="bbox 368 3237 1623 3941">
     <span class='ocr_line' id='line_1_27' title="bbox 431 3237 1596 3317; baseline 0 -16"><span class='ocrx_word' id='word_1_205' title='bbox 431 3238 502 3301; x_wconf 82' lang='lat'>273.</span> <span class='ocrx_word' id='word_1_206' title='bbox 547 3238 634 3301; x_wconf 92' lang='lat' dir='ltr'>Cum</span> <span class='ocrx_word' id='word_1_207' title='bbox 651 3247 768 3301; x_wconf 89' lang='lat' dir='ltr'>autem</span> <span class='ocrx_word' id='word_1_208' title='bbox 784 3238 1009 3301; x_wconf 89' lang='lat' dir='ltr'>Gubernator</span> <span class='ocrx_word' id='word_1_209' title='bbox 1024 3238 1069 3300; x_wconf 93' lang='lat' dir='ltr'>ad</span> <span class='ocrx_word' id='word_1_210' title='bbox 1084 3237 1271 3317; x_wconf 91' lang='lat' dir='ltr'>prandium</span> <span class='ocrx_word' id='word_1_211' title='bbox 1286 3248 1428 3301; x_wconf 91' lang='lat' dir='ltr'>nostros</span> <span class='ocrx_word' id='word_1_212' title='bbox 1452 3238 1596 3301; x_wconf 90' lang='lat' dir='ltr'>invitas-</span> 
     </span>
     <span class='ocr_line' id='line_1_28' title="bbox 370 3343 1593 3425; baseline -0.002 -16"><span class='ocrx_word' id='word_1_213' title='bbox 370 3354 434 3424; x_wconf 90' lang='lat' dir='ltr'>set,</span> <span class='ocrx_word' id='word_1_214' title='bbox 452 3359 496 3423; x_wconf 87' lang='lat' dir='ltr'>et,</span> <span class='ocrx_word' id='word_1_215' title='bbox 514 3343 552 3407; x_wconf 92' lang='lat' dir='ltr'>P.</span> <span class='ocrx_word' id='word_1_216' title='bbox 570 3344 697 3408; x_wconf 86' lang='lat' dir='ltr'>Carolo</span> <span class='ocrx_word' id='word_1_217' title='bbox 720 3346 814 3409; x_wconf 91' lang='lat' dir='ltr'>domi</span> <span class='ocrx_word' id='word_1_218' title='bbox 836 3346 972 3423; x_wconf 92' lang='lat' dir='ltr'>relicto,</span> <span class='ocrx_word' id='word_1_219' title='bbox 994 3344 1086 3425; x_wconf 92' lang='lat' dir='ltr'>quod</span> <span class='ocrx_word' id='word_1_220' title='bbox 1106 3361 1231 3424; x_wconf 92' lang='lat' dir='ltr'>parurn</span> <span class='ocrx_word' id='word_1_221' title='bbox 1253 3361 1420 3425; x_wconf 91' lang='lat' dir='ltr'>prospere</span> <span class='ocrx_word' id='word_1_222' title='bbox 1446 3346 1593 3422; x_wconf 88' lang='lat' dir='ltr'>valeret,</span> 
     </span>
     <span class='ocr_line' id='line_1_29' title="bbox 371 3450 1594 3531; baseline 0 -17"><span class='ocrx_word' id='word_1_223' title='bbox 371 3452 440 3515; x_wconf 92' lang='lat' dir='ltr'>duo</span> <span class='ocrx_word' id='word_1_224' title='bbox 461 3450 585 3531; x_wconf 84' lang='lat' dir='ltr'>reliqui</span> <span class='ocrx_word' id='word_1_225' title='bbox 610 3451 655 3513; x_wconf 90' lang='lat' dir='ltr'>ad</span> <span class='ocrx_word' id='word_1_226' title='bbox 681 3450 756 3530; x_wconf 86' lang='lat' dir='ltr'>ejus</span> <span class='ocrx_word' id='word_1_227' title='bbox 782 3451 926 3514; x_wconf 92' lang='lat' dir='ltr'>domum</span> <span class='ocrx_word' id='word_1_228' title='bbox 945 3452 1104 3529; x_wconf 84' lang='lat' dir='ltr'>ivissent,</span> <span class='ocrx_word' id='word_1_229' title='bbox 1136 3452 1256 3514; x_wconf 90' lang='lat' dir='ltr'>statim</span> <span class='ocrx_word' id='word_1_230' title='bbox 1282 3450 1517 3529; x_wconf 83' lang='lat' dir='ltr'>interrogavit</span> <span class='ocrx_word' id='word_1_231' title='bbox 1550 3451 1594 3514; x_wconf 91' lang='lat' dir='ltr'>de</span> 
     </span>
     <span class='ocr_line' id='line_1_30' title="bbox 369 3540 1597 3638; baseline 0 -17"><span class='ocrx_word' id='word_1_232' title='bbox 369 3559 484 3633; x_wconf 88' lang='lat' dir='ltr'>terti0;</span> <span class='ocrx_word' id='word_1_233' title='bbox 503 3567 537 3620; x_wconf 93' lang='lat' dir='ltr'>et</span> <span class='ocrx_word' id='word_1_234' title='bbox 552 3540 717 3638; x_wconf 88' lang='lat' dir='ltr'>quamvis</span> <span class='ocrx_word' id='word_1_235' title='bbox 732 3558 867 3621; x_wconf 90' lang='lat' dir='ltr'>audivit</span> <span class='ocrx_word' id='word_1_236' title='bbox 882 3576 952 3621; x_wconf 92' lang='lat' dir='ltr'>non</span> <span class='ocrx_word' id='word_1_237' title='bbox 964 3558 1052 3621; x_wconf 92' lang='lat' dir='ltr'>bene</span> <span class='ocrx_word' id='word_1_238' title='bbox 1068 3559 1198 3636; x_wconf 86' lang='lat' dir='ltr'>valere,</span> <span class='ocrx_word' id='word_1_239' title='bbox 1212 3558 1439 3621; x_wconf 91' lang='lat' dir='ltr'>nihilominus</span> <span class='ocrx_word' id='word_1_240' title='bbox 1455 3557 1597 3621; x_wconf 90' lang='lat' dir='ltr'>adeum</span> 
     </span>
     <span class='ocr_line' id='line_1_31' title="bbox 369 3664 1596 3745; baseline 0 -18"><span class='ocrx_word' id='word_1_241' title='bbox 369 3664 624 3728; x_wconf 87' lang='lat' dir='ltr'>accersendum</span> <span class='ocrx_word' id='word_1_242' title='bbox 639 3665 744 3743; x_wconf 86' lang='lat' dir='ltr'>misit,</span> <span class='ocrx_word' id='word_1_243' title='bbox 761 3673 806 3743; x_wconf 89' lang='lat' dir='ltr'>et,</span> <span class='ocrx_word' id='word_1_244' title='bbox 824 3683 865 3727; x_wconf 91' lang='lat' dir='ltr'>eo</span> <span class='ocrx_word' id='word_1_245' title='bbox 887 3664 1110 3743; x_wconf 87' lang='lat' dir='ltr'>adveniente,</span> <span class='ocrx_word' id='word_1_246' title='bbox 1137 3664 1420 3745; x_wconf 90' lang='lat' dir='ltr'>conquerebatur</span> <span class='ocrx_word' id='word_1_247' title='bbox 1441 3665 1536 3745; x_wconf 91' lang='lat' dir='ltr'>quod</span> <span class='ocrx_word' id='word_1_248' title='bbox 1557 3681 1596 3727; x_wconf 92' lang='lat' dir='ltr'>se</span> 
     </span>
     <span class='ocr_line' id='line_1_32' title="bbox 368 3770 1623 3852; baseline 0 -18"><span class='ocrx_word' id='word_1_249' title='bbox 368 3772 537 3835; x_wconf 89' lang='lat' dir='ltr'>societate</span> <span class='ocrx_word' id='word_1_250' title='bbox 553 3782 677 3834; x_wconf 90' lang='lat' dir='ltr'>sancta</span> <span class='ocrx_word' id='word_1_251' title='bbox 693 3772 863 3833; x_wconf 88' lang='lat' dir='ltr'>voluisset</span> <span class='ocrx_word' id='word_1_252' title='bbox 883 3771 1040 3850; x_wconf 88' lang='lat' dir='ltr'>privare;</span> <span class='ocrx_word' id='word_1_253' title='bbox 1061 3783 1095 3833; x_wconf 92' lang='lat' dir='ltr'>et</span> <span class='ocrx_word' id='word_1_254' title='bbox 1115 3772 1190 3834; x_wconf 91' lang='lat' dir='ltr'>suis</span> <span class='ocrx_word' id='word_1_255' title='bbox 1210 3773 1285 3852; x_wconf 90' lang='lat' dir='ltr'>ipse</span> <span class='ocrx_word' id='word_1_256' title='bbox 1300 3772 1464 3834; x_wconf 90' lang='lat' dir='ltr'>manibus</span> <span class='ocrx_word' id='word_1_257' title='bbox 1478 3780 1517 3835; x_wconf 93' lang='lat' dir='ltr'>ut</span> <span class='ocrx_word' id='word_1_258' title='bbox 1530 3789 1592 3834; x_wconf 86' lang='lat' dir='ltr'>va·</span> <span class='ocrx_word' id='word_1_259' title='bbox 1620 3770 1623 3775; x_wconf 79' lang='grc'><strong>’</strong></span> 
     </span>
     <span class='ocr_line' id='line_1_33' title="bbox 368 3877 1218 3941; baseline -0.001 0"><span class='ocrx_word' id='word_1_260' title='bbox 368 3877 579 3941; x_wconf 90' lang='lat' dir='ltr'>letudinario</span> <span class='ocrx_word' id='word_1_261' title='bbox 594 3878 630 3940; x_wconf 94' lang='lat' dir='ltr'>in</span> <span class='ocrx_word' id='word_1_262' title='bbox 646 3894 768 3939; x_wconf 88' lang='lat' dir='ltr'>mensa</span> <span class='ocrx_word' id='word_1_263' title='bbox 784 3877 901 3940; x_wconf 92' lang='lat' dir='ltr'>omnia</span> <span class='ocrx_word' id='word_1_264' title='bbox 917 3878 1218 3941; x_wconf 87' lang='lat' dir='ltr'>subministrabat.</span> 
     </span>
    </p>

    <p class='ocr_par' dir='ltr' id='par_1_5' title="bbox 365 3982 1597 4385">
     <span class='ocr_line' id='line_1_34' title="bbox 428 3982 1593 4064; baseline 0.001 -17"><span class='ocrx_word' id='word_1_265' title='bbox 428 3984 498 4047; x_wconf 75' lang='lat'>274.</span> <span class='ocrx_word' id='word_1_266' title='bbox 544 3982 741 4061; x_wconf 87' lang='lat' dir='ltr'>Methodus‚</span> <span class='ocrx_word' id='word_1_267' title='bbox 756 4001 824 4064; x_wconf 92' lang='lat' dir='ltr'>qua</span> <span class='ocrx_word' id='word_1_268' title='bbox 839 3984 953 4046; x_wconf 92' lang='lat' dir='ltr'>nostri</span> <span class='ocrx_word' id='word_1_269' title='bbox 967 3985 1167 4062; x_wconf 89' lang='lat' dir='ltr'>utebantur,</span> <span class='ocrx_word' id='word_1_270' title='bbox 1180 3985 1396 4048; x_wconf 89' lang='lat' dir='ltr'>christianae</span> <span class='ocrx_word' id='word_1_271' title='bbox 1408 3985 1593 4048; x_wconf 88' lang='lat' dir='ltr'>doctrinae</span> 
     </span>
     <span class='ocr_line' id='line_1_35' title="bbox 367 4089 1597 4171; baseline 0 -17"><span class='ocrx_word' id='word_1_272' title='bbox 367 4089 560 4155; x_wconf 87' lang='lat' dir='ltr'>tradendae</span> <span class='ocrx_word' id='word_1_273' title='bbox 584 4090 745 4153; x_wconf 90' lang='lat' dir='ltr'>omnibus</span> <span class='ocrx_word' id='word_1_274' title='bbox 764 4089 905 4170; x_wconf 90' lang='lat' dir='ltr'>quidem</span> <span class='ocrx_word' id='word_1_275' title='bbox 926 4107 1143 4170; x_wconf 84' lang='lat' dir='ltr'>magnopere</span> <span class='ocrx_word' id='word_1_276' title='bbox 1164 4092 1308 4171; x_wconf 92' lang='lat' dir='ltr'>placuit,</span> <span class='ocrx_word' id='word_1_277' title='bbox 1326 4091 1389 4154; x_wconf 91' lang='lat' dir='ltr'>sed</span> <span class='ocrx_word' id='word_1_278' title='bbox 1407 4108 1494 4171; x_wconf 88' lang='lat' dir='ltr'>prae</span> <span class='ocrx_word' id='word_1_279' title='bbox 1518 4110 1597 4155; x_wconf 90' lang='lat' dir='ltr'>cae·</span> 
     </span>
     <span class='ocr_line' id='line_1_36' title="bbox 365 4194 1594 4277; baseline 0.001 -17"><span class='ocrx_word' id='word_1_280' title='bbox 365 4197 451 4260; x_wconf 91' lang='lat' dir='ltr'>teris</span> <span class='ocrx_word' id='word_1_281' title='bbox 466 4195 642 4275; x_wconf 90' lang='lat' dir='ltr'>Episcopo</span> <span class='ocrx_word' id='word_1_282' title='bbox 657 4204 691 4258; x_wconf 92' lang='lat' dir='ltr'>et</span> <span class='ocrx_word' id='word_1_283' title='bbox 707 4194 965 4275; x_wconf 89' lang='lat' dir='ltr'>Gubernatori;</span> <span class='ocrx_word' id='word_1_284' title='bbox 983 4206 1017 4260; x_wconf 89' lang='lat' dir='ltr'>et</span> <span class='ocrx_word' id='word_1_285' title='bbox 1032 4215 1111 4259; x_wconf 92' lang='lat' dir='ltr'>eam</span> <span class='ocrx_word' id='word_1_286' title='bbox 1131 4197 1224 4260; x_wconf 92' lang='lat' dir='ltr'>illico</span> <span class='ocrx_word' id='word_1_287' title='bbox 1246 4198 1341 4277; x_wconf 90' lang='lat' dir='ltr'>typis</span> <span class='ocrx_word' id='word_1_288' title='bbox 1356 4198 1519 4261; x_wconf 90' lang='lat' dir='ltr'>mandari</span> <span class='ocrx_word' id='word_1_289' title='bbox 1535 4216 1594 4261; x_wconf 90' lang='lat' dir='ltr'>cu·</span> 
     </span>
     <span class='ocr_line' id='line_1_37' title="bbox 365 4302 1594 4385; baseline 0.003 -21"><span class='ocrx_word' id='word_1_290' title='bbox 365 4312 500 4379; x_wconf 89' lang='lat' dir='ltr'>rarunt,</span> <span class='ocrx_word' id='word_1_291' title='bbox 518 4312 551 4363; x_wconf 89' lang='lat' dir='ltr'>et</span> <span class='ocrx_word' id='word_1_292' title='bbox 563 4302 656 4365; x_wconf 89' lang='lat' dir='ltr'>mille</span> <span class='ocrx_word' id='word_1_293' title='bbox 672 4302 806 4365; x_wconf 91' lang='lat' dir='ltr'>libellos</span> <span class='ocrx_word' id='word_1_294' title='bbox 821 4319 883 4382; x_wconf 93' lang='lat' dir='ltr'>per</span> <span class='ocrx_word' id='word_1_295' title='bbox 898 4302 1088 4366; x_wconf 89' lang='lat' dir='ltr'>dioecesim</span> <span class='ocrx_word' id='word_1_296' title='bbox 1112 4302 1373 4367; x_wconf 88' lang='lat' dir='ltr'>distribuendos</span> <span class='ocrx_word' id='word_1_297' title='bbox 1400 4304 1556 4385; x_wconf 89' lang='lat' dir='ltr'>imprimi</span> <span class='ocrx_word' id='word_1_298' title='bbox 1572 4312 1594 4367; x_wconf 84' lang='lat'>¹.</span> 
     </span>
    </p>
   </div>
   <div class='ocr_carea' id='block_1_3' title="bbox 364 4572 1593 4709">
    <p class='ocr_par' dir='ltr' id='par_1_6' title="bbox 364 4572 1593 4709">
     <span class='ocr_line' id='line_1_38' title="bbox 405 4572 1593 4637; baseline 0.008 -21"><span class='ocrx_word' id='word_1_299' title='bbox 405 4576 413 4608; x_wconf 81' lang='lat'>¹</span> <span class='ocrx_word' id='word_1_300' title='bbox 442 4574 495 4617; x_wconf 88' lang='lat' dir='ltr'>Nec</span> <span class='ocrx_word' id='word_1_301' title='bbox 506 4572 694 4619; x_wconf 79' lang='lat' dir='ltr'>Souusavoeuc</span> <span class='ocrx_word' id='word_1_302' title='bbox 704 4587 751 4620; x_wconf 87' lang='lat' dir='ltr'>nec</span> <span class='ocrx_word' id='word_1_303' title='bbox 762 4578 805 4633; x_wconf 88' lang='lat' dir='ltr'>qul</span> <span class='ocrx_word' id='word_1_304' title='bbox 815 4590 872 4621; x_wconf 87' lang='lat' dir='ltr'>eum</span> <span class='ocrx_word' id='word_1_305' title='bbox 883 4586 1081 4632; x_wconf 80' lang='lat' dir='ltr'>praecesserant</span> <span class='ocrx_word' id='word_1_306' title='bbox 1098 4586 1219 4624; x_wconf 84' lang='lat' dir='ltr'>auctores</span> <span class='ocrx_word' id='word_1_307' title='bbox 1229 4580 1415 4626; x_wconf 75' lang='lat' dir='ltr'>Bibliothecae</span> <span class='ocrx_word' id='word_1_308' title='bbox 1429 4582 1593 4637; x_wconf 78' lang='lat' dir='ltr'>scriptorum</span> 
     </span>
     <span class='ocr_line' id='line_1_39' title="bbox 364 4646 1592 4709; baseline 0.007 -20"><span class='ocrx_word' id='word_1_309' title='bbox 364 4646 680 4697; x_wconf 65' lang='lat' dir='ltr'>Socr‘etattsmentionem</span> <span class='ocrx_word' id='word_1_310' title='bbox 695 4648 793 4693; x_wconf 83' lang='lat' dir='ltr'>faciunt</span> <span class='ocrx_word' id='word_1_311' title='bbox 808 4650 839 4693; x_wconf 87' lang='lat' dir='ltr'>de</span> <span class='ocrx_word' id='word_1_312' title='bbox 856 4650 903 4693; x_wconf 89' lang='lat' dir='ltr'>hoc</span> <span class='ocrx_word' id='word_1_313' title='bbox 920 4650 1014 4705; x_wconf 85' lang='lat' dir='ltr'>libello,</span> <span class='ocrx_word' id='word_1_314' title='bbox 1029 4662 1076 4694; x_wconf 85' lang='lat' dir='ltr'>nec</span> <span class='ocrx_word' id='word_1_315' title='bbox 1093 4652 1161 4695; x_wconf 87' lang='lat' dir='ltr'>inter</span> <span class='ocrx_word' id='word_1_316' title='bbox 1175 4662 1317 4707; x_wconf 73' lang='lat' dir='ltr'>anonymos</span> <span class='ocrx_word' id='word_1_317' title='bbox 1327 4654 1438 4709; x_wconf 86' lang='lat' dir='ltr'>reperiri</span> <span class='ocrx_word' id='word_1_318' title='bbox 1454 4653 1592 4708; x_wconf 82' lang='lat' dir='ltr'>potuimus.</span> 
     </span>
    </p>
   </div>
   <div class='ocr_carea' id='block_1_4' title="bbox 0 0 1826 5350">
    <p class='ocr_par' dir='ltr' id='par_1_7' title="bbox 0 0 1826 5350">
     <span class='ocr_line' id='line_1_40' title="bbox 0 0 1826 5350; baseline 0 4"><span class='ocrx_word' id='word_1_319' title='bbox 0 0 1826 5350; x_wconf 95' lang='lat' dir='ltr'> </span> 
     </span>
    </p>
   </div>
  </div>
 </body>
</html>
