3642 5350
797 460 862 523 Ab.
884 462 955 523 1556
1265 492 1269 500 ·
1432 462 1487 523 745

259 614 514 680 aedificationis
528 613 676 679 multum
690 612 803 677 nostri
817 629 957 693 semper
969 612 1001 677 ei
1013 609 1175 695 [civitati]
1188 611 1438 693 praebuerant,
1450 620 1485 676 et

258 722 379 787 utilem
395 722 446 786 eis
461 714 624 803 [civibus]
640 737 786 801 operam
800 720 996 785 navabant.

318 828 409 893 3227.
451 827 585 893 Eodem
610 836 785 909 tempore,
812 827 942 913 idest,
968 824 1064 907 Majo
1089 842 1226 905 mense,
1254 834 1325 908 quo
1349 826 1398 889 ibi
1421 825 1487 890 suit

258 935 296 1001 P.
309 936 523 1016 Ludovicus,
535 934 725 1017 jubilaeum
735 933 803 999 fuit
813 933 869 998 his
880 933 1004 999 diebus
1015 934 1290 1015 promulgatum,
1305 942 1341 997 et
1354 949 1487 1014 magna

258 1043 314 1108 vis
328 1042 510 1108 hominum
525 1042 667 1123 nostris,
684 1050 758 1107 tam
780 1041 817 1107 in
832 1040 990 1120 Collegio
1004 1040 1180 1122 superiori
1194 1057 1302 1122 quarn
1315 1038 1485 1119 inferiori,

259 1149 423 1216 consessa
439 1159 502 1215 est.

316 1256 409 1323 3228.
452 1257 602 1339 Aliquas
621 1258 765 1338 regulas
784 1272 829 1321 ex
852 1255 920 1337 his,
943 1253 1070 1337 quibus
1086 1253 1222 1319 Romae
1238 1255 1429 1320 utebantur
1450 1254 1486 1319 in

256 1365 460 1431 domesticis
474 1364 608 1445 officiis,
625 1373 660 1427 et
674 1380 747 1444 eas,
764 1380 854 1445 quas
867 1364 904 1427 in
919 1362 1026 1428 vinea
1039 1360 1265 1428 manentibus
1275 1360 1313 1426 P.
1326 1361 1487 1442 ignatius

256 1473 547 1554 praescripserat,
565 1480 601 1537 et
622 1472 850 1567 procuratori
868 1470 1045 1550 sanitatis,
1065 1468 1104 1533 P.
1126 1467 1331 1544 Lndovicus
1349 1465 1413 1551 [nt]
1428 1485 1488 1533 ne·

256 1582 432 1645 cessarias
447 1578 493 1645 ad
507 1598 545 1645 se
559 1580 651 1645 mitti
665 1578 879 1661 postulabat;
895 1586 930 1643 et
941 1576 1015 1659 jam
1028 1586 1113 1642 tunc
1124 1576 1276 1642 Romam
1286 1577 1401 1641 redire
1412 1594 1485 1641 non

255 1688 369 1753 solum
383 1688 564 1769 cupiebat,
582 1686 643 1751 sed
657 1686 807 1769 perutile
821 1686 930 1750 etiarn
943 1684 1020 1751 sore
1034 1683 1276 1764 existimabat,
1292 1693 1330 1748 ut
1344 1692 1486 1749 notaret

256 1805 291 1858 et
311 1796 482 1859 scriberet
504 1796 613 1860 multa
632 1795 668 1859 in
692 1793 901 1876 particulari
920 1810 967 1857 ex
984 1792 1041 1857 his
1065 1810 1156 1874 quae
1179 1791 1315 1857 Romae
1333 1790 1481 1867 videret;

255 1918 347 1983 quae
361 1912 532 1983 quantum
546 1900 752 1983 prolaturae
767 1909 884 1965 essent
898 1899 1156 1979 portugalliae,
1172 1916 1218 1963 ex
1232 1898 1303 1977 bis,
1321 1915 1412 1980 quae
1433 1910 1483 1963 at·

255 2009 394 2089 tulerat,
411 2009 611 2091 colligebat,
629 2024 720 2090 quae
735 2010 884 2073 multum
897 2024 1046 2089 prorsus
1057 2007 1147 2071 lucis
1161 2006 1322 2071 intulisse
1334 2005 1386 2070 illi
1399 2003 1484 2071 Pro·

255 2116 396 2181 vinciae
411 2115 634 2181 videbantur.
650 2116 695 2180 Et
708 2115 803 2198 qnod
819 2114 865 2179 ad
878 2114 1013 2195 Regem
1028 2114 1165 2193 attinet,
1181 2130 1251 2178 nec
1263 2129 1301 2177 se
1316 2113 1413 2178 illum
1425 2131 1483 2177 ac·

255 2240 395 2288 cessum
408 2212 538 2287 babere
550 2240 655 2306 quem
666 2224 776 2305 priuS,
788 2240 854 2287 nec
866 2239 948 2287 cum
959 2222 1037 2303 ipso
1051 2221 1196 2303 negotia
1207 2220 1354 2285 tractari
1364 2237 1481 2301 posse,

254 2348 345 2413 quae
361 2340 505 2413 propter
519 2330 709 2396 adversam
722 2330 961 2394 valetudinem
977 2349 997 2395 a
1012 2348 1051 2393 se
1066 2329 1264 2409 ablegabat.

310 2436 403 2503 3229.
445 2436 534 2505 Cum
548 2438 686 2503 videret
704 2448 823 2502 autern
842 2438 958 2502 studia
978 2438 1222 2520 philosophiae
1245 2437 1282 2502 in
1301 2437 1482 2502 hominum

252 2546 496 2611 aestimatione
507 2544 644 2637 jacere,
660 2554 788 2610 auctor
801 2546 867 2610 fuit
882 2545 976 2609 idem
995 2544 1101 2610 Pater
1121 2555 1160 2609 ut
1181 2544 1263 2609 illae
1285 2544 1480 2609 conclusio·

252 2670 315 2720 nes
329 2655 522 2736 solemneS,
540 2653 723 2736 dequibus
743 2653 906 2747 superius
925 2653 1021 2718 lacta
1039 2662 1095 2718 est
1113 2652 1245 2718 mentio
1261 2649 1286 2733 ¹,
1309 2651 1478 2718 haberen-

250 2769 324 2842 tur,
340 2771 376 2827 et
390 2770 429 2828 ut
443 2763 489 2827 ad
503 2762 582 2827 illas
603 2779 641 2827 se
662 2761 774 2827 nostri
793 2761 981 2843 diligenter
1000 2768 1271 2842 praepararent;
1295 2777 1387 2842 quae
1406 2778 1478 2826 non

250 2870 365 2934 solum
379 2879 569 2935 erexerunt
580 2869 757 2954 jacentem
770 2869 1082 2948 existimationem,
1099 2869 1163 2933 sed
1182 2868 1251 2932 illis
1269 2868 1395 2947 etiam,
1418 2869 1478 2949 qui

251 2975 422 3058 impedire
435 2977 676 3042 fundationem
692 2975 841 3058 Collegii
854 2984 1064 3058 perpetuam
1076 2976 1295 3056 nitebantur,
1311 2975 1405 3040 banc
1420 2991 1477 3040 oc»

251 3082 432 3148 casionem
446 3083 578 3150 ademit
591 3083 834 3166 philosophica
853 3083 970 3148 studia
988 3083 1250 3159 contemnenda
1267 3100 1351 3147 nam
1365 3098 1477 3164 nsque

251 3189 297 3253 ad
317 3200 497 3272 stuporem
512 3190 752 3272 magnifacere
766 3189 909 3256 scholas
923 3199 1064 3255 nostras
1078 3189 1341 3271 philosophicas
1355 3206 1476 3270 coepe·

251 3305 344 3377 rnnt;
360 3307 396 3362 et
409 3315 467 3362 res
481 3298 571 3362 haec
584 3307 754 3380 pergrata
768 3297 990 3380 Principibus
1004 3298 1146 3364 accidit.

308 3403 400 3468 3230.
444 3403 558 3470 Situm
567 3405 715 3485 Collegii
726 3405 903 3470 inferioris
912 3423 1038 3488 parum
1046 3406 1223 3470 salubrem
1233 3404 1475 3486 deprehendit,

250 3527 331 3575 cum
350 3519 506 3577 montem
531 3512 660 3577 babeat
679 3512 784 3577 valde
803 3513 977 3593 vicinum,
999 3515 1076 3595 ipso
1095 3512 1255 3593 Collegio
1273 3513 1476 3578 eminentio-

251 3635 337 3698 rem,
353 3628 388 3682 et
403 3618 521 3700 aliqua
535 3620 692 3684 remedia
707 3620 867 3686 adbiberi
881 3621 964 3685 huic
979 3621 1074 3686 malo
1088 3621 1296 3700 curabat,et
1310 3622 1478 3701 sperabat

250 3725 287 3789 in
301 3725 548 3791 aedificatione
562 3726 638 3808 eius
647 3727 760 3808 partis
774 3727 934 3808 Collegli,
950 3745 1041 3809 quae
1055 3737 1252 3809 supererat,
1269 3744 1374 3808 posse
1385 3727 1477 3792 banc

249 3831 573 3898 incommoditatem
597 3833 715 3915 aliquo
741 3834 845 3899 modo
872 3835 1106 3916 compensari.
1133 3833 1173 3900 In
1198 3834 1353 3916 quadam
1377 3845 1478 3915 parte

249 3936 324 4019 ejus
339 3939 488 4021 Collegii
506 3940 649 4006 domum
665 3941 885 4022 probationis
901 3943 938 4006 in
954 3959 1077 4007 eorum
1098 3959 1218 4022 usum,
1240 3943 1301 4023 qui
1322 3940 1476 4007 nondum

249 4046 286 4110 in
300 4048 536 4112 scholasticos
550 4049 767 4130 approbatos
780 4059 883 4114 erant
897 4049 1055 4128 admissi,
1071 4050 1218 4128 invenit3
1235 4057 1269 4114 et
1280 4049 1388 4114 aliam
1397 4067 1477 4131 pro·

249 4153 402 4218 bationis
417 4155 560 4221 domum
574 4155 610 4219 in
624 4156 799 4236 superiori
814 4156 990 4237 Collegio;
1012 4157 1076 4222 sed
1098 4167 1262 4222 neutrum
1281 4155 1478 4238 Collegium

249 4259 369 4326 firmos
396 4262 549 4327 babebat
577 4261 711 4327 reditus
739 4263 971 4345 sufficientes;
1001 4274 1035 4328 et
1063 4282 1145 4328 cum
1169 4264 1273 4329 rediit
1297 4263 1477 4346 Ulyssipo·

248 4384 344 4449 nam,
363 4367 549 4454 18.⁸Junli,
566 4370 670 4435 simul
685 4387 766 4435 eum
780 4369 996 4436 Provinciali
1011 4371 1054 4436 de
1074 4372 1293 4437 stabiliendis
1307 4371 1478 4441 reditibus

249 4492 358 4555 agere
372 4477 501 4556 coepit,
517 4487 552 4542 et
567 4486 680 4542 totam
694 4477 972 4544 Universitatem
987 4478 1232 4544 adversariam
1245 4479 1314 4544 bac
1329 4481 1478 4561 inparte

289 4710 299 4747 ¹
327 4711 492 4770 vlnerum,
502 4711 665 4762 mmm
