3642 5350
360 413 415 473 236
821 411 949 475 Cunna.
971 414 1047 477 Soc.
1068 416 1137 490 Jns.

362 562 532 627 cinnavit.
558 560 598 627 In
617 580 679 627 eas
703 564 888 644 angustias
908 580 948 627 se
968 563 1142 629 Dominus
1163 562 1265 629 Prior
1281 569 1289 603 ¹
1305 560 1517 645 conjecerat,
1537 572 1589 643 ut,

361 670 444 735 licet
459 670 612 735 maxime
627 672 745 750 vellet,
761 688 833 734 non
853 682 973 752 posset
993 680 1112 736 tamen
1130 672 1273 750 nostris,
1293 672 1374 735 licet
1388 672 1524 753 pauciS,
1545 670 1588 735 de

361 778 467 842 rebus
485 778 532 842 ad
557 777 689 842 victum
713 788 748 842 et
770 778 938 842 vestitum
960 778 1171 843 necessariis
1196 778 1412 860 prospicere,
1438 778 1587 843 eumad

360 885 527 967 propriae
552 880 709 949 familiae
736 885 1031 950 sustentationem
1059 894 1178 949 vestes
1200 885 1389 967 aliquando
1416 895 1451 950 et
1479 886 1587 950 libros

361 992 600 1073 oppignorare
614 1001 813 1072 cogeretur.

420 1098 492 1164 891.
536 1098 684 1164 Curavit
698 1116 785 1179 ergo
805 1100 843 1163 P.
860 1100 1020 1180 Baptista
1041 1100 1285 1182 eleemosynas
1304 1100 1457 1181 aliunde,
1476 1108 1515 1166 ut
1528 1118 1587 1166 no·

361 1217 457 1272 stros
472 1216 597 1272 contra
611 1209 725 1288 frigus
741 1209 903 1283 muniret,
920 1218 954 1272 et
975 1210 1177 1273 necessaria
1190 1209 1235 1273 ad
1251 1209 1385 1273 victum
1401 1219 1587 1290 aegrotan-

362 1316 456 1381 tibus
469 1325 503 1379 et
518 1316 615 1379 sanis
629 1326 781 1381 curaret.
799 1315 843 1380 Et
858 1316 926 1380 hoc
937 1316 1078 1381 interim
1090 1316 1241 1381 accessit
1258 1317 1302 1380 ad
1318 1315 1395 1397 eJus
1409 1316 1585 1395 meritum,

365 1423 461 1504 quod
475 1423 647 1503 putabant
662 1423 782 1504 aliqui,
799 1424 905 1487 etiam
925 1442 969 1487 ex
989 1424 1129 1502 nostris,
1152 1425 1266 1504 ipsum
1286 1434 1448 1488 tenacem
1461 1438 1540 1487 esse
1553 1432 1588 1487 et

359 1532 437 1611 plus
453 1532 541 1595 satis
556 1548 772 1595 conservare
787 1548 877 1612 quae
891 1531 1093 1595 domesticis
1109 1542 1208 1595 erant
1229 1530 1481 1612 impendenda;
1497 1530 1587 1595 adeo

358 1646 397 1702 ut
411 1655 530 1703 rerum
544 1638 712 1716 omnium,
729 1655 818 1720 quas
830 1638 993 1718 habebat,
1007 1640 1209 1720 catalogum
1222 1638 1396 1703 conficere
1411 1638 1584 1704 debuerit.

417 1746 488 1810 892.
532 1744 762 1827 Agnoscebat
776 1745 1002 1809 nihilominus
1013 1746 1228 1827 peculiarem
1240 1745 1306 1809 Dei
1320 1746 1585 1827 providentiam

358 1853 414 1918 his
428 1854 565 1938 duobus
580 1853 693 1933 annis,
710 1854 836 1935 quibus
851 1871 922 1917 non
937 1854 1034 1917 licuit
1049 1853 1162 1917 Priori
1177 1853 1391 1933 necessaria,
1407 1861 1446 1918 ut
1461 1869 1586 1933 coepe·

359 1970 427 2041 rat,
444 1959 573 2025 nostris
588 1960 868 2039 subministrare,
885 1958 1004 2041 [quod]
1021 1962 1078 2024 vel
1093 1978 1138 2024 ex
1152 1960 1281 2040 legatis
1295 1960 1352 2023 vel
1367 1976 1413 2024 ex
1427 1960 1506 2024 aliis
1519 1961 1586 2024 ele·

360 2067 541 2148 emosynis
555 2084 641 2132 suae
656 2067 810 2132 familiae
822 2077 1013 2148 utcumque
1026 2067 1212 2146 consuluit,
1225 2066 1401 2149 quamvis,
1417 2067 1587 2131 Venetias

360 2174 405 2239 ad
430 2174 623 2239 Dominum
648 2173 807 2238 Priorem
832 2174 1023 2255 proiectus,
1051 2174 1136 2237 nihil
1157 2174 1237 2238 inde
1257 2183 1440 2256 reportare
1465 2174 1587 2239 auxilii

359 2282 527 2364 potuerit.

418 2388 489 2453 893.
535 2389 626 2454 Cum
649 2396 767 2454 autem
788 2390 974 2453 locasset*
996 2389 1090 2452 bona
1113 2390 1302 2471 praecipua
1319 2389 1469 2471 Collegli
1484 2390 1585 2455 Pata·

356 2496 445 2575 'vini,
462 2495 584 2560 villam
599 2496 734 2560 scilicet
754 2494 907 2571 Astiani,
929 2513 992 2576 per
1006 2496 1195 2575 biennium,
1212 2505 1256 2576 et,
1279 2496 1472 2578 anticipata
1494 2498 1585 2561 solu·
1680 2578 1681 2581 Ἴ

358 2604 465 2695 tione,
480 2604 668 2686 pecuniam
683 2606 892 2684 accepisset,
909 2604 1017 2668 alium
1036 2604 1143 2667 etiam
1162 2620 1289 2684 agrum
1309 2621 1373 2686 per
1395 2604 1585 2669 triennium

359 2711 485 2776 eodem
505 2711 609 2776 modo
631 2721 778 2792 accepta
800 2713 951 2792 pecunia
974 2713 1138 2791 locasset;
1162 2707 1278 2776 timeri
1304 2721 1510 2794 poteratne
1532 2729 1584 2776 se·

358 2819 548 2899 quentibus
562 2819 665 2882 annis
679 2818 838 2899 Collegio
853 2827 976 2882 nostro
991 2819 1185 2883 subsidium
1205 2821 1338 2884 nullum
1353 2820 1438 2884 dare
1452 2828 1583 2901 posset.

358 2927 493 2991 Unicus
513 2942 599 3005 ager
622 2935 806 3007 supererat
824 2925 1007 3004 locandus;
1031 2935 1066 2990 et
1090 2926 1129 2990 P.
1147 2926 1319 3008 Baptista,
1340 2927 1508 2991 facultate
1529 2945 1586 2991 ac·

359 3042 462 3113 cepta
482 3052 503 3096 a
524 3032 564 3097 P.
584 3032 736 3113 ignatio,
761 3032 904 3097 cuidam
922 3033 1040 3114 ¹amico
1060 3033 1333 3113 commendavit,
1349 3043 1389 3098 ut
1402 3051 1482 3098 eum
1505 3050 1586 3097 con·

359 3139 503 3204 duceret
518 3156 583 3204 suo
597 3140 750 3219 nomine,
767 3139 829 3204 sed
849 3140 885 3203 in
904 3137 1054 3220 Collegii
1069 3157 1184 3220 usum;
1203 3149 1238 3204 et
1252 3141 1303 3206 ita
1317 3141 1401 3206 iecit
1417 3140 1463 3205 ad
1477 3157 1586 3206 unum

359 3248 507 3327 annum,
535 3247 627 3311 unde
652 3246 784 3328 aliquid
809 3247 1037 3312 emolumenti
1062 3247 1108 3312 ad
1123 3248 1271 3328 Collegii
1293 3248 1586 3313 sustentationem

360 3345 508 3410 redibat.

418 3452 491 3516 894.
534 3452 802 3518 Admittendum
822 3455 930 3518 etiam
950 3455 986 3518 in
1007 3453 1203 3536 Collegium
1222 3464 1257 3519 et
1275 3455 1489 3521 Societatem
1509 3471 1586 3520 cen·

360 3559 429 3624 suit
451 3559 568 3624 virum
589 3561 777 3642 quemdam
797 3561 1133 3642 quadragenarium,
1155 3563 1327 3626 rusticum
1346 3573 1381 3626 et
1405 3561 1584 3642 coelibem,

360 3675 398 3730 ut
418 3666 511 3730 horti
534 3665 697 3732 Patavini
717 3685 839 3732 curam
858 3678 1011 3750 gereret,
1032 3686 1076 3733 ex
1099 3686 1168 3751 quo
1187 3667 1294 3733 etiam
1312 3668 1498 3734 utilitatem
1516 3687 1587 3734 non

360 3774 543 3839 minimam
558 3775 603 3838 ad
618 3775 767 3857 Collegii
787 3793 890 3840 usum
904 3777 1072 3857 percepit.

420 3881 492 3946 895.
530 3882 702 3962 Quamvis
721 3882 758 3947 P.
777 3881 900 3948 Simon
920 3901 1000 3948 cum
1021 3885 1117 3949 socio
1138 3888 1305 3967 expensis
1324 3885 1471 3966 Collegii
1486 3885 1587 3950 Pata·

360 3989 435 4053 vini
454 3989 607 4070 viveret,
629 3990 712 4071 quia
733 4000 853 4055 tamen
873 3991 1094 4072 quibusdam,
1110 4002 1254 4073 propter
1269 3993 1508 4058 valetudinem
1528 4011 1586 4074 pa·

361 4113 441 4161 rum
460 4113 681 4178 prosperam,
703 4097 896 4178 indigebat,
913 4099 1041 4178 viginti
1063 4115 1190 4162 aureos
1209 4099 1247 4164 P.
1268 4100 1427 4181 ignatius
1441 4101 1590 4181 singulis

362 4203 466 4268 annis
481 4205 518 4268 in
532 4204 729 4269 subsidium
743 4205 882 4270 mittere
896 4214 1073 4287 coeperat.
1090 4205 1135 4270 Et
1154 4224 1235 4271 cum
1256 4207 1341 4288 ipse,
1362 4224 1406 4272 ne
1420 4225 1590 4272 onerosus

362 4319 455 4376 esset
484 4313 686 4392 paupertati
715 4311 852 4377 Domus
878 4311 1073 4393 Romanae,
1100 4313 1241 4396 scripsit
1266 4332 1303 4378 se
1330 4316 1374 4378 ab
1399 4314 1534 4394 amiciS,
1560 4314 1590 4378 si

402 4521 411 4551 ¹
444 4517 565 4562 Andreas
579 4517 745 4572 Llpomanua
758 4518 849 4572 dequo
860 4529 948 4572 snpra,
962 4529 1019 4562 cnm
1028 4519 1057 4562 dc
1067 4517 1182 4574 collegio
1193 4519 1293 4564 Veneto
1301 4524 1387 4566 actum
1397 4523 1445 4574 eet,
1455 4518 1498 4576 qul
1507 4523 1534 4563 ct
1544 4518 1590 4564 btt-

360 4591 403 4646 Ju·
414 4589 538 4634 Patavini
548 4588 659 4644 collegii
671 4590 821 4635 instituendi
831 4597 923 4634 auctor
934 4591 1028 4634 luent.

402 4659 415 4696 ί
441 4659 499 4716 lpse
510 4660 594 4706 Prlor.
