<?xml version="1.0" encoding="UTF-8"?>
<!DOCTYPE html PUBLIC "-//W3C//DTD XHTML 1.0 Transitional//EN"
    "http://www.w3.org/TR/xhtml1/DTD/xhtml1-transitional.dtd">
<html xmlns="http://www.w3.org/1999/xhtml" xml:lang="en" lang="en">
 <head>
  <title>
</title>
<meta http-equiv="Content-Type" content="text/html;charset=utf-8" />
  <meta name='ocr-system' content='tesseract 3.04.00' />
  <meta name='ocr-capabilities' content='ocr_page ocr_carea ocr_par ocr_line ocrx_word'/>
</head>
<body>
  <div class='ocr_page' id='page_1' title='image "./vitaignatiiloio00polagoog_0173.png"; bbox 0 0 3642 5350; ppageno 0'>
   <div class='ocr_carea' id='block_1_1' title="bbox 792 366 1482 441">
    <p class='ocr_par' dir='ltr' id='par_1_1' title="bbox 792 366 1482 441">
     <span class='ocr_line' id='line_1_1' title="bbox 792 366 1482 441; baseline 0.003 -14"><span class='ocrx_word' id='word_1_1' title='bbox 792 366 856 429; x_wconf 76' lang='lat' dir='ltr'>Aa.</span> <span class='ocrx_word' id='word_1_2' title='bbox 879 366 950 441; x_wconf 72' lang='lat' dir='ltr'>libb</span> <span class='ocrx_word' id='word_1_3' title='bbox 1425 366 1482 431; x_wconf 76' lang='lat' dir='ltr'>nui</span> 
     </span>
    </p>
   </div>
   <div class='ocr_carea' id='block_1_2' title="bbox 249 509 1480 1461">
    <p class='ocr_par' dir='ltr' id='par_1_2' title="bbox 254 509 1480 704">
     <span class='ocr_line' id='line_1_2' title="bbox 256 509 1480 603; baseline -0.005 -20"><span class='ocrx_word' id='word_1_4' title='bbox 256 511 424 595; x_wconf 67' lang='lat' dir='ltr'>“France</span> <span class='ocrx_word' id='word_1_5' title='bbox 444 530 508 597; x_wconf 87' lang='lat' dir='ltr'>per</span> <span class='ocrx_word' id='word_1_6' title='bbox 521 515 725 596; x_wconf 77' lang='lat' dir='ltr'>passionem</span> <span class='ocrx_word' id='word_1_7' title='bbox 749 532 864 585; x_wconf 83' lang='lat' dir='ltr'>meam</span> <span class='ocrx_word' id='word_1_8' title='bbox 884 514 1024 585; x_wconf 84' lang='lat' dir='ltr'>salvum</span> <span class='ocrx_word' id='word_1_9' title='bbox 1046 521 1083 579; x_wconf 86' lang='lat' dir='ltr'>te</span> <span class='ocrx_word' id='word_1_10' title='bbox 1102 512 1226 592; x_wconf 81' lang='lat' dir='ltr'>facio„</span> <span class='ocrx_word' id='word_1_11' title='bbox 1249 509 1414 603; x_wconf 20' lang='lat' dir='ltr'>lit-hujus</span> <span class='ocrx_word' id='word_1_12' title='bbox 1428 511 1480 577; x_wconf 86' lang='lat' dir='ltr'>rei</span> 
     </span>
     <span class='ocr_line' id='line_1_3' title="bbox 254 619 1171 704; baseline 0.005 -19"><span class='ocrx_word' id='word_1_13' title='bbox 254 621 368 687; x_wconf 90' lang='lat' dir='ltr'>bonus</span> <span class='ocrx_word' id='word_1_14' title='bbox 385 622 475 687; x_wconf 91' lang='lat' dir='ltr'>odor</span> <span class='ocrx_word' id='word_1_15' title='bbox 493 639 557 704; x_wconf 91' lang='lat' dir='ltr'>per</span> <span class='ocrx_word' id='word_1_16' title='bbox 571 630 683 687; x_wconf 88' lang='lat' dir='ltr'>totam</span> <span class='ocrx_word' id='word_1_17' title='bbox 696 623 820 688; x_wconf 87' lang='lat' dir='ltr'>urbem</span> <span class='ocrx_word' id='word_1_18' title='bbox 835 639 983 704; x_wconf 90' lang='lat' dir='ltr'>sparsus</span> <span class='ocrx_word' id='word_1_19' title='bbox 996 630 1050 687; x_wconf 80' lang='lat' dir='ltr'>eat</span> <span class='ocrx_word' id='word_1_20' title='bbox 1065 619 1086 683; x_wconf 80' lang='lat'>¹.</span> <span class='ocrx_word' id='word_1_21' title='bbox 1169 685 1171 690; x_wconf 89' lang='lat'><em>.</em></span> 
     </span>
    </p>

    <p class='ocr_par' dir='ltr' id='par_1_3' title="bbox 250 727 1480 1133">
     <span class='ocr_line' id='line_1_4' title="bbox 270 727 1480 817; baseline -0.006 -20"><span class='ocrx_word' id='word_1_22' title='bbox 270 772 274 797; x_wconf 56' lang='lat'><em>2</em></span> <span class='ocrx_word' id='word_1_23' title='bbox 311 727 382 795; x_wconf 82' lang='lat'>611.</span> <span class='ocrx_word' id='word_1_24' title='bbox 426 728 714 815; x_wconf 73' lang='lat' dir='ltr'>concionabatur</span> <span class='ocrx_word' id='word_1_25' title='bbox 738 739 858 797; x_wconf 89' lang='lat' dir='ltr'>autem</span> <span class='ocrx_word' id='word_1_26' title='bbox 879 729 934 798; x_wconf 89' lang='lat' dir='ltr'>bis</span> <span class='ocrx_word' id='word_1_27' title='bbox 953 729 991 795; x_wconf 89' lang='lat' dir='ltr'>in</span> <span class='ocrx_word' id='word_1_28' title='bbox 1010 727 1234 817; x_wconf 84' lang='lat' dir='ltr'>bebdomada</span> <span class='ocrx_word' id='word_1_29' title='bbox 1252 734 1314 799; x_wconf 89' lang='lat' dir='ltr'>aut</span> <span class='ocrx_word' id='word_1_30' title='bbox 1335 729 1480 809; x_wconf 85' lang='lat' dir='ltr'>saepius</span> 
     </span>
     <span class='ocr_line' id='line_1_5' title="bbox 252 833 1478 918; baseline -0.002 -17"><span class='ocrx_word' id='word_1_31' title='bbox 252 833 346 903; x_wconf 78' lang='lat' dir='ltr'>idem</span> <span class='ocrx_word' id='word_1_32' title='bbox 360 834 501 917; x_wconf 88' lang='lat' dir='ltr'>Rector,</span> <span class='ocrx_word' id='word_1_33' title='bbox 524 845 667 917; x_wconf 86' lang='lat' dir='ltr'>praeter</span> <span class='ocrx_word' id='word_1_34' title='bbox 685 836 962 913; x_wconf 76' lang='lat' dir='ltr'>annonariones.</span> <span class='ocrx_word' id='word_1_35' title='bbox 978 852 1067 918; x_wconf 87' lang='lat' dir='ltr'>quas</span> <span class='ocrx_word' id='word_1_36' title='bbox 1085 834 1180 916; x_wconf 89' lang='lat' dir='ltr'>apud</span> <span class='ocrx_word' id='word_1_37' title='bbox 1194 834 1397 905; x_wconf 75' lang='lat' dir='ltr'>Conversus</span> <span class='ocrx_word' id='word_1_38' title='bbox 1410 834 1478 901; x_wconf 80' lang='lat' dir='ltr'>fre·</span> 
     </span>
     <span class='ocr_line' id='line_1_6' title="bbox 250 941 1478 1027; baseline -0.002 -16"><span class='ocrx_word' id='word_1_39' title='bbox 250 952 399 1025; x_wconf 80' lang='lat' dir='ltr'>quanter</span> <span class='ocrx_word' id='word_1_40' title='bbox 426 943 589 1021; x_wconf 88' lang='lat' dir='ltr'>habebat,</span> <span class='ocrx_word' id='word_1_41' title='bbox 616 962 683 1011; x_wconf 88' lang='lat' dir='ltr'>nec</span> <span class='ocrx_word' id='word_1_42' title='bbox 707 946 814 1027; x_wconf 88' lang='lat' dir='ltr'>pauci</span> <span class='ocrx_word' id='word_1_43' title='bbox 837 945 884 1011; x_wconf 86' lang='lat' dir='ltr'>ad</span> <span class='ocrx_word' id='word_1_44' title='bbox 907 945 1038 1017; x_wconf 83' lang='lat' dir='ltr'>bouum</span> <span class='ocrx_word' id='word_1_45' title='bbox 1062 944 1202 1025; x_wconf 75' lang='lat' dir='ltr'>frugem</span> <span class='ocrx_word' id='word_1_46' title='bbox 1229 958 1271 1007; x_wconf 88' lang='lat' dir='ltr'>eo</span> <span class='ocrx_word' id='word_1_47' title='bbox 1295 941 1417 1009; x_wconf 88' lang='lat' dir='ltr'>audito</span> <span class='ocrx_word' id='word_1_48' title='bbox 1437 958 1478 1009; x_wconf 85' lang='lat' dir='ltr'>se</span> 
     </span>
     <span class='ocr_line' id='line_1_7' title="bbox 251 1050 504 1133; baseline 0 -12"><span class='ocrx_word' id='word_1_49' title='bbox 251 1050 504 1133; x_wconf 75' lang='lat' dir='ltr'>recipiebant..</span> 
     </span>
    </p>

    <p class='ocr_par' dir='ltr' id='par_1_4' title="bbox 249 1158 1479 1461">
     <span class='ocr_line' id='line_1_8' title="bbox 305 1158 1479 1241; baseline 0.001 -17"><span class='ocrx_word' id='word_1_50' title='bbox 305 1158 383 1225; x_wconf 69' lang='lat'>⁶12.</span> <span class='ocrx_word' id='word_1_51' title='bbox 425 1158 471 1227; x_wconf 90' lang='lat' dir='ltr'>Et</span> <span class='ocrx_word' id='word_1_52' title='bbox 492 1178 573 1229; x_wconf 87' lang='lat' dir='ltr'>cum</span> <span class='ocrx_word' id='word_1_53' title='bbox 593 1162 630 1229; x_wconf 85' lang='lat' dir='ltr'>iu</span> <span class='ocrx_word' id='word_1_54' title='bbox 653 1161 850 1227; x_wconf 87' lang='lat' dir='ltr'>christiana</span> <span class='ocrx_word' id='word_1_55' title='bbox 868 1159 1045 1240; x_wconf 87' lang='lat' dir='ltr'>doctrina,</span> <span class='ocrx_word' id='word_1_56' title='bbox 1065 1172 1174 1241; x_wconf 85' lang='lat' dir='ltr'>quam</span> <span class='ocrx_word' id='word_1_57' title='bbox 1191 1158 1316 1231; x_wconf 88' lang='lat' dir='ltr'>diebus</span> <span class='ocrx_word' id='word_1_58' title='bbox 1336 1159 1479 1225; x_wconf 69' lang='lat' dir='ltr'>aenens</span> 
     </span>
     <span class='ocr_line' id='line_1_9' title="bbox 250 1266 1478 1351; baseline -0.002 -18"><span class='ocrx_word' id='word_1_59' title='bbox 250 1267 463 1349; x_wconf 78' lang='lat' dir='ltr'><strong>explicabat,</strong></span> <span class='ocrx_word' id='word_1_60' title='bbox 476 1268 609 1351; x_wconf 88' lang='lat' dir='ltr'>aliquid</span> <span class='ocrx_word' id='word_1_61' title='bbox 620 1268 842 1348; x_wconf 89' lang='lat' dir='ltr'>occurrebat,</span> <span class='ocrx_word' id='word_1_62' title='bbox 856 1267 952 1350; x_wconf 88' lang='lat' dir='ltr'>quod</span> <span class='ocrx_word' id='word_1_63' title='bbox 962 1267 1010 1334; x_wconf 86' lang='lat' dir='ltr'>ad</span> <span class='ocrx_word' id='word_1_64' title='bbox 1019 1281 1210 1349; x_wconf 79' lang='lat' dir='ltr'>puerorum</span> <span class='ocrx_word' id='word_1_65' title='bbox 1218 1273 1386 1348; x_wconf 85' lang='lat' dir='ltr'>parentes</span> <span class='ocrx_word' id='word_1_66' title='bbox 1399 1266 1478 1331; x_wconf 87' lang='lat' dir='ltr'>atti·</span> 
     </span>
     <span class='ocr_line' id='line_1_10' title="bbox 249 1372 1479 1461; baseline -0.002 -20"><span class='ocrx_word' id='word_1_67' title='bbox 249 1383 362 1456; x_wconf 80' lang='lat' dir='ltr'>neret,</span> <span class='ocrx_word' id='word_1_68' title='bbox 377 1375 475 1457; x_wconf 86' lang='lat' dir='ltr'>ipsos</span> <span class='ocrx_word' id='word_1_69' title='bbox 488 1392 619 1461; x_wconf 90' lang='lat' dir='ltr'>pueros</span> <span class='ocrx_word' id='word_1_70' title='bbox 639 1372 847 1441; x_wconf 78' lang='lat' dir='ltr'>hortabatur</span> <span class='ocrx_word' id='word_1_71' title='bbox 868 1383 909 1443; x_wconf 90' lang='lat' dir='ltr'>ut</span> <span class='ocrx_word' id='word_1_72' title='bbox 929 1374 982 1440; x_wconf 88' lang='lat' dir='ltr'>eis</span> <span class='ocrx_word' id='word_1_73' title='bbox 999 1374 1036 1439; x_wconf 91' lang='lat' dir='ltr'>id</span> <span class='ocrx_word' id='word_1_74' title='bbox 1049 1374 1282 1453; x_wconf 87' lang='lat' dir='ltr'>inculcarent,</span> <span class='ocrx_word' id='word_1_75' title='bbox 1302 1382 1337 1438; x_wconf 89' lang='lat' dir='ltr'>et</span> <span class='ocrx_word' id='word_1_76' title='bbox 1351 1373 1402 1447; x_wconf 82' lang='lat' dir='ltr'>ita</span> <span class='ocrx_word' id='word_1_77' title='bbox 1415 1373 1479 1439; x_wconf 87' lang='lat' dir='ltr'>filil</span> 
     </span>
    </p>
   </div>
   <div class='ocr_carea' id='block_1_3' title="bbox 249 1480 1578 1570">
    <p class='ocr_par' dir='ltr' id='par_1_5' title="bbox 249 1480 1578 1570">
     <span class='ocr_line' id='line_1_11' title="bbox 249 1480 1578 1570; baseline -0.002 -21"><span class='ocrx_word' id='word_1_78' title='bbox 249 1483 641 1564; x_wconf 87' lang='lat' dir='ltr'>pro.conci0natoribus</span> <span class='ocrx_word' id='word_1_79' title='bbox 655 1492 757 1552; x_wconf 87' lang='lat' dir='ltr'>erant</span> <span class='ocrx_word' id='word_1_80' title='bbox 771 1482 867 1547; x_wconf 92' lang='lat' dir='ltr'>domi</span> <span class='ocrx_word' id='word_1_81' title='bbox 879 1500 981 1562; x_wconf 87' lang='lat' dir='ltr'>suae;</span> <span class='ocrx_word' id='word_1_82' title='bbox 996 1481 1092 1563; x_wconf 86' lang='lat' dir='ltr'>quod</span> <span class='ocrx_word' id='word_1_83' title='bbox 1103 1498 1176 1547; x_wconf 88' lang='lat' dir='ltr'>non</span> <span class='ocrx_word' id='word_1_84' title='bbox 1185 1482 1304 1546; x_wconf 88' lang='lat' dir='ltr'>minus</span> <span class='ocrx_word' id='word_1_85' title='bbox 1314 1480 1478 1570; x_wconf 81' lang='lat' dir='ltr'>utilitatis¹</span> <span class='ocrx_word' id='word_1_86' title='bbox 1574 1486 1578 1491; x_wconf 85' lang='grc'><strong><em>’</em></strong></span> 
     </span>
    </p>
   </div>
   <div class='ocr_carea' id='block_1_4' title="bbox 174 1588 1554 4259">
    <p class='ocr_par' dir='ltr' id='par_1_6' title="bbox 174 1588 1554 4259">
     <span class='ocr_line' id='line_1_12' title="bbox 250 1588 1046 1672; baseline -0.003 -17"><span class='ocrx_word' id='word_1_87' title='bbox 250 1606 358 1671; x_wconf 88' lang='lat' dir='ltr'>quam</span> <span class='ocrx_word' id='word_1_88' title='bbox 371 1590 618 1657; x_wconf 78' lang='lat' dir='ltr'>admirationis</span> <span class='ocrx_word' id='word_1_89' title='bbox 631 1590 837 1672; x_wconf 87' lang='lat' dir='ltr'>parentibus</span> <span class='ocrx_word' id='word_1_90' title='bbox 852 1588 1046 1659; x_wconf 80' lang='lat' dir='ltr'>adferebat.</span> 
     </span>
     <span class='ocr_line' id='line_1_13' title="bbox 263 1696 1475 1777; baseline -0.002 -14"><span class='ocrx_word' id='word_1_91' title='bbox 263 1738 273 1745; x_wconf 88' lang='lat'>-</span> <span class='ocrx_word' id='word_1_92' title='bbox 309 1696 381 1765; x_wconf 79' lang='lat'>613.</span> <span class='ocrx_word' id='word_1_93' title='bbox 424 1696 505 1765; x_wconf 91' lang='lat' dir='ltr'>Duo</span> <span class='ocrx_word' id='word_1_94' title='bbox 519 1698 628 1765; x_wconf 85' lang='lat' dir='ltr'>etiam</span> <span class='ocrx_word' id='word_1_95' title='bbox 642 1698 704 1765; x_wconf 91' lang='lat' dir='ltr'>alii</span> <span class='ocrx_word' id='word_1_96' title='bbox 721 1714 768 1765; x_wconf 88' lang='lat' dir='ltr'>ex</span> <span class='ocrx_word' id='word_1_97' title='bbox 788 1698 933 1777; x_wconf 90' lang='lat' dir='ltr'>nostris,</span> <span class='ocrx_word' id='word_1_98' title='bbox 956 1697 1143 1763; x_wconf 83' lang='lat' dir='ltr'>dominicis</span> <span class='ocrx_word' id='word_1_99' title='bbox 1161 1706 1197 1762; x_wconf 89' lang='lat' dir='ltr'>et</span> <span class='ocrx_word' id='word_1_100' title='bbox 1216 1696 1318 1763; x_wconf 82' lang='lat' dir='ltr'>iestis</span> <span class='ocrx_word' id='word_1_101' title='bbox 1339 1696 1475 1773; x_wconf 85' lang='lat' dir='ltr'>diebus,</span> 
     </span>
     <span class='ocr_line' id='line_1_14' title="bbox 251 1802 1475 1893; baseline 0 -24"><span class='ocrx_word' id='word_1_102' title='bbox 251 1805 323 1871; x_wconf 86' lang='lat' dir='ltr'>alio</span> <span class='ocrx_word' id='word_1_103' title='bbox 337 1805 521 1886; x_wconf 88' lang='lat' dir='ltr'>intemplo</span> <span class='ocrx_word' id='word_1_104' title='bbox 535 1817 616 1873; x_wconf 87' lang='lat' dir='ltr'>cum</span> <span class='ocrx_word' id='word_1_105' title='bbox 630 1822 761 1886; x_wconf 70' lang='lat' dir='ltr'>maana</span> <span class='ocrx_word' id='word_1_106' title='bbox 776 1804 969 1879; x_wconf 87' lang='lat' dir='ltr'>multorum</span> <span class='ocrx_word' id='word_1_107' title='bbox 983 1805 1135 1893; x_wconf 81' lang='lat' dir='ltr'>utilitate</span> <span class='ocrx_word' id='word_1_108' title='bbox 1148 1804 1301 1879; x_wconf 87' lang='lat' dir='ltr'>verbum</span> <span class='ocrx_word' id='word_1_109' title='bbox 1312 1802 1382 1871; x_wconf 87' lang='lat' dir='ltr'>Dei</span> <span class='ocrx_word' id='word_1_110' title='bbox 1395 1821 1475 1886; x_wconf 62' lang='lat' dir='ltr'>pros</span> 
     </span>
     <span class='ocr_line' id='line_1_15' title="bbox 250 1912 1449 2002; baseline 0.008 -25"><span class='ocrx_word' id='word_1_111' title='bbox 250 1912 441 1993; x_wconf 87' lang='lat' dir='ltr'>ponebant.</span> <span class='ocrx_word' id='word_1_112' title='bbox 601 1969 659 1979; x_wconf 87' lang='lat'>..</span> <span class='ocrx_word' id='word_1_113' title='bbox 913 1978 917 1983; x_wconf 80' lang='grc'><strong><em>,</em></strong></span> <span class='ocrx_word' id='word_1_114' title='bbox 1111 1978 1114 1983; x_wconf 92' lang='grc'>.</span> <span class='ocrx_word' id='word_1_115' title='bbox 1245 1971 1249 1978; x_wconf 93' lang='grc'><em>.</em></span> <span class='ocrx_word' id='word_1_116' title='bbox 1329 1976 1372 1985; x_wconf 88' lang='grc'>..</span> <span class='ocrx_word' id='word_1_117' title='bbox 1445 1996 1449 2002; x_wconf 43' lang='grc'>,</span> 
     </span>
     <span class='ocr_line' id='line_1_16' title="bbox 308 2017 1554 2103; baseline 0.004 -19"><span class='ocrx_word' id='word_1_118' title='bbox 308 2017 380 2086; x_wconf 82' lang='grc'>614.</span> <span class='ocrx_word' id='word_1_119' title='bbox 424 2018 649 2087; x_wconf 84' lang='lat' dir='ltr'>Existimatio</span> <span class='ocrx_word' id='word_1_120' title='bbox 668 2028 872 2089; x_wconf 88' lang='lat' dir='ltr'>nostrorum</span> <span class='ocrx_word' id='word_1_121' title='bbox 886 2019 983 2103; x_wconf 90' lang='lat' dir='ltr'>apud</span> <span class='ocrx_word' id='word_1_122' title='bbox 996 2020 1095 2087; x_wconf 85' lang='lat' dir='ltr'>cives</span> <span class='ocrx_word' id='word_1_123' title='bbox 1108 2032 1241 2099; x_wconf 73' lang='lat' dir='ltr'>maana</span> <span class='ocrx_word' id='word_1_124' title='bbox 1255 2028 1343 2098; x_wconf 86' lang='lat' dir='ltr'>erat,</span> <span class='ocrx_word' id='word_1_125' title='bbox 1360 2038 1404 2085; x_wconf 91' lang='lat' dir='ltr'>ac</span> <span class='ocrx_word' id='word_1_126' title='bbox 1418 2020 1475 2089; x_wconf 76' lang='lat' dir='ltr'>be·</span> <span class='ocrx_word' id='word_1_127' title='bbox 1551 2091 1554 2098; x_wconf 77' lang='grc'><em>,</em></span> 
     </span>
     <span class='ocr_line' id='line_1_17' title="bbox 247 2127 1475 2217; baseline -0.002 -22"><span class='ocrx_word' id='word_1_128' title='bbox 247 2127 450 2195; x_wconf 84' lang='lat' dir='ltr'>nevolentia</span> <span class='ocrx_word' id='word_1_129' title='bbox 465 2144 536 2193; x_wconf 91' lang='lat' dir='ltr'>non</span> <span class='ocrx_word' id='word_1_130' title='bbox 550 2128 720 2217; x_wconf 77' lang='lat' dir='ltr'>mediocri</span> <span class='ocrx_word' id='word_1_131' title='bbox 734 2144 780 2195; x_wconf 81' lang='lat' dir='ltr'>ex</span> <span class='ocrx_word' id='word_1_132' title='bbox 794 2127 974 2210; x_wconf 85' lang='lat' dir='ltr'>prlmariis</span> <span class='ocrx_word' id='word_1_133' title='bbox 988 2128 1088 2197; x_wconf 88' lang='lat' dir='ltr'>multi</span> <span class='ocrx_word' id='word_1_134' title='bbox 1102 2137 1245 2201; x_wconf 85' lang='lat' dir='ltr'>nostros</span> <span class='ocrx_word' id='word_1_135' title='bbox 1266 2129 1475 2209; x_wconf 86' lang='lat' dir='ltr'>complecte-</span> 
     </span>
     <span class='ocr_line' id='line_1_18' title="bbox 247 2233 1475 2317; baseline 0 -18"><span class='ocrx_word' id='word_1_136' title='bbox 247 2233 387 2313; x_wconf 85' lang='lat' dir='ltr'>bantur;</span> <span class='ocrx_word' id='word_1_137' title='bbox 403 2234 500 2317; x_wconf 82' lang='lat' dir='ltr'>qood</span> <span class='ocrx_word' id='word_1_138' title='bbox 514 2234 618 2299; x_wconf 78' lang='lat' dir='ltr'>facile</span> <span class='ocrx_word' id='word_1_139' title='bbox 632 2234 879 2317; x_wconf 86' lang='lat' dir='ltr'>apparuitsub</span> <span class='ocrx_word' id='word_1_140' title='bbox 893 2233 1000 2301; x_wconf 89' lang='lat' dir='ltr'>finem</span> <span class='ocrx_word' id='word_1_141' title='bbox 1017 2234 1264 2317; x_wconf 82' lang='lat' dir='ltr'>praecedentis</span> <span class='ocrx_word' id='word_1_142' title='bbox 1281 2233 1378 2313; x_wconf 89' lang='lat' dir='ltr'>anni,</span> <span class='ocrx_word' id='word_1_143' title='bbox 1393 2248 1475 2307; x_wconf 86' lang='lat' dir='ltr'>cum</span> 
     </span>
     <span class='ocr_line' id='line_1_19' title="bbox 247 2339 1475 2434; baseline 0.005 -29"><span class='ocrx_word' id='word_1_144' title='bbox 247 2339 373 2407; x_wconf 87' lang='lat' dir='ltr'>Patres</span> <span class='ocrx_word' id='word_1_145' title='bbox 396 2340 536 2407; x_wconf 83' lang='lat' dir='ltr'>Natalis</span> <span class='ocrx_word' id='word_1_146' title='bbox 558 2350 593 2409; x_wconf 89' lang='lat' dir='ltr'>et</span> <span class='ocrx_word' id='word_1_147' title='bbox 618 2340 823 2409; x_wconf 87' lang='lat' dir='ltr'>Ludovicus</span> <span class='ocrx_word' id='word_1_148' title='bbox 847 2340 1037 2421; x_wconf 81' lang='lat' dir='ltr'>Gonzalez,</span> <span class='ocrx_word' id='word_1_149' title='bbox 1057 2358 1139 2408; x_wconf 91' lang='lat' dir='ltr'>cum</span> <span class='ocrx_word' id='word_1_150' title='bbox 1160 2341 1280 2415; x_wconf 77' lang='lat' dir='ltr'>inultis</span> <span class='ocrx_word' id='word_1_151' title='bbox 1303 2341 1412 2434; x_wconf 71' lang='lat' dir='ltr'>sociis</span> <span class='ocrx_word' id='word_1_152' title='bbox 1437 2343 1475 2411; x_wconf 84' lang='lat' dir='ltr'>iu</span> 
     </span>
     <span class='ocr_line' id='line_1_20' title="bbox 244 2446 1474 2529; baseline 0.001 -14"><span class='ocrx_word' id='word_1_153' title='bbox 244 2446 438 2529; x_wconf 79' lang='lat' dir='ltr'>Hispanias</span> <span class='ocrx_word' id='word_1_154' title='bbox 452 2448 669 2529; x_wconf 77' lang='lat' dir='ltr'>navigaturi,</span> <span class='ocrx_word' id='word_1_155' title='bbox 682 2447 843 2515; x_wconf 84' lang='lat' dir='ltr'>Genuam</span> <span class='ocrx_word' id='word_1_156' title='bbox 855 2448 1049 2528; x_wconf 71' lang='lat' dir='ltr'>venissem</span> <span class='ocrx_word' id='word_1_157' title='bbox 1063 2448 1169 2515; x_wconf 88' lang='lat' dir='ltr'>amici</span> <span class='ocrx_word' id='word_1_158' title='bbox 1179 2448 1319 2518; x_wconf 84' lang='lat' dir='ltr'>enimet</span> <span class='ocrx_word' id='word_1_159' title='bbox 1330 2448 1474 2522; x_wconf 83' lang='lat' dir='ltr'>domum</span> 
     </span>
     <span class='ocr_line' id='line_1_21' title="bbox 246 2554 1475 2643; baseline 0.002 -26"><span class='ocrx_word' id='word_1_160' title='bbox 246 2560 282 2617; x_wconf 89' lang='lat' dir='ltr'>et</span> <span class='ocrx_word' id='word_1_161' title='bbox 295 2554 550 2643; x_wconf 80' lang='lat' dir='ltr'>suppellectilia</span> <span class='ocrx_word' id='word_1_162' title='bbox 565 2554 685 2621; x_wconf 85' lang='lat' dir='ltr'>omnia</span> <span class='ocrx_word' id='word_1_163' title='bbox 698 2564 801 2622; x_wconf 90' lang='lat' dir='ltr'>tanta</span> <span class='ocrx_word' id='word_1_164' title='bbox 815 2554 828 2587; x_wconf 83' lang='lat'><strong>¹</strong></span> <span class='ocrx_word' id='word_1_165' title='bbox 840 2555 1023 2627; x_wconf 87' lang='lat' dir='ltr'>celeritate</span> <span class='ocrx_word' id='word_1_166' title='bbox 1037 2564 1209 2637; x_wconf 84' lang='lat' dir='ltr'>pararunt</span> <span class='ocrx_word' id='word_1_167' title='bbox 1222 2564 1258 2619; x_wconf 88' lang='lat' dir='ltr'>et</span> <span class='ocrx_word' id='word_1_168' title='bbox 1276 2563 1377 2629; x_wconf 87' lang='lat' dir='ltr'>tanta</span> <span class='ocrx_word' id='word_1_169' title='bbox 1390 2570 1475 2629; x_wconf 77' lang='lat' dir='ltr'>eunt</span> 
     </span>
     <span class='ocr_line' id='line_1_22' title="bbox 246 2661 1472 2746; baseline 0.003 -20"><span class='ocrx_word' id='word_1_170' title='bbox 246 2661 467 2727; x_wconf 86' lang='lat' dir='ltr'>humanitate</span> <span class='ocrx_word' id='word_1_171' title='bbox 481 2679 544 2734; x_wconf 82' lang='lat' dir='ltr'>eos</span> <span class='ocrx_word' id='word_1_172' title='bbox 557 2671 785 2746; x_wconf 85' lang='lat' dir='ltr'>exceperunt,</span> <span class='ocrx_word' id='word_1_173' title='bbox 802 2680 845 2732; x_wconf 90' lang='lat' dir='ltr'>ac</span> <span class='ocrx_word' id='word_1_174' title='bbox 868 2661 958 2730; x_wconf 85' lang='lat' dir='ltr'>duos</span> <span class='ocrx_word' id='word_1_175' title='bbox 970 2662 1047 2730; x_wconf 84' lang='lat' dir='ltr'>fere</span> <span class='ocrx_word' id='word_1_176' title='bbox 1061 2676 1213 2743; x_wconf 77' lang='lat' dir='ltr'>menaea,</span> <span class='ocrx_word' id='word_1_177' title='bbox 1232 2662 1360 2745; x_wconf 82' lang='lat' dir='ltr'>quibos</span> <span class='ocrx_word' id='word_1_178' title='bbox 1373 2664 1472 2735; x_wconf 62' lang='lat' dir='ltr'>navit</span> 
     </span>
     <span class='ocr_line' id='line_1_23' title="bbox 244 2769 1474 2852; baseline 0.004 -20"><span class='ocrx_word' id='word_1_179' title='bbox 244 2769 357 2848; x_wconf 73' lang='lat' dir='ltr'>pandi</span> <span class='ocrx_word' id='word_1_180' title='bbox 380 2769 605 2836; x_wconf 84' lang='lat' dir='ltr'>occasionem</span> <span class='ocrx_word' id='word_1_181' title='bbox 630 2778 873 2852; x_wconf 72' lang='lat' dir='ltr'>expectarunu</span> <span class='ocrx_word' id='word_1_182' title='bbox 890 2779 926 2834; x_wconf 90' lang='lat' dir='ltr'>et</span> <span class='ocrx_word' id='word_1_183' title='bbox 946 2779 1066 2844; x_wconf 87' lang='lat' dir='ltr'>tamen</span> <span class='ocrx_word' id='word_1_184' title='bbox 1084 2778 1238 2851; x_wconf 87' lang='lat' dir='ltr'>quatuor</span> <span class='ocrx_word' id='word_1_185' title='bbox 1251 2770 1386 2852; x_wconf 87' lang='lat' dir='ltr'>diebus,</span> <span class='ocrx_word' id='word_1_186' title='bbox 1405 2773 1474 2837; x_wconf 88' lang='lat' dir='ltr'>iter</span> 
     </span>
     <span class='ocr_line' id='line_1_24' title="bbox 242 2877 1473 2969; baseline 0.006 -27"><span class='ocrx_word' id='word_1_187' title='bbox 242 2885 360 2949; x_wconf 84' lang='lat' dir='ltr'>totum</span> <span class='ocrx_word' id='word_1_188' title='bbox 373 2877 409 2945; x_wconf 90' lang='lat' dir='ltr'>iu</span> <span class='ocrx_word' id='word_1_189' title='bbox 424 2877 633 2958; x_wconf 82' lang='lat' dir='ltr'>Hispaniam</span> <span class='ocrx_word' id='word_1_190' title='bbox 652 2893 765 2960; x_wconf 84' lang='lat' dir='ltr'>usque</span> <span class='ocrx_word' id='word_1_191' title='bbox 785 2877 1048 2958; x_wconf 83' lang='lat' dir='ltr'>confecerunt³,</span> <span class='ocrx_word' id='word_1_192' title='bbox 1072 2877 1141 2952; x_wconf 81' lang='lat' dir='ltr'>Del</span> <span class='ocrx_word' id='word_1_193' title='bbox 1160 2879 1380 2969; x_wconf 68' lang='lat' dir='ltr'>benignitate</span> <span class='ocrx_word' id='word_1_194' title='bbox 1399 2882 1473 2955; x_wconf 54' lang='lat' dir='ltr'>loun</span> 
     </span>
     <span class='ocr_line' id='line_1_25' title="bbox 243 2985 1474 3078; baseline 0.002 -29"><span class='ocrx_word' id='word_1_195' title='bbox 243 2997 329 3064; x_wconf 74' lang='lat' dir='ltr'>gam</span> <span class='ocrx_word' id='word_1_196' title='bbox 348 2985 632 3065; x_wconf 72' lang='lat' dir='ltr'>expectationem</span> <span class='ocrx_word' id='word_1_197' title='bbox 655 2985 872 3063; x_wconf 82' lang='lat' dir='ltr'>brevissima</span> <span class='ocrx_word' id='word_1_198' title='bbox 885 2986 1117 3066; x_wconf 74' lang='lat' dir='ltr'>nnvipatione</span> <span class='ocrx_word' id='word_1_199' title='bbox 1140 2996 1406 3078; x_wconf 80' lang='lat' dir='ltr'>compensante.</span> <span class='ocrx_word' id='word_1_200' title='bbox 1426 2987 1474 3052; x_wconf 84' lang='lat' dir='ltr'>Et</span> 
     </span>
     <span class='ocr_line' id='line_1_26' title="bbox 242 3091 1473 3188; baseline 0.004 -32"><span class='ocrx_word' id='word_1_201' title='bbox 242 3091 280 3156; x_wconf 88' lang='lat' dir='ltr'>in</span> <span class='ocrx_word' id='word_1_202' title='bbox 293 3091 401 3162; x_wconf 73' lang='lat' dir='ltr'>rebus</span> <span class='ocrx_word' id='word_1_203' title='bbox 414 3092 536 3172; x_wconf 80' lang='lat' dir='ltr'>magni</span> <span class='ocrx_word' id='word_1_204' title='bbox 550 3092 718 3170; x_wconf 84' lang='lat' dir='ltr'>momenti</span> <span class='ocrx_word' id='word_1_205' title='bbox 731 3101 767 3160; x_wconf 90' lang='lat' dir='ltr'>et</span> <span class='ocrx_word' id='word_1_206' title='bbox 781 3109 888 3173; x_wconf 84' lang='lat' dir='ltr'>saepe</span> <span class='ocrx_word' id='word_1_207' title='bbox 907 3093 945 3158; x_wconf 90' lang='lat' dir='ltr'>in</span> <span class='ocrx_word' id='word_1_208' title='bbox 963 3093 1031 3172; x_wconf 88' lang='lat' dir='ltr'>his,</span> <span class='ocrx_word' id='word_1_209' title='bbox 1046 3110 1139 3178; x_wconf 85' lang='lat' dir='ltr'>quae</span> <span class='ocrx_word' id='word_1_210' title='bbox 1153 3093 1200 3158; x_wconf 90' lang='lat' dir='ltr'>ad</span> <span class='ocrx_word' id='word_1_211' title='bbox 1217 3094 1473 3188; x_wconf 84' lang='lat' dir='ltr'>rempublicam</span> 
     </span>
     <span class='ocr_line' id='line_1_27' title="bbox 241 3198 1473 3293; baseline 0.002 -29"><span class='ocrx_word' id='word_1_212' title='bbox 241 3198 358 3280; x_wconf 82' lang='lat' dir='ltr'>ipsam</span> <span class='ocrx_word' id='word_1_213' title='bbox 382 3198 618 3280; x_wconf 81' lang='lat' dir='ltr'>pertinebant,</span> <span class='ocrx_word' id='word_1_214' title='bbox 639 3209 843 3272; x_wconf 88' lang='lat' dir='ltr'>nostrorum</span> <span class='ocrx_word' id='word_1_215' title='bbox 868 3216 989 3280; x_wconf 87' lang='lat' dir='ltr'>opera,</span> <span class='ocrx_word' id='word_1_216' title='bbox 1016 3217 1060 3265; x_wconf 91' lang='lat' dir='ltr'>ac</span> <span class='ocrx_word' id='word_1_217' title='bbox 1084 3200 1276 3281; x_wconf 80' lang='lat' dir='ltr'>praecipue</span> <span class='ocrx_word' id='word_1_218' title='bbox 1295 3200 1473 3293; x_wconf 79' lang='lat' dir='ltr'>Rectoris,</span> 
     </span>
     <span class='ocr_line' id='line_1_28' title="bbox 243 3303 1472 3390; baseline -0.002 -16"><span class='ocrx_word' id='word_1_219' title='bbox 243 3303 453 3378; x_wconf 64' lang='lat' dir='ltr'>&amp;ancusae</span> <span class='ocrx_word' id='word_1_220' title='bbox 467 3307 667 3382; x_wconf 84' lang='lat' dir='ltr'>utebantur,</span> <span class='ocrx_word' id='word_1_221' title='bbox 684 3307 729 3374; x_wconf 90' lang='lat' dir='ltr'>Et</span> <span class='ocrx_word' id='word_1_222' title='bbox 743 3307 787 3381; x_wconf 87' lang='lat' dir='ltr'>ab</span> <span class='ocrx_word' id='word_1_223' title='bbox 799 3307 980 3390; x_wconf 88' lang='lat' dir='ltr'>Episcopo</span> <span class='ocrx_word' id='word_1_224' title='bbox 994 3316 1029 3373; x_wconf 90' lang='lat' dir='ltr'>et</span> <span class='ocrx_word' id='word_1_225' title='bbox 1048 3308 1128 3375; x_wconf 90' lang='lat' dir='ltr'>aliis</span> <span class='ocrx_word' id='word_1_226' title='bbox 1148 3307 1378 3389; x_wconf 86' lang='lat' dir='ltr'>primariiset</span> <span class='ocrx_word' id='word_1_227' title='bbox 1400 3327 1472 3386; x_wconf 83' lang='lat' dir='ltr'>ma-</span> 
     </span>
     <span class='ocr_line' id='line_1_29' title="bbox 241 3411 1472 3498; baseline 0.003 -20"><span class='ocrx_word' id='word_1_228' title='bbox 241 3427 337 3495; x_wconf 63' lang='grc' dir='ltr'>ωε</span> <span class='ocrx_word' id='word_1_229' title='bbox 351 3411 566 3494; x_wconf 71' lang='lat' dir='ltr'>integritatis</span> <span class='ocrx_word' id='word_1_230' title='bbox 580 3415 669 3480; x_wconf 85' lang='lat' dir='ltr'>viris</span> <span class='ocrx_word' id='word_1_231' title='bbox 683 3414 729 3488; x_wconf 86' lang='lat' dir='ltr'>ad</span> <span class='ocrx_word' id='word_1_232' title='bbox 742 3432 801 3480; x_wconf 88' lang='lat' dir='ltr'>res</span> <span class='ocrx_word' id='word_1_233' title='bbox 815 3413 986 3495; x_wconf 85' lang='lat' dir='ltr'>difficiles,</span> <span class='ocrx_word' id='word_1_234' title='bbox 1000 3431 1093 3496; x_wconf 87' lang='lat' dir='ltr'>quae</span> <span class='ocrx_word' id='word_1_235' title='bbox 1111 3415 1158 3480; x_wconf 87' lang='lat' dir='ltr'>ad</span> <span class='ocrx_word' id='word_1_236' title='bbox 1173 3415 1380 3496; x_wconf 78' lang='lat' dir='ltr'>religionem</span> <span class='ocrx_word' id='word_1_237' title='bbox 1394 3433 1472 3498; x_wconf 90' lang='lat' dir='ltr'>per-</span> 
     </span>
     <span class='ocr_line' id='line_1_30' title="bbox 244 3518 1472 3614; baseline 0.004 -27"><span class='ocrx_word' id='word_1_238' title='bbox 244 3518 419 3600; x_wconf 75' lang='lat' dir='ltr'>tinebant,</span> <span class='ocrx_word' id='word_1_239' title='bbox 431 3519 506 3602; x_wconf 79' lang='lat' dir='ltr'>ejus</span> <span class='ocrx_word' id='word_1_240' title='bbox 520 3521 696 3586; x_wconf 87' lang='lat' dir='ltr'>sententia</span> <span class='ocrx_word' id='word_1_241' title='bbox 715 3530 750 3596; x_wconf 86' lang='lat' dir='ltr'>et</span> <span class='ocrx_word' id='word_1_242' title='bbox 769 3521 941 3614; x_wconf 81' lang='lat' dir='ltr'>auxilium</span> <span class='ocrx_word' id='word_1_243' title='bbox 959 3523 1218 3604; x_wconf 81' lang='lat' dir='ltr'>postulabatur,</span> <span class='ocrx_word' id='word_1_244' title='bbox 1240 3521 1472 3604; x_wconf 81' lang='lat' dir='ltr'>inquisitores¹</span> 
     </span>
     <span class='ocr_line' id='line_1_31' title="bbox 174 3619 1472 3724; baseline 0.004 -33"><span class='ocrx_word' id='word_1_245' title='bbox 174 3619 178 3626; x_wconf 83' lang='grc'><strong>’</strong></span> <span class='ocrx_word' id='word_1_246' title='bbox 242 3627 353 3702; x_wconf 80' lang='lat' dir='ltr'>etiam</span> <span class='ocrx_word' id='word_1_247' title='bbox 366 3627 568 3700; x_wconf 80' lang='lat' dir='ltr'>baereticae</span> <span class='ocrx_word' id='word_1_248' title='bbox 583 3629 772 3710; x_wconf 82' lang='lat' dir='ltr'>pravitatis</span> <span class='ocrx_word' id='word_1_249' title='bbox 785 3629 1081 3704; x_wconf 81' lang='lat' dir='ltr'>confidenterboc</span> <span class='ocrx_word' id='word_1_250' title='bbox 1099 3629 1426 3724; x_wconf 18' lang='lat' dir='ltr'>ipsumnlauiebaat.</span> <span class='ocrx_word' id='word_1_251' title='bbox 1467 3688 1472 3708; x_wconf 84' lang='lat'>,</span> 
     </span>
     <span class='ocr_line' id='line_1_32' title="bbox 300 3733 1469 3831; baseline 0.003 -31"><span class='ocrx_word' id='word_1_252' title='bbox 300 3734 374 3810; x_wconf 71' lang='lat'>615,</span> <span class='ocrx_word' id='word_1_253' title='bbox 417 3733 602 3815; x_wconf 68' lang='lat' dir='ltr'>Regnabat</span> <span class='ocrx_word' id='word_1_254' title='bbox 617 3735 654 3800; x_wconf 92' lang='lat' dir='ltr'>in</span> <span class='ocrx_word' id='word_1_255' title='bbox 668 3755 711 3802; x_wconf 89' lang='lat' dir='ltr'>ea</span> <span class='ocrx_word' id='word_1_256' title='bbox 725 3737 870 3802; x_wconf 88' lang='lat' dir='ltr'>civitate</span> <span class='ocrx_word' id='word_1_257' title='bbox 884 3738 1016 3803; x_wconf 87' lang='lat' dir='ltr'>abusus</span> <span class='ocrx_word' id='word_1_258' title='bbox 1030 3755 1103 3804; x_wconf 86' lang='lat' dir='ltr'>nou</span> <span class='ocrx_word' id='word_1_259' title='bbox 1116 3738 1268 3831; x_wconf 75' lang='lat' dir='ltr'>exiguus</span> <span class='ocrx_word' id='word_1_260' title='bbox 1282 3737 1356 3804; x_wconf 88' lang='lat' dir='ltr'>ludi</span> <span class='ocrx_word' id='word_1_261' title='bbox 1369 3738 1469 3804; x_wconf 69' lang='lat' dir='ltr'>chan</span> 
     </span>
     <span class='ocr_line' id='line_1_33' title="bbox 240 3842 1524 3937; baseline 0 -27"><span class='ocrx_word' id='word_1_262' title='bbox 240 3850 372 3934; x_wconf 78' lang='lat' dir='ltr'>tarum,</span> <span class='ocrx_word' id='word_1_263' title='bbox 386 3851 509 3918; x_wconf 86' lang='lat' dir='ltr'>ettam</span> <span class='ocrx_word' id='word_1_264' title='bbox 522 3844 592 3911; x_wconf 86' lang='lat' dir='ltr'>late</span> <span class='ocrx_word' id='word_1_265' title='bbox 610 3845 754 3934; x_wconf 86' lang='lat' dir='ltr'>patebat</span> <span class='ocrx_word' id='word_1_266' title='bbox 769 3844 860 3910; x_wconf 89' lang='lat' dir='ltr'>inter</span> <span class='ocrx_word' id='word_1_267' title='bbox 871 3844 1060 3937; x_wconf 85' lang='lat' dir='ltr'>primarios</span> <span class='ocrx_word' id='word_1_268' title='bbox 1075 3853 1110 3909; x_wconf 90' lang='lat' dir='ltr'>et</span> <span class='ocrx_word' id='word_1_269' title='bbox 1122 3842 1281 3927; x_wconf 77' lang='lat' dir='ltr'>plebeios</span> <span class='ocrx_word' id='word_1_270' title='bbox 1295 3844 1470 3925; x_wconf 81' lang='lat' dir='ltr'>homines,</span> <span class='ocrx_word' id='word_1_271' title='bbox 1517 3843 1524 3853; x_wconf 87' lang='lat'>&#39;</span> 
     </span>
     <span class='ocr_line' id='line_1_34' title="bbox 240 3950 1472 4034; baseline 0.003 -21"><span class='ocrx_word' id='word_1_272' title='bbox 240 3958 280 4013; x_wconf 92' lang='lat' dir='ltr'>ut</span> <span class='ocrx_word' id='word_1_273' title='bbox 303 3950 341 4014; x_wconf 91' lang='lat' dir='ltr'>in</span> <span class='ocrx_word' id='word_1_274' title='bbox 365 3959 532 4028; x_wconf 82' lang='lat' dir='ltr'>naturam</span> <span class='ocrx_word' id='word_1_275' title='bbox 554 3951 816 4034; x_wconf 78' lang='lat' dir='ltr'>quodammodo</span> <span class='ocrx_word' id='word_1_276' title='bbox 841 3952 1061 4026; x_wconf 82' lang='lat' dir='ltr'>consuetudo</span> <span class='ocrx_word' id='word_1_277' title='bbox 1084 3969 1192 4028; x_wconf 71' lang='lat' dir='ltr'>versa</span> <span class='ocrx_word' id='word_1_278' title='bbox 1215 3951 1407 4034; x_wconf 80' lang='lat' dir='ltr'>videretur,</span> <span class='ocrx_word' id='word_1_279' title='bbox 1435 3963 1472 4028; x_wconf 76' lang='lat' dir='ltr'>et</span> 
     </span>
     <span class='ocr_line' id='line_1_35' title="bbox 240 4056 1468 4141; baseline 0.004 -21"><span class='ocrx_word' id='word_1_280' title='bbox 240 4056 437 4132; x_wconf 78' lang='lat' dir='ltr'>tenuissimi</span> <span class='ocrx_word' id='word_1_281' title='bbox 458 4057 587 4139; x_wconf 89' lang='lat' dir='ltr'>quique</span> <span class='ocrx_word' id='word_1_282' title='bbox 607 4076 649 4123; x_wconf 88' lang='lat' dir='ltr'>ac</span> <span class='ocrx_word' id='word_1_283' title='bbox 669 4060 897 4140; x_wconf 87' lang='lat' dir='ltr'>pauperrimi,</span> <span class='ocrx_word' id='word_1_284' title='bbox 919 4060 979 4141; x_wconf 89' lang='lat' dir='ltr'>qui</span> <span class='ocrx_word' id='word_1_285' title='bbox 997 4078 1061 4141; x_wconf 91' lang='lat' dir='ltr'>per</span> <span class='ocrx_word' id='word_1_286' title='bbox 1080 4068 1193 4136; x_wconf 84' lang='lat' dir='ltr'>totam</span> <span class='ocrx_word' id='word_1_287' title='bbox 1207 4059 1468 4136; x_wconf 81' lang='lat' dir='ltr'>hebdomadam</span> 
     </span>
     <span class='ocr_line' id='line_1_36' title="bbox 239 4164 1468 4259; baseline 0.007 -31"><span class='ocrx_word' id='word_1_288' title='bbox 239 4164 287 4242; x_wconf 73' lang='lat' dir='ltr'>ad</span> <span class='ocrx_word' id='word_1_289' title='bbox 300 4165 691 4259; x_wconf 75' lang='lat' dir='ltr'>victumquaereudum</span> <span class='ocrx_word' id='word_1_290' title='bbox 710 4167 890 4242; x_wconf 79' lang='lat' dir='ltr'>laboribus</span> <span class='ocrx_word' id='word_1_291' title='bbox 908 4167 1182 4248; x_wconf 74' lang='lat' dir='ltr'>frangebantur,</span> <span class='ocrx_word' id='word_1_292' title='bbox 1196 4168 1265 4234; x_wconf 85' lang='lat' dir='ltr'>hae</span> <span class='ocrx_word' id='word_1_293' title='bbox 1283 4185 1398 4251; x_wconf 69' lang='lat' dir='ltr'>praua</span> <span class='ocrx_word' id='word_1_294' title='bbox 1419 4170 1468 4245; x_wconf 89' lang='lat' dir='ltr'>lu·</span> 
     </span>
    </p>
   </div>
   <div class='ocr_carea' id='block_1_5' title="bbox 239 4407 1469 4694">
    <p class='ocr_par' dir='ltr' id='par_1_7' title="bbox 239 4407 1469 4694">
     <span class='ocr_line' id='line_1_37' title="bbox 279 4407 1469 4469; baseline 0.005 -17"><span class='ocrx_word' id='word_1_295' title='bbox 279 4407 289 4441; x_wconf 80' lang='lat'>¹</span> <span class='ocrx_word' id='word_1_296' title='bbox 317 4407 518 4468; x_wconf 72' lang='lat' dir='ltr'>Parmapbam</span> <span class='ocrx_word' id='word_1_297' title='bbox 532 4413 588 4456; x_wconf 84' lang='lat' dir='ltr'>toto</span> <span class='ocrx_word' id='word_1_298' title='bbox 602 4409 651 4458; x_wconf 81' lang='lat' dir='ltr'>lton</span> <span class='ocrx_word' id='word_1_299' title='bbox 665 4419 773 4458; x_wconf 76' lang='lat' dir='ltr'>nummo</span> <span class='ocrx_word' id='word_1_300' title='bbox 785 4416 935 4457; x_wconf 80' lang='lat' dir='ltr'>contentam</span> <span class='ocrx_word' id='word_1_301' title='bbox 948 4419 1010 4458; x_wconf 82' lang='lat' dir='ltr'>orae</span> <span class='ocrx_word' id='word_1_302' title='bbox 1024 4413 1137 4468; x_wconf 75' lang='lat' dir='ltr'>paginae</span> <span class='ocrx_word' id='word_1_303' title='bbox 1151 4413 1248 4469; x_wconf 73' lang='lat' dir='ltr'>adjecit</span> <span class='ocrx_word' id='word_1_304' title='bbox 1264 4424 1312 4459; x_wconf 81' lang='lat' dir='ltr'>sm</span> <span class='ocrx_word' id='word_1_305' title='bbox 1328 4420 1407 4460; x_wconf 81' lang='lat' dir='ltr'>manu</span> <span class='ocrx_word' id='word_1_306' title='bbox 1421 4412 1469 4458; x_wconf 88' lang='lat' dir='ltr'>Po-</span> 
     </span>
     <span class='ocr_line' id='line_1_38' title="bbox 240 4480 1468 4609; baseline 0.008 -14"><span class='ocrx_word' id='word_1_307' title='bbox 240 4480 824 4609; x_wconf 47' lang='lat' dir='ltr'>mrmffr&#39;oatmaen,magnaaarmaatma.</span> <span class='ocrx_word' id='word_1_308' title='bbox 910 4576 914 4583; x_wconf 92' lang='lat'>·</span> <span class='ocrx_word' id='word_1_309' title='bbox 1466 4566 1468 4569; x_wconf 91' lang='lat'>·</span> 
     </span>
     <span class='ocr_line' id='line_1_39' title="bbox 239 4621 1465 4694; baseline 0.009 -27"><span class='ocrx_word' id='word_1_310' title='bbox 239 4635 249 4672; x_wconf 64' lang='grc' dir='ltr'>,ι</span> <span class='ocrx_word' id='word_1_311' title='bbox 277 4667 279 4672; x_wconf 85' lang='grc'>,</span> <span class='ocrx_word' id='word_1_312' title='bbox 313 4621 672 4692; x_wconf 61' lang='lat' dir='ltr'>iueraqmtometpnam</span> <span class='ocrx_word' id='word_1_313' title='bbox 684 4625 1008 4685; x_wconf 77' lang='lat' dir='ltr'>Geaaavetasotoerant,</span> <span class='ocrx_word' id='word_1_314' title='bbox 1022 4626 1465 4694; x_wconf 72' lang='lat' dir='ltr'>dtetafflspualmapprllrrenl.</span> 
     </span>
    </p>
   </div>
   <div class='ocr_carea' id='block_1_6' title="bbox 0 0 1826 5350">
    <p class='ocr_par' dir='ltr' id='par_1_8' title="bbox 0 0 1826 5350">
     <span class='ocr_line' id='line_1_40' title="bbox 0 0 1826 5350; baseline 0 5"><span class='ocrx_word' id='word_1_315' title='bbox 0 0 1826 5350; x_wconf 95' lang='lat' dir='ltr'> </span> 
     </span>
    </p>
   </div>
  </div>
 </body>
</html>
