3642 5350
361 464 415 525 698
816 460 945 523 Canon.
965 460 1043 522 Soc.
1064 460 1133 537 Jas.

360 616 494 689 rarunt,
511 618 546 673 et
560 608 635 690 ipse
649 610 756 673 etiam
771 607 903 672 Rector
918 606 1009 671 inter
1024 607 1123 687 alios,
1141 605 1295 671 fructum
1306 623 1352 671 ex
1365 614 1467 687 parte
1482 604 1591 687 impe·

361 716 499 795 dierint,
512 711 1532 797 tamconsessionisquampraedicationis;sedfereusque
1545 715 1590 777 ad

361 824 514 889 mediam
535 832 675 888 noctem
694 823 730 887 in
752 822 938 888 audiendis
958 819 1240 886 confessionibus
1259 820 1435 886 interdurn
1459 819 1588 885 detine·

361 932 502 995 bantur.

421 1036 513 1102 3020.
556 1037 646 1102 Aliis
661 1037 929 1118 aegrotantibus
944 1036 1055 1101 nostri
1067 1035 1280 1101 adstiterunt
1298 1046 1334 1101 et
1353 1036 1525 1101 auxilium
1538 1044 1589 1100 at·

362 1146 533 1225 tulerunt;
549 1146 611 1209 sed
626 1144 848 1226 potissimum
870 1144 1000 1210 Comiti
1020 1141 1177 1223 Nieblae,
1198 1143 1259 1225 qui
1277 1144 1534 1226 primogenitus
1555 1152 1590 1208 et

362 1269 548 1317 successor
562 1252 702 1317 futurus
716 1262 793 1316 erat
808 1250 920 1315 Ducis
933 1250 1162 1331 Methymnae
1175 1248 1353 1325 Sidoniae,
1370 1248 1472 1331 cujus
1485 1250 1589 1315 morti

362 1358 400 1423 P.
422 1359 579 1442 Joannes
592 1358 724 1424 Paulus
745 1376 826 1423 cum
848 1360 919 1422 alio
937 1367 1062 1422 nostro
1076 1357 1186 1422 fratre
1201 1356 1375 1436 interfuit,
1397 1374 1463 1421 nec
1478 1357 1590 1422 solum

362 1466 444 1547 ipsi,
465 1466 528 1531 sed
549 1466 759 1531 comitissae
779 1468 886 1532 etiam
911 1465 1097 1547 perutilem
1121 1481 1267 1545 operam
1285 1465 1478 1545 praestitit,
1502 1482 1592 1547 quae

362 1574 602 1638 consolatione
618 1592 724 1656 quam
738 1575 895 1639 maxima
914 1572 1108 1654 indigebat,
1129 1579 1168 1636 ut
1187 1572 1348 1636 omittam
1368 1572 1511 1636 interim
1524 1572 1589 1638 Co·

363 1680 459 1745 mitis
473 1690 638 1763 parentes
652 1677 673 1745 ¹.

422 1786 513 1852 3021.
557 1788 705 1853 Curavit
724 1796 841 1853 autem
857 1797 895 1851 ut
909 1804 973 1867 per
992 1797 1255 1852 sacramentum
1276 1787 1508 1853 confessionis
1526 1788 1588 1853 Co·

363 1895 499 1959 mitissa
515 1895 559 1959 ad
575 1895 659 1959 illud
673 1894 916 1976 recipiendum
930 1911 968 1958 se
988 1895 1209 1974 disponeret;
1230 1903 1265 1958 et
1283 1895 1517 1960 concionatus
1536 1905 1589 1959 est

363 2003 437 2082 ipse
453 2002 487 2065 in
503 2001 649 2066 Comitis
669 2001 791 2066 funere
810 2002 846 2066 in
868 2002 1084 2067 monasterio
1105 1999 1165 2066 st*
1185 2001 1376 2081 Dominici,
1397 2020 1489 2084 quae
1508 2019 1588 2067 con·

362 2109 418 2173 cio
433 2118 468 2172 et
483 2108 727 2175 admirationis
742 2116 776 2173 et
791 2109 1047 2173 consolationis
1058 2109 1245 2190 plurimum
1258 2109 1478 2174 auditoribus
1492 2128 1589 2191 prae·

362 2216 461 2280 stitit.

421 2322 513 2388 3022.
555 2322 595 2387 In
617 2324 898 2405 Quadragesima
919 2325 1039 2389 debuit
1060 2325 1097 2390 in
1117 2342 1254 2389 summo
1273 2326 1405 2406 templo
1425 2325 1464 2390 P.
1486 2325 1590 2409 Joau·

362 2448 425 2495 nes
440 2430 580 2509 Paulus,
599 2431 740 2511 Rectus,
754 2433 970 2498 concionari:
987 2442 1026 2497 ut
1040 2442 1119 2496 erat
1133 2432 1261 2498 affectu
1276 2433 1412 2515 plenus,
1426 2441 1461 2497 et
1475 2450 1589 2497 exem·

362 2540 420 2620 plo
446 2556 591 2603 suarum
615 2540 856 2621 lacrymarum
884 2540 1066 2605 auditores
1092 2540 1319 2605 vehementer
1343 2539 1389 2604 ad
1411 2542 1591 2622 lacrymas

362 2647 621 2725 commovebat;
639 2656 673 2712 et
688 2647 877 2712 cumidem
892 2648 929 2712 in
944 2648 1077 2730 palatio
1099 2648 1393 2728 concionabatur,
1410 2648 1517 2714 etiam
1530 2664 1588 2730 po·

363 2756 466 2837 pulus
481 2755 526 2820 ad
541 2772 626 2820 suas
640 2757 830 2820 conciones
849 2773 973 2821 coram
988 2757 1117 2837 populo
1132 2757 1394 2821 admittebatur.

422 2861 513 2928 3023.
556 2863 604 2927 Ut
623 2872 741 2928 autem
761 2884 781 2928 a
802 2864 953 2945 prandio
972 2863 1095 2928 diebus
1108 2863 1295 2928 dominicis
1313 2864 1349 2927 in
1369 2864 1514 2945 propria
1534 2881 1588 2927 cc·

363 2971 471 3034 clesia
487 2971 536 3034 ita
550 2969 673 3035 diebus
684 2970 777 3052 Jovis
800 2973 835 3037 in
854 2972 974 3036 littore
993 2972 1037 3036 de
1057 2969 1252 3035 christiana
1273 2971 1434 3035 doctrina
1450 2971 1588 3035 concio·

364 3078 526 3158 nabatur;
543 3079 606 3143 sed
620 3077 695 3158 eJ‘us
710 3079 817 3144 etiam
838 3080 1039 3143 rudimenta
1053 3078 1274 3142 familiariter
1281 3095 1433 3157 servos,
1453 3077 1514 3160 qui
1528 3078 1587 3142 ibi·

362 3183 441 3249 dem
458 3185 598 3265 plurimi
612 3195 704 3266 sunt,
721 3195 756 3250 et
771 3203 901 3268 pueros
916 3184 1097 3249 edocebat:
1114 3202 1184 3266 qua
1203 3184 1458 3249 exercitatione
1477 3184 1587 3263 finita,

363 3289 577 3372 procedebat
602 3309 683 3357 cum
708 3295 826 3375 pueris
852 3292 898 3357 ad
919 3291 1110 3374 quamdam
1134 3293 1323 3356 ecclesiam
1349 3293 1388 3356 B.
1415 3291 1588 3372 Virginis,

363 3399 423 3464 ubi
437 3398 590 3464 Domino
610 3401 850 3465 commendari
868 3401 1006 3481 aliquas
1019 3399 1250 3464 necessitates
1263 3399 1385 3482 populi
1399 3401 1457 3463 vel
1471 3398 1589 3464 Eccle-

364 3508 438 3571 siae
463 3507 623 3588 curabat;
649 3508 745 3589 quod
765 3509 811 3572 ad
836 3524 1005 3588 magnam
1028 3507 1209 3570 hominum
1236 3507 1516 3572 aedificationem
1534 3525 1588 3571 ce·

364 3614 481 3678 debat.

423 3723 514 3787 3024.
557 3723 752 3788 Accidebat
774 3724 964 3806 aliquando
985 3723 1060 3789 lere
1079 3723 1173 3787 mille
1191 3739 1322 3803 pueros
1341 3732 1377 3787 et
1396 3739 1523 3787 servos
1543 3720 1588 3787 ad

366 3829 566 3914 hujusmodi
594 3833 839 3912 processiones
863 3833 998 3910 venire,
1028 3839 1118 3914 quos
1143 3847 1317 3912 campana
1341 3831 1529 3909 evocabat,
1554 3839 1589 3894 et

364 3938 512 4003 libenter
533 3942 688 4004 animum
707 3938 752 4003 ad
774 3939 999 4004 devotionem
1020 3948 1055 4004 et
1075 3939 1272 4004 orationem
1291 3937 1534 4018 applicabant;
1555 3946 1590 4001 et

366 4046 540 4110 rosarium
564 4049 754 4128 praecipue
773 4047 812 4112 Β.
834 4046 997 4128 Virginis
1016 4048 1068 4111 sic
1089 4046 1155 4110 luit
1169 4046 1206 4108 in
1227 4044 1518 4110 consuetudinem
1541 4045 1591 4109 in·

366 4152 510 4219 ductum
525 4155 658 4235 aliquot
673 4155 978 4220 exhortationibus
993 4153 1149 4235 ejusdem
1164 4153 1291 4233 Patris,
1306 4162 1345 4217 ut
1359 4152 1467 4217 etiam
1482 4153 1518 4218 in
1532 4167 1590 4234 pa·

366 4263 451 4326 latio
481 4261 556 4327 sere
575 4279 698 4327 omnes
721 4263 758 4328 in
776 4264 940 4328 manibus
964 4263 1101 4328 rosaria
1125 4270 1324 4342 gestarent,
1350 4269 1385 4325 et
1409 4261 1593 4342 cupientes

368 4464 577 4472 ——-—-—.-——

408 4578 417 4612 ¹
445 4579 486 4623 Ex
497 4579 544 4634 bis,
556 4593 621 4636 quac
633 4583 658 4625 in
667 4582 715 4625 hoc
726 4587 751 4625 et
766 4580 882 4636 sequenti
900 4591 1007 4624 numero
1021 4578 1150 4632 dlcuntur,
1164 4579 1350 4625 confirmantur
1360 4592 1425 4632 uuae
1434 4589 1514 4634 supra
1527 4577 1590 4622 scri·

367 4651 470 4704 psimus,
482 4658 500 4696 t.
516 4666 541 4704 v,
557 4665 617 4708 pag.
633 4653 681 4704 506.
693 4665 716 4696 n.
737 4653 795 4705 1376,
811 4659 897 4696 annot.
910 4651 1098 4695 1.-Comltlssa
1112 4662 1175 4695 vero
1190 4651 1221 4694 de
1236 4652 1328 4696 Niebla
1344 4660 1402 4696 erat
1418 4650 1545 4695 Eleonora
1558 4650 1589 4693 dc

367 4721 520 4782 Sotomayor
531 4729 556 4769 et
567 4725 672 4779 Zutllga.
684 4723 750 4768 Vlde
763 4723 882 4768 Litterae
893 4721 1122 4777 Quadrimestres,
1133 4729 1152 4768 t.
1163 4733 1199 4775 tu,
1210 4735 1269 4778 pag.
1279 4723 1314 4768 98.
