3642 5350
769 464 833 526 Aa.
855 463 926 525 rae
1405 434 1470 529 roa

229 626 274 674 ex
287 610 419 675 nostris
434 628 603 691 capacem
618 610 806 675 aedificare
825 612 1030 691 voluerunt;
1051 620 1101 690 ut,
1119 612 1149 676 si
1165 613 1295 678 vellent
1315 614 1383 695 ipsi
1400 616 1457 679 vel

229 734 454 813 successores
469 718 686 783 dotationem
702 734 845 798 augere,
862 718 1034 783 habitatio
1050 718 1102 782 eis
1116 737 1188 784 non
1203 720 1353 786 deesset.

290 825 383 891 3054.
424 824 478 891 De
494 826 631 890 ratione
646 835 765 889 autem
786 825 939 906 augendi
960 826 1177 891 dotationem
1193 825 1268 907 jam
1288 829 1459 895 sollicitus

232 951 311 999 esse
326 934 531 1014 incipiebat,
547 942 582 997 et
597 933 683 997 satis
698 932 884 1014 diligenter
899 932 974 1013 ejus
989 950 1080 998 uxor
1094 931 1169 1014 ejus
1183 937 1391 1001 memoriam
1404 954 1459 1002 re·

232 1041 406 1119 novabat,
433 1058 523 1121 quae
544 1041 580 1105 in
605 1040 733 1105 affectu
758 1039 958 1103 devotionis
979 1058 1067 1121 erga
1085 1038 1297 1108 Societatem
1317 1045 1403 1108 nulli
1423 1044 1460 1107 in

233 1148 405 1229 Hispania
420 1148 578 1213 cedebat.
595 1148 639 1213 Et
661 1147 753 1229 quod
768 1147 806 1212 hi
820 1147 940 1212 Duces
960 1164 1126 1227 magnam
1146 1149 1183 1213 in
1202 1150 1394 1231 hispalensi
1414 1152 1459 1215 ci-

232 1256 343 1319 vitate
358 1256 606 1320 auctoritatem
621 1253 809 1333 habebant,
826 1271 950 1319 eorum
964 1255 1211 1320 benevolentia
1227 1257 1384 1338 Collegio
1399 1258 1458 1322 Hi·

231 1363 386 1444 spalensi
402 1365 550 1427 multum
564 1361 750 1443 profutura
765 1361 965 1427 videbatur.
989 1362 1145 1427 Curabat
1167 1373 1286 1429 autem
1305 1363 1460 1431 Ducissa

231 1470 417 1550 diligenter
442 1470 627 1535 materiam
652 1468 811 1533 aedificio
836 1471 1077 1535 necessariam
1102 1473 1338 1553 comportari,
1365 1473 1460 1555 quod
1490 1505 1494 1511 ·

232 1578 337 1643 unico
352 1594 446 1643 anno
469 1578 655 1643 absolvere
677 1577 837 1657 volebat,
854 1586 893 1642 ut
907 1577 1000 1642 intra
1020 1577 1200 1644 biennium
1218 1588 1340 1661 posset
1359 1599 1381 1645 a
1399 1599 1458 1645 no·

233 1686 316 1749 stris
330 1685 494 1751 habitari.

292 1792 382 1856 3055.
427 1792 516 1879 ¹Cum
532 1792 729 1859 Granatam
744 1793 844 1857 initio
859 1791 965 1873 hujus
979 1794 1064 1857 anni
1077 1794 1114 1858 P.
1132 1795 1362 1861 Bustamante
1376 1795 1458 1861 Pro-

235 1900 397 1965 vincialis
416 1900 588 1981 venisset,
608 1909 645 1964 et
662 1901 900 1965 universalem
925 1901 1010 1965 cleri
1035 1909 1069 1963 et
1094 1902 1213 1982 populi
1235 1902 1459 1969 devotionem

233 2024 321 2087 erga
344 2006 558 2072 Societatem
578 2008 731 2088 videret,
751 2007 854 2072 facile
875 2007 1047 2071 intellexit
1067 2025 1113 2073 ex
1131 2012 1368 2091 propensione
1392 2010 1458 2077 Ar·

233 2114 625 2197 chiepiscopipopulum
637 2132 738 2179 suam
751 2115 906 2194 auxisse,
919 2115 1078 2180 velcerte
1089 2115 1165 2197 eJus
1176 2118 1458 2183 benevolentiam

232 2223 314 2289 inde
324 2240 454 2303 magna
467 2242 512 2287 ex
523 2232 623 2303 parte
634 2223 848 2304 promoveri.
863 2222 1036 2303 Cupiebat
1047 2222 1349 2306 Archiepiscopus
1356 2244 1459 2291 suam

231 2332 422 2396 dioecesim
441 2330 641 2395 hominibus
661 2328 849 2395 Societatis
864 2331 1006 2410 plenam
1020 2348 1111 2410 esse,
1127 2340 1162 2395 et
1176 2333 1296 2398 multis
1311 2333 1456 2399 eleemo-

231 2437 342 2521 syniS,
356 2452 390 2503 et
402 2438 621 2503 defendendo
632 2437 846 2502 Societatem
857 2455 900 2502 ac
912 2455 991 2502 sese
1004 2439 1214 2519 opponendo
1228 2440 1456 2506 detractioni·

230 2546 307 2627 buS,
325 2547 433 2612 animi
448 2546 502 2610 sui
518 2545 684 2610 affectum
699 2546 786 2610 satis
801 2545 1012 2626 testabatur;
1028 2556 1063 2610 et
1078 2546 1128 2610 ita
1143 2547 1314 2628 quidquid
1328 2549 1407 2613 aliis
1421 2550 1458 2613 in

229 2654 317 2719 locis
331 2654 512 2735 negotium
527 2653 658 2719 nostris
672 2651 849 2718 facessere
864 2653 1011 2734 solebat,
1024 2652 1060 2718 id
1076 2652 1259 2719 Grauatae
1273 2654 1457 2739 Archiepi·

230 2764 329 2845 scopi
344 2763 539 2827 auctoritas
555 2770 590 2825 et
606 2761 764 2826 charitas
779 2760 988 2841 dissipabat.

289 2869 380 2934 3056.
425 2869 514 2934 Cum
528 2869 761 2933 intellexisset
780 2869 838 2932 ille
854 2886 875 2932 a
891 2867 1101 2951 quibusdam
1123 2868 1267 2934 domurn
1285 2889 1379 2935 anno
1397 2889 1451 2936 su-

231 2979 362 3060 periori
376 2985 531 3058 emptam
546 2992 672 3057 parum
686 2993 764 3040 esse
778 2975 912 3040 nostris
930 2976 1136 3041 ministeriis
1151 2978 1457 3043 accommodatam

231 3095 266 3150 et
290 3102 417 3169 parum
442 3072 636 3163 salubrem,
657 3083 779 3148 statim
798 3083 845 3147 ad
864 3084 970 3148 aliam
992 3084 1271 3165 comparandam
1286 3086 1457 3150 auxilium

231 3193 317 3258 dare
332 3192 460 3272 voluit;
476 3199 510 3255 et
524 3199 563 3255 ut
582 3191 736 3256 diximus
757 3188 783 3272 ¹,
799 3191 894 3255 mille
915 3207 1043 3256 aureos
1063 3193 1199 3257 obtulit.
1222 3191 1359 3258 Civitas
1378 3193 1457 3274 ipsa

230 3300 376 3365 totidem
396 3297 583 3378 offerebat,
608 3305 643 3362 et
662 3297 769 3378 aliqui
789 3297 895 3362 amici
917 3316 982 3362 sua
1003 3298 1147 3363 auxilia.
1168 3300 1213 3365 Et
1234 3317 1314 3365 curn
1333 3300 1458 3364 Archi·

230 3407 417 3490 episcopus
438 3415 511 3472 tam
533 3407 627 3470 serio
647 3406 691 3470 de
712 3402 913 3485 hujusmodi
935 3404 1039 3469 domo
1059 3405 1300 3486 comparanda
1323 3416 1456 3488 ageret,

229 3535 300 3580 non
315 3526 368 3582 est
389 3533 499 3582 ausus
517 3514 556 3579 P.
577 3515 807 3579 Bustamante
826 3511 987 3577 Granata
1005 3499 1189 3590 recedere,
1210 3513 1324 3578 donec
1343 3513 1389 3578 ad
1411 3513 1457 3578 es·

230 3622 361 3689 sectum
376 3643 433 3688 res
448 3624 537 3688 haec
558 3621 804 3687 deduceretur.

289 3731 379 3796 3057.
417 3730 486 3796 Sed
498 3747 578 3794 cum
589 3727 914 3794 animadverterent
929 3745 1188 3809 quamcumque
1203 3728 1345 3792 domum
1357 3728 1457 3793 emis·

231 3849 320 3919 sent,
344 3840 455 3905 multa
470 3855 548 3902 esse
567 3835 739 3902 diruenda
762 3846 795 3900 et
819 3834 1055 3914 aedificanda,
1082 3845 1120 3899 ut
1142 3835 1187 3899 ad
1206 3852 1291 3899 usus
1312 3845 1457 3899 nostrae

231 3945 419 4012 Societatis
435 3945 665 4011 accommoda
680 3943 899 4023 redderetur;
916 3943 1005 4006 ursit
1018 3941 1338 4024 Archiepiscopus,
1354 3952 1392 4006 ut
1407 3943 1458 4006 in·

230 4053 333 4118 terim
358 4054 483 4118 domus
503 4053 572 4118 alia
598 4051 855 4117 conduceretur
875 4050 1060 4131 capacior,
1077 4049 1255 4114 salubrior
1273 4058 1309 4114 et
1326 4049 1458 4113 nostris

231 4160 434 4226 ministeriis
448 4160 722 4242 congruentior,
739 4167 773 4222 et
787 4159 936 4239 ipsemet
951 4175 1015 4238 pro
1030 4174 1097 4221 sua
1117 4157 1291 4222 charitate
1307 4156 1458 4221 nobilem

231 4268 418 4350 quemdam
433 4269 550 4334 virum
566 4267 678 4332 adivit
691 4265 787 4331 domi
801 4283 898 4346 suae,
916 4274 953 4329 ut
968 4266 1102 4330 nostris
1115 4265 1258 4330 domum
1272 4265 1383 4347 ipsius
1397 4264 1458 4328 im·

230 4384 398 4455 petraret.

290 4482 381 4548 3058.
425 4482 514 4548 Cum
538 4483 648 4562 igitur
672 4483 778 4546 situm
804 4491 1043 4562 opportunum
1067 4479 1250 4545 Grauatae
1273 4479 1461 4547 emendum

236 4643 447 4654 ——-

273 4727 281 4762 ¹
311 4725 403 4785 Supra,
414 4739 439 4774 u.
450 4726 511 4774 2966.

374 4817 413 4880 Τ.
433 4835 476 4878 rt.
