3642 5350
343 380 399 446 att
800 382 929 449 ennon.
948 385 1026 448 Soc.
1046 386 1119 463 Jns.

343 531 624 613 lutheranorum,
649 526 741 615 quae
766 534 943 599 dicebant:
966 533 1023 599 “Si
1043 534 1261 600 Ratisbonae
1285 540 1413 616 pergat
1433 526 1573 595 concio·

347 638 426 703 nari
440 656 556 704 novus
570 639 636 705 iste
651 641 893 721 concionator,
910 652 1031 707 actum
1045 652 1100 707 est
1114 643 1158 707 de
1172 642 1240 707 tide
1254 652 1407 719 nostra,

411 746 498 811 1416.
542 746 631 812 Cum
655 758 774 813 autem
798 748 1054 829 Ingolstadium
1077 750 1257 815 rediturus
1280 756 1386 826 esset,
1410 746 1574 811 canonici

349 871 471 918 omnes
484 854 618 936 pariter
631 855 747 935 ipsum
766 856 942 936 adierunt,
962 867 1001 921 ut
1013 856 1145 923 ibidem
1158 856 1374 921 commorari
1387 867 1422 919 et
1437 855 1473 919 in
1487 870 1574 918 con·

348 960 509 1025 cionibus
524 962 736 1027 catholicam
750 964 938 1028 veritatem
952 981 1151 1046 proponere
1165 973 1342 1046 pergeret,
1357 961 1575 1027 uberrimum

350 1068 504 1140 fructum
519 1070 736 1151 pollicentes,
749 1079 784 1134 et
799 1070 843 1135 ad
857 1070 993 1152 Regem
1007 1071 1248 1136 Romanorum
1262 1088 1301 1135 se
1315 1070 1523 1151 scripturos,
1537 1080 1578 1131 ut

353 1176 422 1239 sibi
436 1177 702 1256 concederetur,
718 1176 953 1242 affirmabant.

418 1282 506 1346 1417.
549 1282 650 1348 Soliti
664 1294 766 1348 erant
781 1286 904 1363 nostri,
921 1294 995 1349 tam
1012 1286 1219 1350 sacerdotes
1238 1277 1345 1367 uuam
1364 1284 1424 1348 alii
1438 1283 1579 1361 fratres,

355 1398 584 1471 aegrotantes
607 1390 773 1470 invisere,
799 1392 944 1456 eosdem
969 1393 1148 1457 consolari
1173 1409 1216 1456 ac
1241 1390 1365 1456 salutis
1387 1390 1581 1472 spiritualis

355 1497 473 1561 cibum
487 1497 699 1562 ministrare.
715 1498 804 1564 Cum
824 1499 933 1578 igitur
946 1510 1184 1565 mercatorem
1203 1499 1404 1581 quemdam,
1419 1499 1456 1563 in
1472 1498 1581 1561 luthe-

356 1620 446 1668 rana
463 1604 605 1668 haeresi
622 1604 947 1684 obstinatissimum,
968 1607 1110 1687 saepius
1129 1606 1335 1686 inviserent,
1351 1614 1387 1669 et
1407 1606 1454 1670 ad
1467 1604 1581 1668 sanio·

357 1728 433 1775 rem
444 1720 597 1777 mentem
608 1711 993 1792 adhortarentur,nihil
1002 1714 1119 1778 minus
1130 1714 1187 1778 ille
1197 1731 1236 1777 se
1247 1713 1425 1777 facturum
1434 1710 1582 1775 affirma·

357 1819 418 1881 bat
432 1835 538 1899 quam
553 1828 592 1883 ut
604 1820 736 1883 nostris
750 1819 923 1885 crederet.
939 1820 1010 1886 Sed
1020 1822 1163 1886 tandem
1178 1820 1311 1885 Christi
1325 1820 1442 1900 gratia
1456 1820 1584 1884 durum

358 1923 434 2006 ejus
448 1928 606 1991 animum
619 1927 802 2007 emollivit,
819 1938 853 1992 et
868 1928 1104 2008 ignorantiae,
1120 1937 1182 1992 aut
1201 1927 1293 1992 forte
1306 1926 1475 2003 malitiae,
1491 1928 1584 1990 vela·

359 2050 440 2098 men
464 2034 509 2098 ab
534 2034 645 2098 oculis
669 2033 789 2121 cordis
810 2034 886 2115 ejus
907 2036 1063 2114 abstulit,
1086 2033 1187 2116 cujus
1211 2034 1399 2099 conversio
1425 2031 1540 2114 majus
1564 2050 1586 2095 a

358 2141 568 2223 quibusdam
583 2140 650 2205 Dei
665 2142 876 2206 miraculum
891 2142 1161 2207 existimabatur
1176 2160 1283 2224 quam
1302 2143 1333 2205 si
1347 2150 1526 2206 mortuum
1541 2138 1587 2204 ad

359 2249 472 2312 vitam
495 2257 715 2312 revocasset.
734 2247 887 2328 Quidam
913 2250 1020 2313 etiam
1044 2250 1105 2313 alii
1123 2249 1285 2330 germani
1308 2247 1354 2313 ad
1373 2248 1588 2312 catholicam

359 2355 567 2435 religionem
595 2372 659 2435 per
685 2364 889 2419 nostrorum
917 2356 1151 2421 ministerium
1179 2374 1201 2420 a
1232 2355 1387 2420 Domino
1417 2363 1499 2419 sunt
1529 2353 1588 2418 ad·

361 2461 468 2527 ducti.
485 2460 529 2525 Et
543 2462 589 2525 ad
603 2462 714 2528 vitam
729 2463 949 2543 spiritualem
962 2464 1162 2527 restitutam
1177 2463 1265 2527 haec
1279 2463 1467 2544 pertinent.

423 2568 510 2633 1418.
554 2568 613 2634 Ad
627 2569 848 2651 corporalem
866 2580 985 2635 autem
1004 2571 1092 2635 illud
1112 2571 1275 2651 pertinet,
1300 2570 1394 2652 quod
1416 2587 1497 2634 cum
1517 2586 1591 2634 ma·

361 2688 465 2743 trona
486 2679 663 2760 quaedam
682 2679 832 2743 honesta
851 2678 896 2743 ad
917 2693 1067 2744 mortem
1085 2697 1198 2761 usque
1213 2687 1417 2760 aegrotaret
1436 2688 1472 2742 et
1495 2678 1592 2742 nulla

362 2785 559 2850 medicinae
575 2795 652 2849 arte
663 2784 737 2866 jam
749 2784 870 2867 juvari
884 2795 1016 2867 posset,
1033 2804 1115 2851 cum
1133 2784 1278 2867 quidam
1296 2803 1342 2850 ex
1360 2785 1495 2849 nostris
1512 2801 1592 2848 eam

362 2893 567 2972 inviserent,
585 2891 705 2958 statim
720 2893 865 2956 sanitati
879 2902 934 2957 est
948 2892 1123 2958 restituta.

425 2999 514 3064 1419.
558 2999 662 3080 Quod
685 3001 731 3063 ad
759 2979 1035 3065 convictorum·
1058 3009 1192 3065 statum
1224 3000 1362 3079 attinet,
1383 3000 1414 3064 si
1439 3016 1595 3081 unquam

365 3108 467 3188 alias,
490 3107 560 3172 hoc
579 3125 674 3172 anno
694 3125 732 3171 se
751 3107 882 3189 optime
901 3117 1107 3188 gesserunt,
1130 3117 1302 3172 eteorum
1319 3106 1493 3190 pacificus
1515 3123 1596 3170 con·

364 3215 483 3279 victus
496 3223 532 3278 et
545 3215 581 3279 in
596 3214 752 3278 moribus
767 3224 802 3279 et
816 3215 943 3280 studiis
963 3214 1142 3295 profectus
1162 3215 1212 3279 ita
1226 3215 1406 3280 excitabat
1426 3214 1596 3279 nobilium

367 3339 410 3386 ac
429 3331 637 3401 magnatum
657 3322 808 3402 animos,
829 3331 868 3386 ut
887 3324 1090 3404 complures
1105 3323 1262 3404 ipsorum
1277 3323 1418 3402 magnis
1433 3322 1598 3403 precibus

367 3429 621 3495 contenderent
642 3446 727 3493 suos
745 3429 875 3494 llberos
898 3431 993 3511 apud
1012 3440 1155 3494 nostros
1175 3431 1363 3510 collocare,
1381 3429 1445 3494 sed
1459 3429 1599 3492 illorum

368 3537 463 3601 votis
490 3545 635 3618 propter
667 3536 894 3601 habitationis
927 3539 1114 3618 angustias
1141 3536 1307 3602 satisfieri
1339 3554 1410 3600 non
1446 3544 1599 3617 poterat;

368 3643 533 3727 quamvis
543 3643 614 3708 duo
625 3643 816 3724 primariae
824 3643 1009 3724 dignitatis
1020 3645 1090 3709 viri
1101 3662 1165 3725 per
1175 3662 1214 3708 se
1225 3653 1260 3708 et
1270 3662 1334 3725 per
1346 3645 1436 3708 alios
1448 3659 1600 3722 magnae

370 3750 596 3815 auctoritatis
610 3751 771 3814 homines
786 3751 838 3815 sic
853 3751 1089 3816 sollicitarunt
1102 3763 1265 3832 nostros,
1283 3761 1319 3814 ut
1340 3751 1457 3814 coacti
1475 3749 1546 3813 sint
1564 3749 1602 3812 in

371 3867 510 3922 arctum
525 3857 615 3922 alios
630 3855 808 3938 redigere,
824 3870 863 3922 ut
877 3875 957 3938 eos,
977 3875 1042 3939 pro
1064 3858 1191 3938 quibus
1209 3859 1439 3938 urgebantur,
1465 3855 1604 3935 excipe·

372 3967 461 4029 rent.
478 3964 550 4030 Alii
564 3964 637 4028 suis
651 3965 849 4046 sumptibus
861 3966 1023 4030 cubicula
1035 3983 1131 4029 nova
1143 3965 1332 4030 aedificare
1344 3964 1545 4046 cupiebant,
1559 3979 1604 4026 ne

372 4073 497 4136 eorum
510 4071 651 4136 defectu
665 4072 766 4136 liberi
778 4073 937 4154 ipsorum
951 4072 1235 4137 excluderentur.

438 4177 527 4242 1420.
568 4177 793 4243 Novitiorum
821 4180 964 4259 domus,
996 4197 1087 4262 quae
1117 4177 1306 4259 conjuncta
1331 4187 1409 4243 erat
1437 4178 1607 4257 Collegi0,

376 4288 484 4351 immo
509 4303 594 4368 pars
616 4287 709 4350 illius
733 4287 761 4366 ¹,
784 4288 851 4351 hoc
876 4303 971 4351 anno
993 4304 1140 4351 numero
1165 4288 1383 4352 novitiorum
1404 4297 1511 4350 aucta
1531 4283 1608 4350 fult.

422 4563 430 4598 Ι
458 4562 526 4608 Vide
535 4573 624 4619 snpra,
634 4569 653 4608 t.
664 4575 689 4617 v,
701 4573 761 4619 pag.
771 4563 820 4618 2211,
831 4577 854 4609 n.
864 4564 913 4620 651,
924 4572 951 4609 et
961 4574 1015 4621 req.

422 4637 434 4670 ¹
461 4635 527 4681 Vide
537 4646 623 4692 supra,
635 4642 653 4680 t.
664 4647 700 4690 ιν,
710 4648 771 4692 pag.
780 4635 829 4692 uod,
840 4649 864 4682 n.
875 4637 924 4692 561,
934 4643 960 4682 et
971 4643 988 4682 t.
999 4649 1026 4693 v,
1038 4649 1101 4693 pag.
1111 4638 1158 4689 237,
1167 4650 1191 4684 ιι.
1199 4638 1247 4683 681.
